4148 6190
339 307 495 368 1873

330 461 464 500 eum
487 446 789 516 pertineat,
809 449 1033 506 nullum
1059 449 1280 506 scilicet
1300 449 1538 505 omnino
1568 448 1906 521 peccatum?
1927 449 2033 500 Per

337 536 446 591 hoc
469 536 625 591 enim
650 543 735 594 est
755 539 1023 595 diabolus
1046 539 1313 611 princeps
1346 539 1569 595 mundi.
1593 539 1717 594 Non
1740 538 1893 594 enim
1919 534 2042 591 cceli

335 629 394 683 et
441 632 605 682 terris
659 633 716 684 et
764 631 1028 686 omnium
1072 647 1198 702 quae
1248 631 1305 685 in
1347 632 1428 686 eis
1471 638 1626 698 sunt,
1659 637 1740 684 est
1772 627 2042 684 diabolus

339 717 632 789 princeps,
663 736 780 792 qua
810 719 1234 792 significatione
1265 721 1607 793 intelligitur
1637 721 1914 786 mundus,
1948 717 2042 772 ubi

335 807 561 864 dictum
591 814 701 876 est,
726 812 788 865 Et
819 811 1058 866 mundus
1080 828 1178 882 per
1205 828 1329 867 eum
1358 814 1540 882 factus
1565 818 1645 866 est
1671 830 1686 865 :
1709 811 1803 864 sed
1839 806 2042 863 mundi

335 903 426 954 est
474 899 744 956 diabolus
796 902 1084 974 princeps,
1129 903 1196 958 de
1239 919 1355 973 quo
1408 903 1627 958 mundo
1659 901 1734 955 ibi
1770 898 2045 954 continuo

335 989 644 1061 subjungit
661 995 835 1062 atque
851 991 951 1058 ait,
968 993 1028 1047 Et
1049 992 1283 1047 mundus
1304 1008 1430 1048 eum
1460 1008 1564 1047 non
1590 991 1841 1059 cegnovit
1870 990 2044 1057 (Joan.

338 1097 379 1145 ι,
419 1080 526 1152 10),
563 1081 670 1137 hoc
717 1087 806 1139 est
854 1083 1118 1140 homines
1163 1083 1448 1152 infideles,
1481 1083 1696 1154 quibus
1747 1085 1864 1136 toto
1912 1079 2048 1134 orbe

339 1172 632 1227 terrarum
660 1175 918 1230 mundus
941 1180 1028 1230 est
1051 1175 1259 1248 plenus
1284 1193 1296 1230 :
1320 1176 1470 1230 inter
1490 1191 1634 1245 quos
1666 1171 1843 1244 gemit
1865 1169 2048 1224 fidelis

341 1263 623 1329 mundus,
647 1280 821 1335 quem
847 1266 914 1319 de
942 1267 1156 1321 mundo
1187 1265 1380 1336 elegit.
1407 1281 1505 1336 per
1536 1280 1710 1335 quem
1746 1264 1930 1318 factus
1961 1264 2050 1315 est

341 1351 634 1419 mundus;
665 1353 735 1406 de
768 1369 880 1424 quo
917 1353 1037 1425 ipse
1081 1354 1242 1423 dicit,
1275 1355 1388 1409 Non
1424 1356 1566 1409 venit
1617 1352 1791 1408 Filius
1811 1351 2051 1406 hominis

340 1445 400 1495 ut
433 1440 635 1507 iudicet
665 1444 953 1506 mundum,
986 1445 1080 1500 sed
1109 1453 1169 1500 ut
1197 1446 1438 1500 salvetur
1475 1444 1709 1499 mundus
1744 1459 1842 1514 per
1876 1442 2051 1512 ipsum

341 1531 448 1600 (ld.
483 1547 566 1598 ιιι,
606 1534 714 1605 17).
749 1535 1001 1592 Mundus
1052 1551 1118 1592 eo
1158 1535 1463 1607 judicante
1512 1536 1846 1602 damnatur,
1882 1547 2049 1586 mun-

341 1622 456 1676 dus
503 1638 569 1678 eo
617 1623 990 1680 subveniente
1039 1624 1296 1681 salvatur
1330 1642 1342 1680 :
1377 1625 1646 1697 quoniam
1692 1624 1842 1678 sicut
1883 1620 2054 1676 arbor

342 1711 497 1766 foliis
546 1720 598 1767 et
647 1713 855 1782 pomis,
906 1714 1058 1770 sicut
1111 1732 1240 1771 area
1293 1714 1474 1787 paleis
1516 1723 1568 1769 et
1611 1711 1943 1780 frumentis,
1976 1710 2054 1764 ita

343 1798 683 1857 infidelibus
715 1805 772 1857 et
802 1802 1070 1859 ﬁdelibus
1121 1803 1323 1874 plenus
1353 1808 1442 1860 est
1472 1803 1746 1858 mundus.
1781 1799 2055 1868 Princeps

343 1905 483 1961 ergo
516 1890 720 1946 mundi
751 1891 950 1962 hujus,
984 1893 1090 1948 hoc
1124 1899 1210 1950 est
1242 1894 1511 1965 princeps
1543 1893 1912 1948 tenebrarum
1943 1887 2055 1943 ha-

345 1997 501 2048 rum,
540 1981 595 2035 id
628 1986 717 2037 est
755 1982 1116 2051 inﬁdelium;
1151 1986 1222 2039 de
1263 1986 1475 2054 quibus
1513 1984 1734 2038 eruitur
1773 1980 2052 2048 mundus,

344 2071 564 2140 quibus
588 2070 818 2140 dicitur,
838 2074 1039 2128 Fuistis
1060 2074 1356 2146 aliquando
1380 2074 1620 2130 tenebrae
1637 2091 1655 2135 ;
1689 2088 1839 2127 nunc
1868 2077 2052 2126 autem

343 2163 448 2215 tua:
471 2160 528 2215 in
566 2163 784 2217 Domino
807 2163 1021 2234 (Ephes.
1045 2181 1097 2230 ν,
1121 2166 1214 2234 8):
1243 2166 1509 2235 princeps
1544 2163 1744 2218 mundi
1777 2162 1953 2232 hujus
1984 2160 2055 2213 de

344 2265 461 2320 quo
498 2250 635 2306 alibi
670 2251 831 2322 dicit,
870 2254 1025 2308 Nunc
1049 2254 1307 2326 princeps
1332 2254 1526 2309 mundi
1556 2255 1718 2320 huius
1749 2253 1946 2307 missus
1977 2256 2054 2304 est

338 2343 491 2408 [oras
528 2343 710 2408 (Joan.
744 2358 846 2410 xu,
878 2343 989 2414 31),
1029 2343 1230 2415 utique
1272 2344 1570 2413 judicatus
1619 2347 1740 2407 est;
1775 2340 2051 2413 quoniam

336 2428 565 2499 judicio
598 2431 747 2500 ignis
779 2433 974 2487 aeterni
1013 2432 1464 2489 irrevocabiliter
1492 2433 1817 2489 destinatus
1846 2436 1954 2487 est.
1992 2433 2055 2483 Et

340 2517 410 2573 de
434 2518 542 2573 hoc
567 2519 1000 2591 itaquejudicio
1028 2538 1141 2593 quo
1169 2523 1432 2593 princeps
1457 2523 1759 2592 judicatus
1780 2525 1870 2576 est
1893 2536 2054 2575 mun-

338 2606 420 2674 di,
450 2607 709 2678 arguitur
741 2628 774 2664 a
805 2609 1025 2681 Spiritu
1061 2615 1262 2668 sancto
1292 2612 1576 2680 mundus;
1608 2610 1884 2683 quoniam
1918 2625 2049 2664 cum

337 2713 445 2752 suo
480 2697 741 2769 principe
763 2698 1086 2768 judicatur,
1109 2717 1281 2771 quem
1314 2701 1599 2773 superbus
1630 2705 1804 2770 atque
1835 2698 2050 2770 impius

335 2786 606 2842 imitatur
633 2791 672 2843 ¹.
698 2787 759 2843 Si
778 2787 928 2843 enim
960 2790 1119 2858 Deus,
1145 2790 1296 2846 sicut
1323 2790 1461 2847 dicit
1491 2789 1790 2861 apostolus
1822 2791 2048 2856 Petrus,

331 2876 693 2948 peccantibus
712 2880 924 2949 angelis
947 2894 1055 2934 non
1072 2879 1449 2950 pepercit,sed
1460 2879 1769 2935 carceribus
1794 2877 2049 2948 caliginis

337 2967 508 3039 inferi
560 2969 850 3025 retrudens
903 2969 1134 3025 tradidit
1167 2974 1224 3024 in
1261 2970 1477 3042 judicio
1508 2970 1812 3042 puniendos
1841 2969 2052 3024 servari

337 3057 408 3127 (ll
446 3062 597 3112 Petr.
635 3075 696 3121 ιι,
731 3059 812 3128 4);
847 3059 1139 3129 quomodo
1174 3075 1286 3113 non
1314 3059 1585 3129 aSpiritu
1617 3063 1820 3113 sancto
1843 3059 1910 3112 de
1941 3057 2048 3112 hoc

338 3146 565 3218 judicio
617 3149 872 3202 mundus
921 3148 1210 3216 arguitur,
1243 3147 1479 3218 quando
1510 3148 1571 3204 in
1601 3148 1814 3219 Spiritu
1846 3151 2048 3202 sancto

341 3237 464 3291 haec
494 3235 752 3308 loquitur
782 3236 1094 3308 Apostolus
1115 3238 1141 3292 ‘t
1169 3238 1420 3293 Credant
1448 3239 1647 3308 itaque
1694 3237 1958 3292 homines
1991 3238 2048 3292 in

341 3324 665 3394 Christum,
698 3342 769 3381 ne
800 3334 1119 3399 arguantur
1148 3327 1216 3382 de
1249 3331 1483 3398 peccato
1515 3325 1876 3382 infidelitatis
1907 3343 2045 3391 suae,

340 3432 458 3487 quo
482 3425 713 3484 peccata
735 3418 933 3472 omnia
955 3419 1634 3474 detinenturztranseant
1657 3420 1713 3473 in
1738 3433 2048 3473 numerum

342 3505 630 3571 fidelium,
658 3523 728 3562 ne
756 3512 1074 3579 arguantur
1097 3510 1167 3563 de
1192 3507 1427 3578 justitia
1454 3525 1677 3576 eorum,
1702 3525 1845 3581 quos
1869 3509 2051 3580 justi-

339 3597 546 3651 ﬁcatos
571 3612 686 3651 non
714 3595 1057 3653 imitantur:
1083 3602 1324 3653 caveant
1356 3598 1617 3653 futurum
1642 3598 1955 3669 judicium,
1982 3613 2050 3653 ne

339 3703 475 3741 cum
503 3687 711 3741 mundi
737 3687 1369 3759 principejudicentur,
1387 3705 1557 3759 quem
1575 3688 1904 3759 judicatum
1930 3688 2050 3744 imi-

339 3779 565 3832 tantur.
598 3777 816 3832 Etenim
852 3793 922 3831 ne
954 3777 1065 3832 sibi
1098 3778 1387 3833 existimet
1418 3780 1574 3848 parci
1606 3779 1874 3849 superbia
1905 3780 2051 3833 dura

341 3865 702 3934 mortalium,
728 3867 798 3923 de
827 3868 1217 3938 superborum
1250 3867 1537 3938 supplicio
1561 3873 1828 3925 terrenda
1850 3873 1934 3925 est
1955 3886 2050 3925 an-

341 3956 618 4029 gelorum.

879 4067 1298 4123 TRACTATUS
1341 4066 1527 4124 XCVI.

337 4185 399 4238 In
437 4183 565 4240 haec
593 4184 778 4249 verba,
813 4183 1018 4239 Adhuc
1053 4184 1238 4240 multa
1285 4183 1469 4240 habeo
1502 4184 1664 4240 vobis
1694 4184 1914 4253 dicere;
1951 4187 2049 4241 sed

412 4289 529 4328 non
564 4273 806 4344 potestis
837 4280 1060 4345 portare
1093 4275 1261 4331 modo
1288 4291 1300 4329 :
1325 4291 1455 4329 cum
1483 4279 1674 4330 autem
1707 4276 1925 4330 venerit
1956 4275 2050 4330 ille

409 4363 661 4432 Spiritus
706 4363 983 4426 veritatis,
1019 4364 1243 4420 docebit
1291 4381 1393 4420 vos
1444 4380 1674 4420 omnem
1720 4365 2045 4421 veritatem.

413 4451 544 4523 Cap.
578 4469 694 4523 XVI,
728 4454 760 4522 Ῡ
791 4455 842 4522 ᾗ.
880 4454 965 4521 12,
1004 4453 1085 4508 13.

415 4581 466 4636 1.
503 4581 564 4635 In
601 4581 710 4637 isto
741 4581 930 4637 sancti
981 4580 1275 4652 Evangelii
1310 4580 1589 4651 capitulo,
1624 4581 1719 4636 ubi
1764 4581 2050 4636 Dominus

339 4670 420 4725 ait
444 4669 756 4742 discipulis
782 4672 921 4738 suis,
943 4670 1136 4726 Adhuc
1168 4672 1344 4726 multa
1376 4671 1542 4726 habeo
1567 4672 1711 4727 vobis
1734 4672 1936 4738 dicere,
1958 4672 2051 4726 sed

335 4776 444 4816 non
469 4762 701 4830 potestis
729 4768 951 4829 portare
984 4759 1157 4828 modo,
1182 4761 1342 4832 prius
1365 4762 1741 4831 quaerendum
1777 4761 1916 4815 illud
1954 4778 2049 4815 oc-

339 4853 548 4916 currit,
571 4851 860 4920 quomodo
893 4851 1162 4919 superius
1194 4851 1424 4910 dixerit.
1443 4851 1639 4906 Omnia
1663 4866 1788 4922 qua:
1808 4851 1996 4907 audivi
2016 4869 2048 4905 a

339 4945 515 4994 Patre
547 4955 686 5005 meo,
717 4949 845 4995 nota
872 4942 978 5010 feci
1006 4941 1153 4994 vobis
1183 4942 1358 5010 (Joan.
1388 4957 1480 5003 xv,
1509 4941 1594 5010 15)
1621 4957 1632 4993 :
1666 4947 1720 4994 et
1754 4941 1842 4995 hic
1873 4943 2044 5002 dicat,

340 5029 529 5086 Adhuc
557 5033 732 5084 multa
755 5031 926 5085 habeo
950 5030 1093 5084 vobis
1113 5030 1310 5098 dicere,
1331 5030 1427 5086 Sed
1448 5046 1558 5085 non
1579 5033 1803 5100 potestis
1825 5038 2047 5101 portare

338 5119 515 5175 modo.
551 5118 768 5174 Verum
819 5119 963 5175 illud
1014 5120 1304 5190 quomodo
1334 5120 1557 5186 dixerit,
1591 5121 1744 5190 quod
1790 5122 2044 5174 nondum

339 5209 548 5265 fecerat
602 5216 881 5280 tanquam
935 5211 1151 5278 fecerit,
1185 5210 1339 5264 sicut
1387 5226 1454 5264 ea
1494 5226 1620 5279 quas
1655 5211 1846 5264 futura
1887 5216 2043 5277 sunt,

342 5301 517 5355 Deum
554 5299 760 5354 fecisse
798 5301 1075 5370 propheta
1107 5307 1346 5355 testatur
1377 5302 1602 5368 dicens,
1638 5301 1740 5368 Qui
1767 5301 1894 5367 fecit
1927 5317 2045 5371 quae

334 5392 535 5458 futura
582 5395 714 5446 sunt
760 5390 904 5456 (lsai.
937 5407 1064 5458 xcv,
1103 5392 1188 5455 11,
1219 5407 1323 5446 see.
1370 5390 1542 5455 LXX),
1571 5392 1692 5460 jam
1741 5407 1869 5444 cum
1925 5393 2048 5460 ipsa

339 5481 507 5538 verba
557 5485 963 5547 tractaremus,
999 5486 1060 5536 ut
1101 5483 1417 5551 potuimus,
1451 5482 1849 5551 exposuimus.
1885 5479 2049 5535 Nunc

406 5606 891 5679 {Lava-superbum
923 5617 1079 5672 atque
1107 5609 1331 5671 impium
1367 5609 1622 5659 imitatur.
1655 5610 1758 5658 Nos
1788 5608 1873 5659 hic
1904 5614 1960 5658 ut
1997 5610 2047 5657 in

344 5673 496 5724 editis
529 5671 652 5722 aliis
682 5677 736 5721 et
766 5671 888 5720 Mss.

1515 309 1981 372 TRACTA'l‘US
2030 305 2226 366 XCVI.
2276 308 2531 372 CAPUT
2574 313 2731 374 XVI.

3695 318 3849 378 1874

2143 461 2277 516 ergo
2329 465 2454 519 quae
2503 450 2606 505 ista
2655 451 2773 507 sint
2822 469 2952 523 quas
3003 454 3260 523 Apostoli
3293 458 3430 512 tunc
3474 459 3702 526 portare
3735 473 3849 513 non

2154 541 2436 607 poterant,
2468 541 2642 598 vultis
2675 543 2913 600 forsitan
2948 545 3111 602 scire.
3149 547 3256 601 Sed
3291 547 3422 617 quis
3455 552 3716 603 nostrum
3749 565 3848 604 au-

2155 626 2286 682 deat
2317 645 2512 685 eorum
2549 648 2609 686 se
2644 634 2833 689 dicere
2866 636 2987 705 jam
3029 651 3323 708 capacem,
3359 654 3484 709 qua)
3528 637 3611 691 illi
3652 654 3855 709 capere

2157 731 2268 770 non
2303 717 2605 775 valebant?
2634 723 2709 776 Ac
2744 740 2843 794 per
2867 724 2971 779 hoc
3003 740 3106 779 nec
3130 742 3158 779 a
3195 742 3281 780 me
3303 726 3689 797 exspectanda
3721 733 3859 780 sunt

2157 813 2218 859 ut
2249 806 2540 876 dicantur,
2575 828 2699 882 quae
2733 814 2874 868 forte
2908 831 3018 869 non
3054 831 3337 886 caperem,
3373 815 3419 869 si
3467 815 3610 870 mihi
3643 817 3712 871 ab
3746 815 3858 870 alio

2157 893 2518 965 dicerentur;
2555 915 2657 954 nec
2690 918 2789 956 vos
2818 918 2883 957 ea
2913 908 3141 974 portare
3173 906 3443 975 possetis,
3480 905 3708 960 etiamsi
3753 919 3860 976 ego

2158 987 2353 1038 tantus
2384 1002 2591 1056 essem,
2629 994 2691 1044 ut
2739 1009 2771 1044 a
2822 1007 2912 1046 me
2961 992 3070 1047 ista
3117 1008 3242 1064 qua:
3290 994 3451 1049 vobis
3500 993 3686 1049 altiori
3720 998 3861 1050 sunt

2159 1072 2456 1128 audiretis.
2485 1079 2548 1129 Et
2575 1077 2694 1132 fieri
2720 1079 2953 1150 quidem
2977 1085 3165 1152 potest
3185 1086 3247 1136 ut
3271 1083 3386 1137 sint
3409 1082 3467 1136 in
3486 1083 3648 1137 vobis
3681 1081 3857 1153 aliqui

2158 1160 2226 1214 ad
2261 1176 2324 1214 ea
2358 1164 2636 1233 capienda
2663 1168 2782 1235 jam
2818 1169 3027 1239 idonei,
3063 1188 3191 1241 quae
3223 1170 3319 1225 alii
3355 1187 3558 1242 capere
3600 1171 3860 1226 nondum

2158 1249 2378 1318 valent;
2406 1258 2460 1307 et
2491 1256 2539 1309 si
2576 1273 2688 1311 non
2722 1260 2920 1314 omnia
2941 1261 3011 1316 de
3042 1262 3254 1331 quibus
3287 1261 3559 1332 magister
3591 1261 3743 1317 Deus
3769 1261 3863 1317 ille

2160 1348 2406 1420 diccbat,
2435 1353 2624 1409 Adhuc
2656 1358 2830 1412 multa
2861 1358 3028 1414 habeo
3055 1361 3194 1416 vobis
3217 1360 3415 1427 dicere,
3443 1365 3639 1417 tamen
3663 1377 3862 1417 eorum

2162 1438 2407 1495 fortasse
2457 1446 2734 1500 nonnulla
2770 1464 2781 1502 :
2815 1450 2914 1503 sed
2950 1465 3214 1521 quaenam
3266 1451 3385 1506 sint
3435 1451 3545 1506 ista
3575 1467 3700 1521 qum
3739 1450 3863 1522 ipse

2159 1544 2274 1583 non
2308 1529 2467 1599 dixit,
2487 1533 2862 1591 temerarium
2896 1542 2978 1592 est
3009 1537 3154 1592 velle
3188 1554 3532 1610 przesumere
3556 1555 3623 1594 ac
3653 1539 3862 1593 dicere.

2161 1617 2304 1674 Nam
2338 1624 2394 1674 et
2425 1623 2566 1676 mori
2599 1641 2700 1695 pro
2730 1625 2954 1682 Christo
3009 1629 3271 1682 nondum
3306 1633 3472 1684 erant
3502 1627 3693 1684 idonei
3727 1633 3867 1684 tunc

2160 1708 2436 1777 Apostoli,
2471 1712 2683 1781 quibus
2715 1715 2963 1784 dicebat,
2997 1717 3110 1772 Non
3139 1719 3356 1788 potestis
3389 1733 3472 1773 me
3501 1721 3650 1788 sequi
3678 1717 3869 1784 modo;

2162 1799 2316 1853 unde
2364 1800 2587 1869 primus
2637 1819 2830 1859 eorum
2886 1808 3112 1877 Petrus,
3145 1808 3245 1877 qui
3298 1807 3405 1863 hoc
3448 1808 3573 1876 jam
3606 1824 3668 1862 se
3699 1823 3869 1878 posse

2165 1897 2636 1960 praesumpserat,
2653 1893 2802 1948 aliud
2827 1901 3094 1966 expertus
3118 1901 3401 1967 estquam
3424 1897 3665 1967 putabat
3688 1898 3865 1964 (Joan.

2163 1995 2283 2046 xm,
2306 1979 2494 2050 36-38)
2521 1998 2532 2034 :
2558 1986 2612 2037 et
2633 1988 2825 2039 tamen
2851 1991 3049 2056 postea
3071 1991 3127 2041 et
3163 1987 3263 2041 viri
3300 1996 3351 2042 et
3386 1987 3679 2053 mulieres,
3707 1987 3870 2057 pueri

2163 2072 2219 2123 et
2251 2070 2476 2138 puellae,
2500 2073 2747 2142 juvenes
2779 2082 2831 2128 et
2865 2076 3138 2145 virgines,
3172 2077 3430 2133 seniores
3460 2093 3593 2132 cum
3621 2076 3869 2146 juniori-

2165 2157 2275 2214 bus
2309 2161 2765 2218 innumerabiles
2798 2166 3074 2233 martyrio
3107 2165 3364 2221 coronati
3398 2169 3571 2232 sunt;
3615 2169 3667 2220 et
3699 2179 3871 2236 posse

2162 2247 2412 2303 inventae
2445 2260 2579 2305 sunt
2612 2268 2770 2318 oves,
2806 2255 2961 2324 quod
2999 2259 3136 2309 tunc
3182 2255 3416 2325 quando
3451 2254 3557 2308 ista
3589 2253 3870 2309 Dominus

2163 2336 2530 2408 loquebatur,
2551 2342 2810 2397 nondum
2837 2347 3103 2413 poterant
3125 2348 3354 2414 portare
3377 2347 3655 2414 pastores.
3685 2342 3870 2396 Num-

2163 2427 2303 2497 quid
2336 2445 2470 2500 ergo
2502 2430 2700 2484 debuit
2729 2430 2844 2486 illis
2877 2432 3085 2487 ovibus
3117 2433 3231 2488 dici
3280 2433 3341 2488 in
3389 2432 3488 2488 illo
3531 2431 3869 2488 tentationis

2163 2517 2428 2586 articulo,
2465 2536 2578 2590 quo
2611 2526 2827 2577 certare
2861 2539 3044 2594 usque
3086 2524 3153 2578 ad
3207 2530 3448 2578 mortem
3483 2539 3585 2594 pro
3636 2522 3870 2577 veritate

2162 2606 2482 2676 oportebat,
2507 2611 2563 2661 et
2587 2624 2685 2676 pro
2719 2607 2929 2663 Christi
2957 2609 3192 2666 nomine
3227 2609 3313 2664 vel
3335 2610 3597 2664 doctrina
3628 2608 3868 2679 sangui-

2164 2709 2293 2748 nem
2323 2694 2599 2763 fundere;
2628 2699 2931 2768 numquid,
2955 2697 3216 2768 inquam,
3241 2698 3540 2754 debuiteis
3572 2697 3706 2764 dici,
3726 2698 3868 2761 Quis

2161 2790 2420 2840 vestrum
2454 2787 2667 2842 audeat
2691 2787 2962 2844 idoneum
2999 2788 3274 2861 martyrio
3297 2803 3358 2843 se
3393 2792 3612 2858 putare,
3639 2788 3732 2844 cui
3763 2789 3870 2843 Pe—

2161 2875 2574 2944 trus'_idoneus
2618 2877 2871 2932 nondum
2918 2879 3122 2943 fuerat,
3157 2878 3387 2950 quando
3419 2893 3548 2932 eum
3591 2894 3654 2932 os
3698 2878 3768 2932 ad
3803 2894 3867 2932 os

2159 2964 2284 3036 ipse
2317 2964 2598 3019 Dominus
2631 2966 2999 3022 instruebat?
3045 2970 3136 3023 Sic
3178 2969 3372 3038 itaque
3402 2967 3608 3023 dixerit
3656 2967 3868 3037 aliquis

2161 3070 2276 3108 non
2309 3054 2514 3109 debere
2548 3054 2659 3109 dici
2694 3055 2923 3126 populis
2957 3057 3314 3121 christianis,
3349 3058 3552 3112 audire
3583 3056 3866 3128 cupienti-

2161 3143 2268 3198 bus
2300 3161 2424 3214 quze
2459 3145 2571 3198 sint
2602 3144 2670 3198 de
2701 3145 2916 3216 quibus
2947 3145 3228 3201 Dominus
3263 3152 3400 3201 tunc
3423 3145 3871 3216 dicebat,Adhuc

2159 3236 2333 3289 multa
2359 3235 2527 3290 habeo
2553 3237 2694 3291 vobis
2715 3236 2913 3304 dicere,
2938 3237 3028 3291 sed
3049 3255 3154 3293 non
3187 3240 3414 3307 potestis
3444 3244 3666 3306 portare
3689 3237 3866 3292 modo.

2160 3322 2218 3378 Si
2244 3323 2499 3394 Apostoli
2527 3325 2786 3379 nondum
2821 3330 3102 3393 poterant,
3131 3325 3312 3379 multo
3348 3326 3544 3380 minus
3577 3341 3675 3379 vos
3706 3331 3865 3394 pote-

2160 3411 2265 3467 stis
2301 3429 2312 3465 :
2347 3413 2479 3484 quia
2515 3414 2657 3469 forte
2688 3413 2768 3469 sic
2803 3414 2969 3468 multi
3005 3417 3252 3484 possunt
3282 3413 3505 3479 audire,
3538 3413 3693 3483 quod
3728 3419 3868 3468 tunc

2161 3501 2421 3556 nondum
2450 3507 2668 3572 poterat
2696 3503 2912 3567 Petrus,
2938 3504 3090 3558 sicut
3120 3502 3286 3556 multi
3320 3505 3561 3572 possunt
3592 3501 3866 3568 martyrio

2160 3591 2444 3659 coronari,
2468 3594 2614 3662 quod
2651 3596 2789 3647 tunc
2822 3593 3076 3646 nondum
3112 3596 3330 3664 poterat
3362 3591 3600 3646 Petrus:
3629 3605 3862 3660 praeser-

2161 3682 2263 3736 tim
2289 3683 2414 3751 jam
2449 3682 2624 3736 misso
2658 3681 2871 3751 Spiritu
2906 3686 3131 3747 sancto,
3155 3680 3254 3752 qui
3280 3692 3412 3734 tunc
3447 3679 3704 3734 nondum
3736 3681 3862 3732 erat

2163 3771 2402 3837 missus,
2437 3771 2507 3824 de
2539 3787 2652 3840 quo
2702 3772 2977 3826 continuo
3027 3770 3350 3840 subjunxit,
3383 3773 3557 3840 atque
3593 3768 3689 3836 ait,
3727 3767 3862 3822 Cum

2160 3867 2346 3916 autem
2377 3864 2582 3916 venerit
2613 3861 2706 3916 ille
2734 3861 2981 3932 Spiritus
3012 3860 3284 3928 veritatis,
3305 3860 3513 3916 docebit
3533 3874 3621 3914 vos
3646 3874 3862 3913 omnem

2158 3949 2482 4015 veritatem;
2514 3951 2597 4005 sic
2629 3951 2830 4021 utique
2862 3951 3270 4006 demonstrans
3302 3947 3427 4004 illos
3453 3948 3577 4004 ideo
3606 3964 3735 4018 quae
3770 3947 3865 4002 ha-

2163 4039 2331 4095 bebat
2362 4038 2571 4107 dicere,
2598 4044 2822 4109 portare
2853 4056 2966 4094 non
3000 4055 3190 4111 posse,
3224 4038 3359 4108 quia
3385 4037 3638 4093 nondum
3667 4035 3737 4092 ad
3768 4051 3863 4090 eos

2162 4135 2393 4186 venerat
2416 4130 2664 4202 Spiritus
2692 4135 2947 4186 sanctus.

2230 4219 2285 4275 2.
2319 4218 2460 4274 Ecce
2510 4220 2900 4275 concedamus
2948 4223 3012 4273 ut
3060 4218 3141 4272 ita
3182 4217 3276 4284 sit,
3312 4216 3527 4272 multos
3575 4229 3642 4268 ea
3691 4214 3862 4267 modo

2162 4313 2390 4380 portare
2415 4325 2583 4380 posse
2608 4311 2730 4379 jam
2763 4310 2942 4364 misso
2973 4309 3186 4378 Spiritu
3220 4310 3444 4368 sancto,
3470 4320 3595 4374 quae
3627 4307 3766 4357 tunc
3797 4318 3862 4356 eo

2161 4401 2420 4455 nondum
2459 4400 2638 4454 misso
2665 4417 2775 4454 non
2800 4405 3064 4470 poterant
3096 4402 3322 4470 portare
3349 4393 3624 4464 discipuli
3653 4409 3667 4447 :
3701 4409 3863 4447 num-

2161 4492 2300 4561 quid
2351 4492 2478 4546 ideo
2527 4491 2744 4546 scimus
2796 4507 2921 4560 quas
2970 4490 3086 4544 sint
3118 4504 3247 4559 quae
3277 4487 3467 4540 dicere
3499 4483 3703 4550 noluit,
3733 4500 3863 4553 quae

2161 4585 2299 4634 tunc
2348 4580 2632 4633 sciremus
2665 4579 2709 4632 si
2744 4585 2816 4632 ab
2849 4595 2913 4632 eo
2944 4579 3097 4632 dicta
3144 4576 3467 4646 legeremus
3501 4572 3586 4628 vel
3629 4573 3862 4627 audire-

2162 4670 2332 4723 mus?
2360 4668 2527 4722 Aliud
2561 4674 2649 4723 est
2680 4669 2833 4722 enim
2868 4667 3015 4722 scire
3045 4671 3240 4720 utrum
3276 4683 3307 4719 a
3341 4665 3508 4719 nobis
3539 4663 3622 4718 vel
3646 4663 3861 4717 avobis

2159 4758 2373 4831 portari
2409 4759 2666 4830 possint;
2701 4758 2858 4813 aliud
2883 4760 3071 4812 autem
3097 4757 3240 4811 scire
3263 4773 3390 4827 quae
3423 4757 3557 4820 sint,
3584 4756 3700 4809 sive
3733 4769 3860 4823 por-

2161 4849 2268 4904 tari
2306 4849 2549 4920 possint,
2582 4849 2703 4903 sive
2730 4867 2838 4902 non
2869 4849 3109 4918 possint.
3136 4849 3268 4912 Quae
3293 4863 3423 4901 cum
3449 4847 3571 4911 ipse
3595 4844 3858 4908 tacuerit,

2160 4941 2292 5011 quis
2326 4946 2588 4994 nostrum
2624 4939 2798 5006 dicat,
2833 4943 2947 4993 Ista
2981 4938 3062 4991 vel
3095 4937 3191 4990 illa
3224 4935 3398 4989 sunt?
3433 4937 3545 4988 Aut
3582 4932 3628 4985 si
3673 4933 3860 4984 dicere

2159 5033 2389 5095 audeat,
2426 5031 2576 5084 unde
2625 5030 2869 5101 probat?
2898 5030 3035 5092 Quis
3067 5029 3221 5081 enim
3260 5031 3349 5080 est
3397 5033 3512 5077 tam
3548 5039 3731 5074 vanus
3762 5027 3861 5073 aut

2159 5121 2524 5182 temerarius,
2549 5121 2802 5190 quicum
2838 5119 3046 5172 dixerit
3078 5119 3247 5170 etiam
3277 5131 3406 5167 vera
3428 5112 3640 5181 quibus
3665 5112 3861 5163 volue-

2161 5209 2255 5268 rit,
2291 5226 2418 5279 qum
2470 5210 2732 5269 voluerit,
2768 5210 2892 5260 sine
2935 5207 3048 5258 ullo
3095 5204 3426 5257 testimonio
3459 5200 3650 5253 diVIDO
3697 5199 3857 5250 affir-

2159 5303 2275 5352 met
2292 5314 2358 5350 ea
2375 5315 2499 5350 esse
2525 5315 2649 5367 quae
2676 5305 2810 5349 tunc
2836 5296 3115 5348 Dominus
3141 5293 3329 5346 dicere
3356 5289 3570 5343 noluit?
3594 5287 3728 5354 Quis
3752 5288 3856 5341 hoc

2159 5393 2421 5443 nostrum
2456 5390 2643 5452 faciat,
2679 5396 2734 5440 et.
2769 5402 2876 5438 non
2917 5385 3221 5436 maximam
3256 5381 3483 5449 culpam
3521 5380 3858 5432 temeritatis

2161 5480 2434 5541 incurrat,
2460 5477 2516 5529 in
2543 5492 2652 5541 quo
2687 5491 2789 5527 nec
2824 5474 3158 5543 prophetica
3193 5487 3295 5524 nec
3326 5469 3639 5536 apostolica
3672 5468 3858 5521 excel-

2162 5566 2221 5620 lit.
2246 5564 2591 5619 auctoritas?
2614 5563 2753 5618 Nam
2791 5564 3040 5632 profecto
3069 5563 3117 5615 si
3140 5576 3334 5614 eorum
3369 5557 3588 5628 aliquid
3621 5557 3858 5626 legisse-

2163 5671 2290 5712 mus
2320 5656 2379 5710 in
2411 5653 2600 5712 Libris
2631 5653 2911 5710 canonica
2941 5649 3282 5708 auctoritate
3314 5651 3582 5718 firmatis,
3606 5647 3704 5718 qui
3733 5649 3857 5714 post
