4148 6190
270 276 421 335 1875

267 408 669 468 ascensionem
719 398 946 460 Domini
985 396 1188 468 scripti
1220 403 1376 465 sunt,
1411 408 1614 465 parum
1646 392 1835 446 fuerat
1864 388 1971 444 hoc

269 499 496 572 legisse,
530 495 641 552 nisi
690 492 808 548 illic
858 491 913 545 id
956 488 1130 544 etiam
1161 486 1466 557 legeretur,
1500 483 1608 539 hoc
1635 497 1703 537 ex
1733 482 1817 572 eis
1848 493 1973 535 esse

270 570 395 663 quae
426 593 568 643 tunc
598 583 884 641 Dominus
917 578 1103 634 noluit
1128 573 1430 646 discipulis
1452 573 1659 639 dicere,
1686 570 1826 643 quia
1856 583 1971 625 non

270 661 537 751 poterant
580 674 675 729 illa
715 675 965 745 portare.
998 668 1294 736 Tanquam
1328 663 1400 729 si,
1432 662 1590 718 verbi
1631 661 1836 751 gratia,
1871 674 1972 751 ego

270 749 700 831 dicerem,illud
724 761 879 833 quod
904 757 1153 829 legimus
1172 755 1228 809 in
1249 753 1425 822 hujus
1447 750 1738 821 Evangelii
1763 749 1970 819 capite.

270 862 331 915 In
362 854 631 928 principio
662 859 783 906 erat
820 848 1065 914 Verbum,
1098 848 1147 899 et
1185 844 1421 898 Verbum
1456 846 1571 896 erat
1603 839 1751 908 apud
1782 841 1973 905 Deum,

267 955 318 1002 et
350 948 489 999 Dt‘ltd
521 947 636 997 erat
677 939 921 1001 Verbum,
958 938 1054 990 hoc
1082 941 1197 989 erat
1229 936 1282 985 in
1310 930 1585 1003 principio
1616 928 1759 999 apud
1806 930 1974 983 Deum

272 1038 446 1106 (Joan.
474 1052 511 1099 ι,
543 1033 767 1101 1,2),et
798 1028 911 1083 alia
944 1041 1067 1096 quae
1100 1030 1440 1092 sequuntur,
1467 1019 1743 1092 quoniam
1778 1026 1976 1089 postea

270 1125 481 1197 scripta
530 1126 687 1185 sunt,
724 1133 827 1174 nec
856 1134 923 1171 ea
955 1114 1269 1170 Dominum
1300 1113 1499 1167 Jesum
1533 1110 1748 1165 dixisse
1782 1125 1974 1163 narra-

270 1224 386 1271 tum
428 1218 536 1281 est,
572 1228 705 1268 cum
748 1210 839 1264 hic
876 1214 1023 1263 esset
1064 1206 1121 1259 in
1158 1219 1352 1271 carne,
1386 1202 1485 1257 sed
1537 1200 1657 1255 haec
1709 1216 1860 1254 unus
1909 1215 1977 1254 ex

270 1303 559 1377 Apostolis
608 1302 759 1371 ejus,
792 1316 857 1354 ac
895 1295 1114 1367 Spiritu
1156 1295 1280 1363 ejus
1315 1298 1327 1328 ι
1367 1291 1478 1346 sibi
1519 1289 1807 1345 revelante
1840 1304 1975 1345 con-

269 1394 526 1465 scripsit,
550 1408 617 1446 ex
654 1390 744 1444 his
766 1404 892 1443 esse
915 1402 1038 1456 quae
1071 1382 1258 1438 noluit
1286 1389 1423 1436 tunc
1455 1378 1735 1435 Dominus
1765 1379 1973 1445 dicere,

270 1486 485 1555 quiaea
507 1478 779 1551 discipuli
804 1480 1033 1548 portare
1056 1490 1167 1528 non
1194 1473 1484 1543 poterant;
1512 1470 1637 1541 quis
1662 1485 1753 1524 me
1775 1469 1977 1525 audiat

269 1582 385 1627 tam
407 1578 622 1626 temere
640 1568 749 1622 ista
764 1561 1151 1621 dicentem?Si
1168 1565 1357 1616 autem
1378 1558 1474 1614 ubi
1492 1557 1973 1628 hoclegimus,ibi

270 1662 377 1718 hoc
392 1661 564 1716 etiam
582 1654 1066 1728 legeremus,quis
1085 1667 1199 1707 non
1216 1654 1377 1705 tanto
1394 1648 1655 1720 apostolo
1680 1647 1976 1703 crederet?

338 1752 391 1808 3.
437 1750 548 1805 Sed
597 1748 651 1802 id
681 1762 909 1818 quoque
933 1742 1074 1799 mihi
1106 1741 1337 1797 videtur
1368 1738 1788 1793 absurdissime
1838 1738 1972 1805 dici,

270 1860 337 1898 ea
361 1848 492 1896 tunc
515 1854 629 1893 non
663 1835 921 1908 potuisse
953 1836 1179 1902 portare
1202 1828 1545 1898 discipulos,
1571 1844 1697 1898 qua:
1728 1827 1798 1881 de
1828 1827 1977 1882 invi.—

272 1932 543 1989 sibilihus
567 1932 621 1985 et
640 1925 943 1983 altissimis
975 1924 1150 1979 rebus
1187 1919 1517 1975 invenimus
1548 1917 1607 1972 in
1640 1916 1975 1990 apostolicis

274 2021 526 2089 Litteris,
552 2036 676 2089 qua:
708 2014 1083 2089 postmodum
1116 2010 1345 2080 scriptae
1378 2015 1535 2074 sunt,
1559 2024 1664 2063 nec
1690 2023 1757 2063 ea
1781 2007 1977 2063 Domi-

274 2128 411 2168 num
440 2110 673 2182 quando
705 2122 838 2162 cum
870 2102 986 2159 illis
1016 2100 1325 2157 visibiliter
1354 2103 1497 2164 erat,
1532 2097 1751 2153 dixisse
1780 2113 1977 2153 narra-

274 2211 384 2261 tur.
417 2204 529 2259 Cur
559 2200 713 2256 enim
745 2214 808 2253 ea
838 2203 976 2252 tunc
1008 2196 1154 2251 ferre
1187 2208 1300 2248 non
1332 2195 1621 2262 poterant,
1656 2208 1781 2262 quas
1820 2207 1977 2246 nunc

272 2297 330 2350 in
382 2310 583 2349 eorum
645 2288 833 2346 Libris
886 2286 1014 2358 quis
1074 2300 1189 2340 non
1238 2282 1411 2353 legat,
1467 2284 1598 2354 quis
1649 2297 1762 2336 non
1814 2282 1977 2349 ferat,

272 2381 501 2439 etiamsi
533 2396 647 2435 non
681 2375 1002 2445 intelligat?
1022 2371 1315 2429 Nonnulla
1338 2370 1868 2443 quidemﬁhomines
1890 2369 1979 2425 in-

272 2474 473 2527 ﬁdeles
514 2471 571 2524 in
612 2465 923 2537 Scripturis
962 2463 1181 2519 sanctis
1221 2466 1277 2516 et
1317 2478 1431 2516 non
1477 2459 1812 2530 intelligunt
1842 2476 1977 2516 cum

272 2563 471 2629 legunt
501 2557 587 2612 vel
621 2554 889 2620 audiunt,
921 2556 977 2607 et
1004 2550 1150 2605 lecta
1179 2547 1266 2604 vel
1300 2547 1494 2603 audita
1525 2547 1667 2602 ferre
1702 2564 1813 2601 non
1847 2563 1978 2618 pos-

274 2654 444 2704 sunt:
471 2646 623 2701 sicut
654 2642 889 2713 Pagani,
918 2637 1071 2710 quod
1103 2653 1204 2709 per
1233 2653 1366 2691 eum
1401 2636 1500 2706 qui
1532 2635 1841 2692 cruciﬁxus
1868 2638 1977 2701 est,

276 2741 461 2793 tactus
494 2739 582 2791 est
614 2733 896 2797 mundus;
932 2728 1082 2783 sicut
1111 2724 1319 2792 Judaei,
1349 2725 1503 2795 quod
1538 2724 1718 2779 Filius
1752 2725 1851 2781 Dei
1882 2724 1977 2788 sit,

275 2830 462 2900 quieo
488 2824 658 2879 modo
682 2838 795 2893 quo
819 2818 931 2889 ipsi
954 2816 1247 2873 celebrant
1277 2814 1584 2870 sabbatum
1608 2814 1808 2876 solvit:
1834 2814 1983 2872 sicut

275 2913 609 2979 Sabelliani,
644 2911 778 2982 quia
808 2906 1058 2963 Trinitas
1087 2909 1173 2961 est
1208 2904 1374 2959 Pater
1399 2907 1456 2959 et
1494 2902 1676 2959 Filius
1706 2908 1763 2959 et
1792 2904 1974 2976 Spiri-

276 3012 370 3061 tus
403 3006 668 3067 sanctus;
703 2999 855 3055 sicut
885 2995 1104 3066 Ariani,
1138 2993 1275 3066 quia
1304 2993 1543 3065 aequalis
1573 3000 1658 3050 est
1688 2993 1842 3049 Patri
1891 2996 1979 3050 Fi-

280 3098 414 3161 lius,
447 3100 498 3149 et
534 3091 684 3149 Patri
718 3107 781 3146 ae
814 3089 957 3145 Filio
1003 3085 1257 3158 Spiritus
1300 3089 1576 3151 sanctus;
1609 3087 1757 3141 sicut
1786 3085 1981 3141 Photi-

281 3186 460 3251 niani,
486 3184 624 3256 quia
646 3198 760 3236 non
784 3180 958 3234 homo
981 3181 1206 3233 tantum
1230 3175 1440 3231 similis
1464 3176 1652 3241 nobis,
1677 3177 1779 3231 sed
1803 3176 1979 3231 etiam

278 3280 425 3331 Deus
456 3274 571 3329 Deo
604 3270 756 3325 Patri
781 3266 1017 3340 aequalis
1037 3270 1125 3321 est
1146 3264 1437 3331 Christus;
1472 3264 1620 3319 sicut
1652 3262 1977 3328 Manichaei,

273 3364 419 3434 quod
446 3361 711 3417 Christus
732 3359 897 3413 Jesus
922 3371 1022 3428 per
1040 3369 1211 3426 quem
1236 3351 1798 3419 liberandizsumus,
1816 3352 1976 3407 nasci

273 3456 330 3511 in
378 3470 543 3510 carne
573 3456 627 3508 et
657 3452 727 3507 de
759 3462 931 3505 carne
978 3445 1257 3517 dignatus
1302 3448 1391 3500 est
1424 3460 1437 3498 :
1471 3446 1529 3499 et
1559 3442 1748 3499 caeteri
1782 3459 1979 3500 omnes

275 3559 675 3618 perversarum
708 3556 773 3596 ac
807 3539 1162 3594 diversarum
1206 3537 1502 3590 sectarum
1554 3532 1843 3601 homines,
1877 3534 1981 3589 uti.

275 3652 386 3707 que
419 3636 563 3691 ferre
592 3648 706 3687 non
741 3631 1009 3701 possunt,
1033 3624 1317 3697 quidquid
1342 3625 1400 3679 in
1422 3622 1739 3695 Scripturis
1762 3624 1980 3679 sanctis

274 3726 407 3781 etin
435 3726 545 3778 ﬁde
568 3720 849 3777 catholica
880 3717 1185 3788 reperitur,
1211 3714 1361 3785 quod
1387 3717 1589 3769 contra
1612 3730 1814 3769 eorum
1843 3730 1977 3786 pro-

277 3817 488 3869 feratur
519 3826 771 3875 errores;
808 3808 962 3863 sicut
990 3823 1097 3862 nos
1128 3805 1276 3861 ferre
1308 3822 1419 3860 non
1452 3820 1765 3875 possumus
1802 3804 1979 3861 sacri-

276 3904 435 3971 legas
460 3914 654 3953 eorum
678 3896 960 3951 vanitates
983 3898 1039 3949 et
1068 3893 1328 3949 insanias
1361 3893 1690 3949 mendaces.
1717 3893 1861 3959 Quid
1893 3896 1983 3948 est

274 3991 429 4045 enim
464 3989 609 4043 ferre
644 4002 759 4040 non
792 4000 982 4056 posse,
1012 3982 1125 4039 nisi
1158 3998 1321 4052 aequo
1352 3981 1545 4036 animo
1578 3998 1692 4036 non
1726 3982 1982 4038 habere?

274 4081 382 4135 Sed
415 4074 612 4133 omnia
643 4090 767 4145 quia
819 4076 951 4145 post
998 4070 1399 4127 ascensionem
1444 4069 1672 4126 Domini
1703 4071 1983 4128 canonica

276 4168 515 4227 veritate
538 4170 713 4237 atque
735 4162 1075 4219 auctoritate
1097 4160 1428 4231 conscripta
1450 4163 1611 4229 sunt,
1636 4159 1767 4231 quis
1792 4160 1977 4217 fidelis

274 4258 362 4314 vel
410 4260 585 4313 etiam
637 4253 1113 4318 catechumenus,
1162 4253 1475 4320 antequam
1540 4249 1813 4320 Spiritum
1851 4266 1980 4306 san-

273 4357 425 4404 etum
447 4347 775 4419 baptizatus
798 4343 1065 4415 accipiat,
1090 4358 1205 4398 non
1229 4356 1391 4412 aequo
1416 4341 1613 4396 animo
1648 4339 1785 4411 legit
1808 4348 1979 4411 atque

273 4440 455 4505 audit,
480 4436 710 4494 etiarnsi
744 4435 1003 4491 nondum
1037 4432 1188 4489 sicut
1218 4436 1444 4504 oportet
1487 4430 1796 4505 intelligit?
1823 4431 1981 4494 Quo-

278 4530 449 4586 modo
480 4545 615 4599 ergo
646 4526 867 4598 aliquid
899 4541 1099 4580 eorum
1125 4541 1253 4596 quae
1284 4527 1417 4595 post
1445 4522 1843 4580 ascensionem
1878 4521 1985 4577 Do-

278 4620 421 4674 mini
454 4617 673 4689 scripta
704 4619 862 4683 sunt,
888 4630 999 4670 non
1035 4616 1273 4685 possent
1304 4613 1452 4668 ferre
1482 4610 1779 4683 discipuli,
1801 4610 1981 4667 etiam

278 4710 535 4765 nondum
558 4706 665 4763 sibi
690 4704 868 4761 misso
888 4702 1100 4773 Spiritu
1121 4709 1344 4769 saneto,
1369 4718 1499 4757 cum
1520 4701 1713 4758 omnia
1730 4719 1887 4758 nunc
1910 4703 1984 4757 fe-

277 4804 407 4857 rant
424 4794 824 4853 catechumeni
840 4793 1096 4849 nondum
1114 4795 1344 4863 accepto
1360 4792 1580 4864 Spiritu
1595 4795 1789 4847 sancto
1803 4793 1829 4847 ‘t
1843 4790 1986 4855 Quia

277 4888 382 4944 etsi
397 4904 511 4945 non
527 4888 609 4943 eis
625 4884 887 4940 ﬁdelium
904 4887 1267 4939 sacramenta
1280 4882 1623 4954 produntur,
1640 4897 1755 4937 non
1771 4882 1898 4937 ideo
1921 4881 1985 4937 ﬁt

278 4979 430 5051 quod
450 4993 516 5033 ea
537 4978 682 5032 ferre
702 4990 815 5030 non
837 4975 1103 5045 possunt;
1118 4972 1213 5027 sed
1237 4974 1299 5024 ut
1318 4969 1389 5025 ab
1409 4969 1491 5025 eis
1514 4977 1665 5026 tanto
1683 4968 1985 5025 ardentius

277 5068 788 5139 concupiscantur,
819 5065 1039 5137 quanto
1061 5061 1141 5116 eis
1174 5058 1574 5116 bonorabilius
1600 5059 1980 5116 occultantur.

350 5160 401 5215 4.
432 5160 816 5229 Quapropter,
848 5150 1201 5219 charissimi,
1229 5168 1342 5208 non
1375 5168 1408 5207 a
1440 5151 1608 5207 nobis
1638 5150 1981 5223 exspectetis

280 5248 480 5303 audire
496 5264 618 5319 quae
642 5252 777 5303 tunc
797 5244 979 5302 noluit
1000 5244 1279 5299 Dominus
1298 5242 1601 5313 discipulis
1622 5242 1831 5307 dicere,
1849 5242 1983 5313 quia

281 5338 536 5392 nondum
572 5340 837 5406 poterant
859 5334 957 5390 illa
979 5338 1204 5405 portare
1229 5354 1243 5393 :
1268 5335 1371 5391 sed
1396 5334 1587 5405 potius
1612 5332 1671 5389 in
1694 5332 1980 5389 charitate

280 5426 559 5498 proﬁcitc,
584 5444 712 5497 qua:
734 5427 1080 5483 diffunditur
1110 5427 1167 5482 in
1191 5428 1465 5484 cordibus
1484 5426 1692 5483 vestris
1725 5441 1824 5498 per
1851 5427 1979 5498 Spi-

350 5565 359 5593 ¹
390 5560 559 5625 lisliti,
580 5560 786 5625 ips-trqu
818 5562 1025 5625 Spiritu
1054 5564 1184 5625 eius.
1223 5564 1403 5617 Abest,
1444 5562 1569 5625 ipso,
1602 5578 1631 5611 t1
1662 5564 1782 5612 Mss.

349 5626 367 5656 ³
390 5621 447 5670 In
481 5623 656 5680 edim,
689 5621 919 5673 liberati.
955 5626 1020 5675 At
1048 5621 1104 5675 iu
1134 5626 1281 5687 Mam,
1313 5621 1596 5675 liberandi.

1213 260 1289 320 ΙΝ
1334 257 1656 320 JOANNIS
1704 250 2237 326 EVANGELIUM,
2288 254 2352 313 S.
2401 249 2826 312 AUGUSTINI

3639 252 3795 311 1876

2084 387 2265 445 ritum
2310 390 2576 443 sanctum
2620 385 2720 459 qui
2769 389 2937 442 datus
2987 389 3078 441 est
3118 385 3280 442 vobis
3309 386 3485 457 (Rom.
3522 402 3579 451 v,
3606 386 3694 455 5);
3731 390 3795 441 ut

2082 478 2293 550 spiritu
2327 478 2613 535 ferventes
2636 480 2692 533 et
2722 474 3049 548 spiritualia
3072 475 3409 547 diligentes,
3431 474 3790 545 Spiritualem

2080 567 2270 624 lucem
2295 568 2777 640 spiritualemque
2798 582 3212 637 vocem,quam
3236 564 3497 621 carnales
3526 564 3791 621 homines

2083 658 2231 713 ferre
2280 674 2395 714 non
2446 665 2713 730 possunt,
2761 674 2874 712 non
2926 655 3121 727 aliquo
3170 655 3340 727 signo
3388 654 3791 726 corporalibus

2083 749 2267 806 oculis
2298 753 2633 820 apparente,
2669 762 2773 804 nec
2803 747 3000 819 aliquo
3032 762 3175 803 sono
3208 744 3606 818 corporalibus
3640 747 3792 802 auri-

2086 844 2193 897 bus
2243 842 2621 912 instrepente,
2657 841 2751 896 sed
2803 838 3075 895 interiore
3124 844 3434 909 conspectu
3484 842 3543 894 et
3589 839 3789 896 auditu

2083 949 2257 989 nosse
2290 934 2545 1002 possitis.
2570 933 2693 988 Non
2723 931 2880 988 enim
2904 930 3172 1003 diligitur
3193 931 3346 1003 quod
3376 931 3608 1002 penitus
3631 931 3791 1003 igno-

2084 1027 2265 1080 ratur.
2308 1024 2417 1079 Sed
2465 1039 2601 1078 cum
2643 1021 2908 1094 diligitur
2947 1022 3101 1094 quod
3142 1038 3212 1077 ex
3252 1021 3794 1094 quantulacumque

2084 1116 2250 1184 parte
2270 1112 2658 1183 cognoscitur,
2673 1113 2799 1185 ipsa
2819 1112 3071 1168 efﬁcitur
3090 1110 3398 1167 dilectione
3421 1114 3484 1167 ut
3508 1112 3715 1168 melius
3737 1117 3794 1168 et

2084 1204 2316 1276 plenius
2349 1207 2754 1274 cognoscatur.
2785 1203 2843 1258 Si
2873 1218 3008 1275 ergo
3040 1201 3099 1257 in
3132 1201 3420 1258 eharitate
3452 1202 3792 1274 proﬁciatis,

2085 1309 2260 1364 quam
2292 1291 2567 1347 diffundit
2597 1290 2656 1346 in
2690 1289 2961 1347 cordibus
2991 1290 3243 1361 Spiritus
3284 1294 3545 1360 sanctus,
3579 1291 3793 1348 docebit

2084 1397 2176 1437 vos
2204 1397 2414 1437 onmem
2444 1379 2729 1435 veritatem
2760 1396 2778 1435 :
2812 1378 2919 1449 vel,
2954 1379 3108 1435 sicut
3146 1377 3245 1434 alii
3284 1378 3513 1436 codices
3555 1379 3791 1449 habent,

2089 1470 2314 1526 deducet
2344 1486 2432 1525 vos
2482 1470 2541 1523 in
2590 1471 2738 1523 omni
2785 1467 3016 1524 veritate
3045 1468 3128 1540 (a)
3164 1484 3177 1522 :
3211 1468 3366 1525 unde
3413 1468 3635 1525 dictum
3684 1474 3793 1537 est,

2086 1561 2267 1615 Deduc
2296 1576 2403 1626 me,
2439 1560 2684 1625 Domine,
2718 1561 2776 1612 in
2807 1557 2897 1613 via
2930 1564 3048 1627 tua,
3072 1565 3124 1614 et
3155 1556 3450 1614 ambulabo
3480 1560 3538 1611 in
3568 1562 3795 1617 veritate

2086 1648 2391 1719 tua(Psat.
2429 1666 2626 1719 Lxxxv,
2666 1649 2772 1719 11).
2822 1648 2913 1704 Sic
2965 1648 3063 1704 ﬁet
3112 1656 3175 1702 ut
3224 1664 3339 1704 non
3385 1665 3416 1703 a
3461 1647 3793 1706 doctoribus

2086 1738 2470 1795 exterioribus
2503 1738 2601 1794 illa
2632 1737 2892 1808 discetis,
2925 1754 3055 1809 qua:
3102 1736 3291 1793 noluit
3337 1736 3621 1796 Dominus
3653 1744 3794 1795 tunc

2085 1830 2300 1896 dicere,
2335 1830 2435 1885 sed
2486 1828 2617 1885 sitis
2660 1844 2858 1885 omnes
2889 1827 3168 1885 docibiles
3200 1828 3314 1884 Deo
3348 1829 3523 1901 (Joan.
3557 1845 3633 1897 vr,
3672 1831 3793 1901 t5);

2087 1922 2151 1974 ut
2179 1935 2246 1974 ea
2278 1918 2401 1989 ipsa
2433 1935 2555 1989 quae
2586 1934 2687 1989 per
2715 1917 2993 1973 lectiones
3024 1921 3201 1988 atque
3243 1931 3539 1973 sermones
3569 1918 3792 1974 extrin-

2086 2024 2257 2065 secus
2289 2007 2580 2064 adhibitos
2611 2006 2900 2064 didicistis
2923 2010 2980 2063 et
3002 2006 3334 2064 credidistis
3358 2008 3429 2063 de
3454 2011 3664 2063 natura
3698 2010 3791 2064 Dei

2087 2116 2203 2155 non
2237 2116 2496 2171 corpora,
2531 2114 2635 2154 nec
2668 2098 2790 2155 loco
2831 2098 3028 2170 aliquo
3078 2097 3327 2169 inclusa,
3359 2115 3464 2155 nec
3515 2115 3615 2169 per
3663 2100 3795 2154 inﬁ-

2088 2188 2209 2243 nita
2240 2188 2424 2260 spatia
2462 2188 2721 2245 locorum
2755 2187 2921 2261 quasi
2954 2187 3107 2243 mole
3137 2188 3414 2255 distenta,
3448 2189 3548 2245 sed
3580 2188 3799 2261 ubique

2088 2281 2209 2334 tota
2237 2284 2294 2334 et
2326 2279 2572 2349 perlecta
2615 2284 2671 2334 et
2714 2277 2966 2348 inﬁnita,
3000 2278 3127 2334 sine
3178 2278 3465 2335 nitoribus
3513 2278 3797 2347 colorum,

2092 2367 2218 2423 sine
2270 2370 2468 2441 ﬁguris
2516 2368 3030 2438 lineamentorum,
3071 2368 3199 2424 sine
3243 2369 3397 2425 notis
3446 2368 3798 2440 litterarum,

2089 2460 2217 2514 sine
2244 2459 2387 2514 serie
2410 2458 2783 2531 syllabarum,
2808 2461 2935 2531 ipsa
2958 2464 3151 2515 mente
3176 2458 3509 2532 conspicere
3532 2460 3797 2517 valeatis.

2090 2549 2229 2605 Ecce
2259 2548 2375 2604 dixi
2410 2549 2631 2621 aliquid
2665 2550 2818 2621 quod
2853 2550 2996 2605 forte
3024 2548 3161 2605 inde
3199 2549 3297 2616 sit,
3329 2554 3386 2605 et
3415 2554 3608 2607 tamen
3639 2568 3796 2609 acce-

2094 2638 2291 2709 pistis;
2326 2642 2383 2693 et
2414 2654 2529 2693 non
2570 2639 2759 2695 solum
2793 2639 2942 2695 ferre
2973 2638 3262 2712 potuistis,
3294 2655 3494 2697 verum
3524 2641 3699 2697 etiam
3732 2643 3804 2697 li-

2090 2727 2294 2783 benter
2321 2728 2589 2784 audistis.
2624 2730 2733 2784 Sed
2770 2728 2866 2784 ille
2915 2730 3187 2801 magister
3233 2730 3494 2799 interior,
3529 2732 3629 2803 qui
3660 2747 3796 2789 cum

2090 2816 2281 2873 adhuc
2302 2816 2608 2887 discipulis
2630 2817 2885 2874 exterius
2912 2817 3265 2890 loqueretur,
3289 2819 3391 2887 ait,
3412 2819 3600 2876 Adhuc
3619 2822 3801 2877 multa

2090 2905 2259 2962 habeo
2292 2906 2439 2961 vobis
2469 2907 2671 2974 dicere,
2704 2908 2796 2963 sed
2844 2924 2953 2965 non
2997 2909 3225 2980 potestis
3274 2918 3497 2979 portare
3539 2913 3717 2980 modo,
3749 2913 3799 2969 si

2087 2996 2257 3052 vellet
2307 2997 2473 3052 nobis
2517 2996 2574 3051 id
2614 2999 2765 3069 quod
2800 3000 2868 3055 de
2899 2999 3236 3071 incorporea
3258 3000 3359 3055 Dei
3404 3005 3613 3057 natura
3656 3003 3797 3068 dixi,

2088 3087 2443 3145 intrinsecus
2474 3088 2555 3144 ita
2581 3088 2788 3160 dicere,
2813 3091 2962 3145 sicut
2993 3091 3214 3147 sanctis
3244 3092 3483 3163 Angelis
3514 3092 3675 3162 dicit,
3697 3095 3796 3167 qui

2088 3192 2320 3248 semper
2350 3178 2536 3234 vident
2583 3178 2785 3234 faciem
2833 3180 3017 3237 Patris
3044 3181 3260 3252 (Matth.
3293 3198 3456 3249 xvm,
3491 3183 3613 3255 10);
3649 3201 3798 3241 non-

2087 3269 2222 3323 dum
2252 3285 2317 3323 ea
2347 3272 2575 3339 portare
2610 3286 2938 3340 possemus.
2972 3270 3220 3329 Proinde
3252 3274 3405 3345 quod
3438 3273 3541 3341 ait,
3582 3276 3804 3334 Docebit

2087 3373 2177 3413 vos
2208 3373 2420 3413 omnem
2453 3358 2754 3427 veritatem,
2788 3360 2899 3429 vel,
2921 3361 3145 3418 deducet
3169 3377 3257 3419 vos
3287 3366 3345 3418 in
3375 3366 3527 3421 omni
3552 3369 3797 3435 veritate,

2088 3464 2204 3502 non
2246 3446 2496 3503 arbitror
2525 3448 2583 3504 in
2616 3448 2721 3503 hac
2753 3450 2866 3506 vita
2896 3451 2953 3506 in
2988 3452 3333 3525 cujusquam
3384 3460 3581 3512 mente
3629 3473 3800 3529 posse

2091 3535 2364 3607 compleri
2409 3536 2573 3609 (quis
2630 3538 2787 3593 enim
2837 3540 3031 3597 vivens
3078 3543 3138 3597 in
3189 3543 3299 3600 hoc
3345 3561 3583 3616 corpore
3640 3548 3798 3618 quod

2089 3625 2485 3697 corrumpitur
2515 3631 2571 3682 et
2601 3636 2869 3701 aggravet
2898 3630 3155 3687 animam
3189 3633 3339 3704 [Sap.
3366 3651 3441 3702 rx,
3470 3635 3579 3705 15],
3615 3636 3803 3705 possit

2091 3732 2325 3772 omnem
2369 3734 2716 3789 cognoscere
2750 3720 3081 3788 veritatem;
3114 3738 3246 3778 cum
3278 3724 3431 3779 dicat
3460 3725 3798 3796 Apostolus,

2089 3806 2172 3861 Ex
2191 3812 2348 3879 parte
2375 3810 2651 3879 scimus”);
2677 3810 2774 3864 sed
2802 3810 2941 3881 quia
2968 3826 3068 3882 per
3098 3812 3376 3881 Spiritum
3410 3819 3673 3870 sanctum
3706 3818 3798 3885 ﬁt,

2092 3896 2248 3952 unde
2296 3914 2450 3951 nunc
2504 3898 2711 3967 pignus
2761 3899 3092 3971 accepimus
3126 3902 3199 3971 (ΙΙ
3246 3906 3365 3957 Cor.
3399 3920 3439 3970 ι,
3470 3905 3581 3972 22),
3618 3908 3680 3961 ut
3722 3905 3799 3961 ad

2091 3985 2281 4057 ipsam
2314 4002 2546 4057 quoque
2579 3988 2998 4056 plenitudinem
3030 3991 3367 4047 veniamus:
3397 3994 3466 4048 de
3498 4011 3614 4064 qua
3642 3996 3798 4052 idem

2093 4075 2235 4132 dicit
2264 4077 2582 4148 apostolus,
2620 4078 2762 4132 Tum:
2792 4087 2976 4134 autem
3004 4080 3147 4150 facie
3176 4081 3247 4137 ad
3264 4083 3502 4153 faciem;
3530 4089 3608 4152 et,
3640 4086 3802 4142 Nunc

2088 4167 2197 4221 scio
2226 4181 2295 4220 ea:
2330 4173 2502 4237 parte,
2536 4176 2666 4222 tunc
2702 4175 2889 4223 autem
2926 4184 3243 4238 cognoscam
3279 4170 3421 4227 sicut
3459 4175 3511 4227 et
3548 4175 3802 4245 cognitus

2088 4272 2212 4312 sum
2244 4255 2291 4327 (Ι
2324 4255 2443 4311 Cor.
2473 4273 2595 4323 xm,
2628 4257 2682 4323 9,
2720 4258 2805 4329 12)
2842 4275 2854 4313 :
2890 4275 3001 4315 non
3048 4261 3205 4331 quod
3256 4260 3316 4315 in
3366 4261 3473 4318 hac
3526 4264 3644 4319 vita
3689 4265 3801 4322 scit

2090 4350 2301 4411 totum,
2334 4347 2484 4417 quod
2536 4363 2723 4418 usque
2763 4348 2833 4403 ad
2875 4348 3036 4403 illam
3087 4350 3499 4421 perfectionem
3535 4353 3799 4409 futurum

2092 4437 2263 4492 nobis
2293 4436 2573 4492 Dominus
2602 4437 2866 4507 promisit
2896 4454 2996 4509 per
3026 4438 3369 4495 cbaritatem
3404 4442 3670 4512 Spiritus,
3705 4446 3800 4499 di-

2092 4541 2251 4594 cens,
2284 4524 2499 4580 Docebit
2544 4541 2630 4581 vos
2679 4541 2894 4582 omnem
2939 4529 3265 4595 veritatem;
3304 4528 3658 4596 vel,deducet
3711 4550 3800 4591 vos

2094 4616 2150 4669 in
2181 4616 2333 4670 omni
2366 4614 2615 4671 veritate.

2162 4703 2215 4757 5.
2250 4706 2383 4770 Quae
2432 4720 2565 4759 cum
2614 4703 2695 4760 ita
2746 4703 2884 4774 sint,
2919 4704 3308 4775 dilectissimi,
3351 4725 3551 4769 moneo
3591 4730 3694 4770 vos
3740 4716 3802 4772 in

2096 4790 2378 4848 charitate
2421 4792 2654 4863 Christi,
2688 4801 2748 4849 ut
2787 4794 3120 4851 seductores
3162 4800 3412 4856 caveatis
3453 4801 3715 4873 impuros
3746 4812 3805 4863 et

2096 4884 2377 4939 obscoenas
2403 4884 2779 4957 turpitudinis
2802 4886 3097 4955 sectas,de
3118 4887 3335 4959 quibus
3358 4890 3439 4947 ait
3459 4894 3801 4965 Apostolus,

2096 4975 2230 5043 Quae
2275 4980 2460 5030 autem
2502 4974 2706 5031 occulte
2751 4975 2892 5045 ﬁunt
2938 4976 3005 5032 ab
3052 4976 3201 5048 istis,
3234 4983 3391 5052 turpe
3432 4987 3507 5039 est
3537 4988 3587 5040 et
3617 4985 3804 5043 dicere

2093 5063 2310 5136 (Ep/tes.
2344 5081 2399 5131 v,
2437 5064 2522 5136 12)
2558 5081 2569 5119 :
2606 5081 2676 5121 ne
2715 5081 2846 5121 cum
2891 5065 3214 5126 horrendas
3262 5069 3669 5130 immunditias
3695 5077 3802 5132 do-

2094 5170 2222 5210 cere
2265 5155 2563 5227 cmperint,
2608 5171 2751 5227 quas
2799 5155 3068 5214 humanas
3120 5176 3293 5217 aures
3340 5161 3802 5238 qualescumque

2092 5244 2235 5314 sint,
2271 5249 2497 5317 portare
2530 5262 2644 5303 non
2676 5252 2942 5319 possunt,
2975 5248 3177 5307 dicant
3206 5251 3331 5323 ipsa
3362 5268 3488 5309 esse
3520 5270 3647 5325 quas
3679 5255 3797 5311 Do—

2092 5333 2286 5390 minus
2336 5335 2436 5405 ait,
2470 5335 2654 5392 Adhuc
2699 5338 2882 5395 multa
2928 5339 3100 5396 habeo
3142 5341 3291 5397 vobis
3337 5341 3537 5412 dicere,
3569 5344 3659 5401 sed
3690 5362 3798 5403 non

2096 5425 2323 5494 potestis
2349 5434 2570 5497 portare
2598 5427 2788 5495 modo;
2817 5431 2873 5484 et
2903 5444 3005 5500 per
3032 5429 3313 5503 Spiritum
3345 5441 3612 5493 sanctum
3644 5453 3801 5495 asse-

2099 5520 2227 5570 rant
2249 5516 2371 5571 ﬁeri
2397 5521 2459 5571 ut
2490 5518 2715 5589 possint
2744 5518 2843 5575 illa
2874 5519 3177 5580 immunda
3200 5526 3255 5581 et
3276 5525 3527 5585 nefanda
3552 5531 3795 5601 portari,

2160 5622 2229 5686 (a)
2264 5625 2424 5674 Grazc.
2435 5660 2447 5684 ,
2478 5624 2727 5687 adc‘gt’sei.
