4148 6190
133 72 334 122 τ-
355 70 494 89 τηε-λ’

261 109 280 119 ι

261 109 280 119 Α.

181 131 202 144 δ

323 302 486 360 1877

315 431 445 486 Alia
469 435 606 486 sunt
630 429 782 486 mala
805 446 935 501 quae
966 434 1196 500 portare
1226 445 1341 488 non
1377 437 1568 504 potest
1590 434 2032 508 qualiscumque

317 523 513 594 pudor
545 521 864 582 humanus;
891 525 948 576 et
968 520 1112 576 alias
1142 527 1281 577 sunt
1311 523 1461 579 bona
1492 540 1620 597 quae
1655 530 1886 596 portare
1918 542 2032 581 non

318 616 517 684 potest
549 626 762 682 parvus
794 627 1001 666 sensus
1036 610 1329 668 humanus
1356 630 1368 668 :
1395 612 1505 669 ista
1537 615 1685 670 tiunt
1708 616 1766 669 in
1789 615 2036 686 corpori-

320 703 436 758 bus
470 702 810 773 impudicis,
845 702 944 758 illa
973 708 1194 758 remota
1224 708 1363 760 sunt
1387 722 1420 759 a
1442 707 1782 776 corporibus
1814 707 2035 762 univer-

316 792 438 861 sis;
476 793 581 847 hoc
615 793 849 865 impura
879 808 1051 848 carne
1080 794 1486 861 committitur,
1513 795 1650 851 illud
1678 813 1818 867 pura
1841 801 2034 852 mente

318 881 414 937 vix
445 881 721 937 cernitur.
754 901 780 934 α
803 882 1178 939 Renovamini
1211 898 1348 955 ergo
1369 884 1576 954 spiritu
1600 885 1812 942 mentis
1833 894 2033 941 vestrae

321 995 349 1019 ‹ι
377 971 590 1042 (Ephes.
625 988 700 1041 ιν,
724 972 838 1042 23),
889 975 946 1027 et
996 972 1302 1044 intelligite
1351 992 1477 1045 quae
1511 975 1584 1030 sit
1611 976 1878 1031 voluntas
1909 974 2032 1045 Dei,

320 1063 479 1133 quod
505 1062 714 1118 bonum
735 1069 818 1118 est
841 1067 897 1118 et
922 1063 1350 1134 beneplacitum
1376 1069 1432 1120 et
1465 1068 1786 1136 perfectum
1812 1089 1839 1116 »
1861 1069 2030 1138 (Rom.

320 1169 428 1218 xu,
461 1156 518 1222 2)
553 1170 566 1208 :
602 1175 628 1201 ‹‹
665 1157 728 1207 ut
757 1153 818 1208 in
850 1152 1132 1208 charitate
1163 1154 1402 1210 radicati
1435 1159 1490 1210 et
1520 1156 1766 1224 fundati,
1799 1156 2035 1228 possitis

321 1241 812 1313 comprehendere
842 1257 976 1299 cum
1010 1244 1282 1300 omnibus
1317 1245 1556 1314 sanctis,
1588 1263 1710 1316 qua:
1744 1246 1820 1302 sit
1849 1246 2034 1317 longi-

323 1333 490 1396 tudo,
542 1331 804 1400 latitudo,
856 1332 1102 1389 altitudo
1149 1338 1206 1390 et
1249 1336 1642 1407 profundum;
1693 1353 2038 1409 cognoscere

321 1422 507 1476 etiam
531 1421 1065 1494 supereminentem
1089 1424 1341 1480 scientiae
1368 1425 1706 1482 charitatem
1729 1427 1959 1496 Christi,
1976 1431 2038 1481 ut

322 1509 695 1580 impleamini
727 1509 784 1566 in
812 1527 1046 1566 omnem
1077 1512 1490 1582 plenitudinem
1529 1515 1624 1570 Dei
1651 1538 1678 1563 ››
1704 1515 1918 1588 (Ephes.
1952 1532 2035 1584 ιιι,

327 1599 547 1670 17-19).
585 1601 698 1656 Isto
729 1600 883 1656 enim
920 1601 1092 1658 modo
1124 1619 1224 1659 vos
1255 1604 1482 1660 docebit
1512 1605 1757 1677 Spirilus
1801 1611 2040 1663 sanctus

323 1705 562 1745 omnem
594 1690 918 1758 veritatem,
946 1708 1080 1746 cum
1114 1694 1297 1765 magis
1330 1695 1636 1766 magisque
1667 1695 1952 1752 ditl‘undct
1981 1695 2041 1752 in

327 1779 608 1838 cordibus
638 1781 841 1838 vestris
872 1781 1239 1839 charitatem.

847 1917 1268 1975 TRACTATUS
1312 1920 1526 1980 XCVII.

825 2010 886 2063 In
925 2010 1184 2067 eamdem
1232 2013 1542 2070 lectionem.

401 2128 449 2182 1.
478 2126 728 2198 Spiritus
750 2130 990 2184 sanctus
1012 2145 1183 2199 quem
1205 2131 1774 2202 promisitDominus
1796 2150 1856 2189 se
1875 2134 2042 2192 disci-

321 2218 480 2290 pulis
502 2219 625 2274 suis
655 2233 784 2274 esse
816 2217 1276 2294 missurum,qui
1307 2237 1404 2278 eos
1434 2223 1663 2279 doceret
1685 2241 1913 2280 omnem
1953 2241 2044 2281 ve-

323 2309 581 2375 ritatem,
606 2324 780 2380 quam
813 2312 952 2365 tunc
976 2311 1207 2380 quando
1240 2328 1375 2368 cum
1411 2313 1492 2368 eis
1525 2314 1887 2385 loquebatur,
1913 2334 2043 2387 por-

321 2403 446 2454 tare
479 2415 594 2455 non
619 2402 917 2469 poterant:
953 2400 1022 2456 de
1055 2415 1169 2471 quo
1203 2401 1418 2472 Spiritu
1452 2408 1674 2473 sancto,
1709 2404 1862 2462 sicut
1904 2406 2047 2462 dicit

323 2489 660 2561 Apostolus,
711 2506 867 2546 nunc
913 2491 1113 2562 pignus
1163 2493 1493 2565 accepimus
1542 2496 1619 2563 (II
1672 2497 1792 2552 Cor.
1845 2515 1885 2567 ι,
1929 2499 2042 2569 22),

324 2598 442 2652 quo
476 2581 651 2636 verbo
684 2581 1144 2653 intelligeremus
1171 2584 1300 2654 ejus
1332 2585 1754 2655 plenitudinem
1789 2588 1954 2644 nobis
1985 2589 2044 2645 in

323 2673 442 2726 vita
474 2671 592 2725 alia
621 2671 938 2728 reservari:
967 2672 1092 2744 ipse
1113 2690 1250 2745 ergo
1272 2674 1521 2744 Spiritus
1549 2682 1787 2733 sanctus
1812 2686 1860 2733 ct
1892 2695 2044 2735 nunc

320 2765 493 2820 docet
523 2761 745 2829 fideles,
770 2767 992 2835 quanta
1024 2763 1272 2835 quisque
1307 2770 1497 2836 potest
1531 2783 1737 2838 capere
1769 2769 2044 2839 spiritua-

321 2852 435 2919 lia;
471 2856 526 2907 ct
556 2867 756 2907 eorum
790 2857 1026 2924 pectora
1058 2854 1348 2911 desiderio
1391 2857 1604 2927 majore
1645 2860 1965 2928 succendit,
1998 2860 2046 2917 si

325 2945 578 3016 quisque
601 2943 658 2999 in
673 2959 740 2999 ea
752 2943 1030 3000 charitate
1054 2946 1341 3018 proficiat,
1361 2946 1496 3019 quia
1511 2952 1568 3004 et
1581 2948 2046 3023 diligatcognita,

323 3044 381 3091 et
411 3036 821 3107 cognoscenda
852 3034 1139 3092 desideret
1166 3053 1178 3092 :
1206 3037 1285 3093 ita
1318 3041 1382 3093 ut
1413 3053 1480 3094 ea
1501 3055 1732 3111 quoque
1762 3041 1889 3112 ipsa
1920 3058 2046 3112 quae

324 3142 486 3182 nunc
501 3125 1034 3198 quomodocumque
1047 3126 1629 3199 cognoscit,nondum
1644 3145 1706 3185 se
1721 3130 1867 3187 scire
1880 3131 2047 3200 sciat,

329 3215 728 3272 sicutscienda
743 3220 883 3270 sunt
900 3215 959 3271 in
983 3215 1179 3272 eavita
1203 3234 1382 3288 quam
1411 3234 1513 3274 nec
1532 3218 1735 3276 oculus
1757 3221 1920 3288 vidit,
1943 3238 2048 3278 nec

329 3304 494 3361 auris
516 3304 758 3373 audivit,
785 3320 890 3360 nec
918 3305 974 3361 in
999 3321 1096 3362 cor
1120 3305 1374 3362 hominis
1395 3309 1659 3364 ascendit
1682 3309 1726 3380 (Ι
1747 3310 1868 3366 Cor.
1891 3329 1950 3376 ιι,
1968 3311 2044 3382 9).

327 3399 457 3462 Quo
492 3395 716 3451 sciendi
743 3395 936 3465 modo,
963 3400 1010 3451 si
1034 3413 1189 3452 nunc
1220 3413 1287 3453 ea
1316 3397 1482 3454 vellet
1505 3399 1745 3456 interior
1773 3401 2051 3473 magister

330 3488 547 3551 dicere,
575 3485 630 3541 id
659 3489 767 3552 est,
792 3489 1001 3542 nostrae
1025 3487 1206 3544 menti
1238 3488 1461 3558 aperire
1481 3494 1654 3560 atque
1687 3500 2008 3548 monstrare
2033 3511 2048 3561 ;

333 3575 594 3630 humana
612 3573 924 3630 infirmitas
948 3580 1180 3647 portare
1204 3592 1319 3632 non
1336 3582 1550 3648 posset.
1567 3578 1728 3636 Unde
1752 3597 1844 3636 me
1860 3585 2050 3638 vestra

333 3662 573 3720 Dilectio
597 3664 867 3743 meminit
891 3665 1014 3735 jam
1047 3663 1331 3736 locutum,
1360 3683 1495 3723 cum
1532 3668 1717 3725 sancti
1755 3669 2050 3743 Evangelii

336 3756 510 3810 verba
560 3741 962 3824 tractaremus,
1000 3754 1096 3810 ubi
1146 3755 1432 3812 Dominus
1484 3757 1582 3826 ait,
1635 3758 1820 3815 Adhuc
1867 3741 2052 3816 multa

333 3843 502 3899 habeo
535 3845 682 3900 vobis
710 3843 908 3911 dicere,
941 3844 1031 3899 sed
1058 3860 1166 3900 non
1198 3845 1424 3915 potestis
1454 3850 1674 3918 portare
1717 3850 1888 3905 modo.
1923 3850 2046 3906 Non

336 3939 401 3988 ut
423 3935 482 3988 in
509 3933 599 3989 his
616 3933 842 3989 Domini
865 3933 1053 3989 verbis
1069 3934 1258 3991 nescio
1281 3952 1408 4008 quae
1423 3945 1642 3993 secreta
1667 3938 1838 3995 nimis
1854 3940 2050 3996 abdita

333 4025 725 4096 suspicemur,
750 4040 875 4095 quae
908 4040 1031 4080 cum
1063 4025 1175 4082 dici
1208 4043 1241 4081 a
1272 4027 1512 4084 docente
1551 4029 1795 4101 possint,
1830 4031 2048 4101 portari

332 4134 365 4171 a
396 4116 660 4172 discente
692 4132 807 4170 non
844 4117 1068 4187 possint
1098 4133 1113 4174 :
1149 4118 1247 4173 sed
1280 4133 1344 4174 ea
1375 4119 1504 4191 ipsa
1535 4138 1662 4192 qua:
1695 4121 1751 4177 in
1786 4122 2048 4179 doctrina

335 4205 636 4278 religionis
659 4205 717 4261 in
742 4205 1134 4277 quorumlibet
1157 4207 1462 4265 hominum
1489 4211 1694 4268 notitia
1717 4211 1968 4283 legimus
1998 4219 2051 4268 et

337 4295 674 4363 scribimus,
722 4295 997 4352 audimus
1046 4299 1101 4353 et
1146 4298 1421 4366 dicimus,
1456 4300 1504 4356 si
1550 4300 1719 4357 vellet
1766 4317 1830 4357 eo
1878 4302 2049 4358 modo

339 4387 506 4443 nobis
539 4385 810 4442 Christus
849 4385 1059 4454 dicere,
1086 4387 1233 4443 sicut
1262 4404 1329 4444 ea
1378 4390 1518 4446 dicit
1561 4392 1796 4464 Angelis
1831 4393 2050 4449 sanctis

337 4478 397 4533 in
420 4477 616 4548 seipso
652 4476 948 4548 unigenito
978 4477 1163 4533 Patris
1195 4478 1394 4547 Verbo,
1427 4481 1694 4553 Patrique
1727 4487 2048 4553 coaeterno;

339 4568 583 4641 quinam
609 4571 835 4639 portare
860 4568 1130 4627 homines
1163 4574 1610 4643 possent,etiam
1634 4575 1681 4629 si
1716 4575 1840 4646 jam
1863 4579 2052 4632 essent

338 4658 705 4732 spirituales,
722 4659 926 4730 quales
942 4659 1133 4717 adhuc
1146 4663 1404 4733 Apostoli
1423 4680 1535 4720 non
1553 4663 2050 4737 fuerunt,quando

338 4750 452 4806 ista
481 4749 569 4806 eis
616 4749 901 4806 Dominus
947 4750 1320 4824 loquebatur,
1351 4752 1668 4825 qualesque
1714 4760 1914 4827 postea
1953 4772 2051 4811 ve-

337 4841 535 4897 niente
549 4843 746 4895 sancto
769 4839 988 4911 Spiritu
1011 4841 1146 4898 facti
1169 4841 1341 4898 sunt?
1364 4842 1510 4900 Nam
1537 4845 1739 4916 utique
1761 4845 2048 4918 quidquid

337 4932 410 4987 de
460 4933 730 4987 creatura
777 4929 910 4985 sciri
956 4933 1164 5002 potest,
1198 4931 1395 4988 minus
1443 4938 1534 4990 est
1581 4935 1706 5007 ipso
1764 4937 2050 5004 Creatore,

338 5017 439 5091 qui
473 5031 747 5073 summus
779 5020 837 5072 et
889 5033 1060 5075 verus
1110 5023 1168 5076 et
1214 5020 1602 5078 immutabilis
1654 5027 1738 5079 est
1779 5023 1951 5080 Deus.
1984 5023 2053 5078 Et

338 5109 471 5181 quis
501 5123 638 5164 eum
663 5111 855 5163 tacet?
879 5107 985 5164 Ubi
1020 5125 1133 5167 non
1163 5128 1196 5166 a
1225 5111 1571 5185 legentibus.
1603 5113 2050 5185 disputantibus,

339 5197 764 5273 quaerentibus,
797 5201 1302 5271 respondentibus,
1353 5199 1749 5272 laudantibus,
1801 5208 2050 5260 cantan-

337 5291 521 5357 tibus,
581 5290 994 5360 quoquomodo
1044 5291 1592 5360 sermocinantibus,
1645 5301 1930 5364 postremo
1977 5294 2048 5349 ab

339 5380 488 5454 ipsis
510 5378 684 5435 etiam
706 5377 1254 5452 blasphemantibus
1275 5383 1611 5439 nominatur
1631 5384 1658 5438 ?
1680 5384 1888 5440 Etcum
1913 5399 2048 5440 eum

341 5487 512 5528 nemo
533 5474 742 5537 taceat,
768 5470 897 5541 quis
931 5479 1013 5527 est
1039 5473 1137 5544 qui
1170 5489 1300 5528 eum
1334 5473 1487 5530 sicut
1517 5472 1932 5544 intelligendus
1964 5479 2052 5529 est

341 5563 556 5636 capiat,
577 5576 712 5616 cum
736 5562 808 5616 de
832 5559 1030 5617 oribus
1053 5567 1107 5617 et
1129 5563 1368 5618 auribus
1400 5563 1705 5620 hominum
1740 5580 1852 5620 non
1895 5580 2052 5620 rece—

343 5654 478 5712 dat?
499 5651 612 5718 Qui
636 5654 726 5708 est
746 5651 916 5721 cujus
939 5652 1092 5710 acies
1114 5653 1189 5709 ad
1219 5669 1348 5710 eum
1375 5654 1589 5712 mentis
1613 5653 1890 5713 accedat?
1915 5655 2054 5720 Quis

1508 299 1971 360 TRAC'I‘ATUS
2015 298 2245 359 XCVII.
2293 295 2548 356 CAPUT
2596 293 2752 354 XVI.

3695 294 3850 352 1878

2149 438 2235 490 est
2285 433 2382 504 qui
2429 448 2560 487 eum
2612 430 2957 486 Trinitatem
3007 443 3136 484 esse
3185 427 3411 492 scisset,
3446 427 3558 483 nisi
3599 429 3724 498 ipse
3763 432 3847 487 sic

2142 523 2503 579 innotescere
2550 522 2832 578 voluisset
2853 522 2878 575 ?
2931 521 2998 576 Et
3029 522 3160 592 quis
3195 520 3496 575 hominum
3526 521 3643 588 jam
3675 520 3846 577 istam

2144 615 2312 671 sileat
2358 614 2702 670 Trinitatem
2758 630 2771 667 :
2823 616 2877 668 et
2931 617 3120 668 tamen
3169 613 3299 684 quis
3343 611 3649 666 hominum
3700 614 3851 668 sicut

2143 704 2345 775 Angeli
2407 703 2592 774 sapiat
2648 701 3034 757 Trinitatem?
3093 702 3172 756 Ea
3227 703 3356 772 ipsa
3415 715 3551 771 ergo
3601 717 3730 770 quae
3784 702 3853 756 de

2144 793 2241 850 Dei
2285 793 2626 861 aeternitate,
2676 792 2934 858 veritate,
2987 792 3310 857 sanctitate,
3363 790 3421 844 in
3474 795 3748 859 promptu
3797 796 3855 845 et

2145 886 2342 957 palam
2392 884 2518 938 sine
2566 881 2890 939 cessatione
2941 881 3237 947 dicuntur,
3285 881 3355 935 ab
3407 879 3534 935 aliis
3578 880 3742 949 bene,
3782 881 3852 934 ab

2146 976 2276 1032 aliis
2301 976 2448 1032 male
2473 976 2913 1046 intelliguntur:
2940 974 3056 1028 imo
3082 974 3150 1027 ab
3173 973 3302 1028 aliis
3325 972 3756 1042 intelliguntur,
3781 974 3852 1028 ab

2146 1065 2276 1122 aliis
2301 1083 2413 1122 non
2439 1065 2866 1136 intelliguntur.
2917 1064 3024 1128 Qui
3060 1063 3210 1119 enim
3247 1063 3396 1117 male
3424 1061 3716 1130 intelligit,
3738 1080 3852 1118 non

2147 1156 2437 1227 intelligit.
2462 1156 2545 1210 Ab
2569 1154 2652 1209 eis
2676 1153 2820 1225 ipsis
2845 1160 3035 1209 autem
3064 1170 3094 1207 a
3117 1151 3332 1222 quibus
3356 1152 3500 1207 bene
3523 1151 3855 1222 intelligun-

2148 1250 2260 1315 tur,
2293 1246 2362 1300 ab
2394 1246 2523 1300 aliis
2550 1244 2769 1312 minus,
2803 1243 2874 1297 ab
2918 1241 3050 1297 aliis
3099 1240 3353 1312 amplius
3402 1240 3615 1296 mentis
3645 1241 3855 1295 vivaci-

2148 1341 2261 1391 tate
2292 1337 2628 1402 cernuntur,
2654 1336 2709 1388 et
2740 1348 2772 1386 a
2806 1331 2964 1386 nullo
2997 1330 3303 1386 hominum
3335 1329 3488 1384 sicut
3518 1329 3590 1384 ab
3618 1330 3854 1401 Angelis

2149 1427 2478 1498 capiuntur.
2514 1425 2576 1478 In
2625 1423 2752 1494 ipsa
2799 1436 2930 1491 ergo
2978 1426 3186 1488 mente,
3223 1419 3329 1474 hoc
3360 1422 3444 1474 est
3484 1419 3540 1472 in
3582 1419 3855 1474 interiore

2149 1516 2404 1580 homine,
2457 1511 2889 1584 quodammodo
2939 1508 3230 1575 crescitur,
3268 1524 3383 1563 non
3434 1507 3617 1563 solum
3668 1512 3734 1564 ut
3782 1510 3853 1562 ad

2150 1604 2344 1659 cibum
2377 1603 2584 1658 alacte
2633 1603 2983 1668 transeatur,
3013 1613 3214 1654 verum
3264 1597 3439 1652 etiam
3490 1601 3554 1650 ut
3603 1597 3857 1668 amplius

2150 1697 2323 1764 atque
2353 1693 2604 1762 amplius
2627 1689 2793 1746 cibus
2816 1689 2940 1760 ipse
2962 1691 3249 1743 sumatur.
3278 1688 3397 1741 Non
3432 1690 3628 1742 autem
3652 1688 3858 1743 cresci-

2151 1789 2246 1840 tur
2266 1783 2525 1855 spatiosa
2548 1781 2722 1845 mole,
2745 1781 2845 1835 sed
2869 1778 3257 1850 intelligentia
3292 1777 3622 1845 luminosa;
3647 1779 3783 1848 quia
3803 1785 3859 1834 ct

2151 1875 2273 1944 ipse
2294 1873 2460 1928 cibus
2483 1869 2870 1942 intelligibilis
2893 1869 2992 1924 lux
3012 1873 3121 1924 est.
3140 1867 3206 1922 Ut
3228 1883 3364 1939 ergo
3389 1867 3684 1936 crescatis,
3700 1882 3858 1923 eum-

2153 1979 2264 2034 que
2296 1961 2554 2033 capiatis,
2587 1965 2642 2016 et
2670 1964 2885 2031 quanto
2931 1958 3120 2029 magis
3166 1957 3450 2022 crescitis,
3487 1965 3639 2013 tanto
3673 1958 3860 2029 magis

2154 2052 2452 2124 magisque
2474 2050 2749 2123 capiatis;
2773 2067 2888 2105 non
2908 2049 2979 2104 ab
2998 2065 3062 2104 eo
3085 2049 3316 2104 doctore
3343 2047 3443 2118 qui
3465 2047 3671 2103 vestris
3703 2048 3860 2104 auri-

2154 2145 2264 2198 bus
2284 2146 2474 2207 sonat,
2493 2142 2600 2197 hoc
2615 2145 2724 2210 est,
2741 2139 3060 2196 forinsecus
3074 2138 3366 2209 operando
3382 2135 3608 2208 plantat
3621 2140 3675 2192 et
3688 2137 3857 2207 rigat.

2154 2234 2253 2289 sed
2287 2232 2358 2288 ab
2388 2248 2453 2288 eo
2485 2231 2584 2302 qui
2617 2231 2714 2285 dat
2756 2230 3182 2284 incrementum
3212 2227 3258 2298 (Ι
3290 2226 3408 2281 Cor.
3445 2241 3527 2292 ιιι,
3559 2225 3637 2294 6),
3670 2229 3859 2296 petere

2154 2340 2220 2380 ac
2250 2339 2484 2394 sperare
2515 2320 2761 2377 debetis.

2223 2414 2276 2467 2.
2333 2411 2598 2480 Proinde,
2650 2409 2803 2464 sicut
2853 2405 3137 2480 praeterito
3187 2419 3453 2460 sermone
3502 2404 3860 2473 commonui,

2154 2508 2370 2570 cavete,
2407 2503 2658 2556 maxime
2690 2499 2789 2569 qui
2831 2495 3053 2568 parvuli
3087 2494 3228 2550 estis
3257 2498 3312 2549 et
3341 2493 3531 2548 adhue
3571 2491 3864 2548 alimentis

2154 2593 2353 2650 lacteis
2376 2591 2674 2663 indigetis,
2696 2606 2766 2644 ne
2799 2586 3139 2644 hominibus
3171 2585 3274 2640 sub
3306 2585 3415 2640 hac
3440 2583 3744 2640 occasione
3767 2583 3862 2638 de-

2154 2683 2332 2755 ceptis
2355 2699 2422 2738 ac
2443 2680 2876 2752 deceptoribus,
2895 2676 3034 2748 quia
3055 2675 3338 2732 Dominus
3360 2676 3460 2741 ait,
3484 2672 3670 2729 Adhuc
3690 2673 3865 2728 multa

2155 2774 2325 2831 habeo
2359 2772 2507 2829 vobis
2536 2771 2734 2840 dicere,
2768 2768 2858 2825 sed
2888 2782 2996 2823 non
3023 2767 3243 2837 potestis
3289 2768 3510 2836 portare
3557 2762 3734 2830 modo,
3767 2779 3864 2818 au-

2157 2879 2276 2919 rem
2317 2863 2606 2918 curiosam
2657 2855 2963 2929 praebentis
3003 2854 3073 2909 ad
3116 2853 3408 2923 incognita
3439 2851 3694 2918 scienda,
3727 2867 3862 2906 cum

2158 2960 2379 3009 mentes
2398 2949 2683 3006 invalidas
2704 2945 2966 3002 habeatis
2981 2944 3051 2999 ad
3065 2958 3201 2998 vera
3212 2946 3268 2999 et
3286 2941 3433 2997 falsa
3454 2939 3862 3011 dijudicanda:

2160 3041 2410 3099 maxime
2459 3042 2698 3110 propter
2747 3032 3221 3090 obscmnissimas
3271 3029 3685 3102 turpitudines,
3719 3045 3864 3100 quas

2157 3130 2356 3188 docuit
2404 3132 2638 3185 satanas
2685 3124 2910 3180 animas
2942 3120 3244 3178 instabiles
3272 3124 3446 3191 atque
3474 3118 3760 3185 carnales,
3793 3120 3864 3174 ad

2161 3221 2268 3276 hoc
2301 3220 2414 3275 Deo
2446 3217 2696 3282 sinente,
2731 3217 2794 3267 ut
2823 3213 2950 3282 ejus
2985 3210 3202 3280 ubique
3232 3209 3352 3265 sint
3382 3208 3680 3264 tremenda
3703 3207 3865 3276 judi-

2161 3312 2270 3379 cia,
2313 3318 2366 3366 et
2406 3310 2465 3364 in
2505 3303 2942 3378 comparatione
2988 3301 3230 3371 impurae
3271 3297 3542 3368 nequitiae
3572 3298 3867 3354 dulcescat

2159 3402 2471 3476 purissima
2493 3397 2834 3470 disciplina;
2860 3397 3035 3464 atque
3061 3394 3121 3445 ut
3142 3389 3226 3444 illi
3249 3390 3342 3444 det
3371 3388 3672 3476 honorem,
3694 3389 3862 3476 timo-

2161 3474 2281 3548 rem
2314 3496 2506 3547 autem
2533 3488 2621 3543 vel
2654 3486 2934 3558 pudorem
2965 3480 3094 3545 sibi,
3121 3478 3222 3549 qui
3254 3477 3311 3531 in
3364 3475 3464 3530 illa
3486 3474 3636 3531 mala
3655 3475 3743 3530 vel
3766 3475 3863 3530 illo

2159 3586 2391 3654 regente
2441 3595 2554 3634 non
2605 3575 2831 3633 cecidit.
2866 3571 2951 3628 vel
3004 3569 3101 3625 illo
3149 3568 3284 3623 inde
3334 3566 3558 3622 levante
3587 3566 3864 3620 surrexit.

2159 3674 2362 3729 Cavete
2389 3667 2646 3726 timendo
2668 3670 2724 3723 et
2743 3663 2979 3728 orando,
3005 3675 3075 3716 ne
3097 3657 3335 3715 irruatis
3356 3657 3417 3712 in
3440 3655 3583 3712 illud
3617 3656 3867 3728 aenigma

2159 3759 2508 3829 Salomonis,
2544 3757 2642 3813 ubi
2674 3756 2876 3810 mulier
2905 3751 3180 3820 insipiens
3209 3752 3258 3803 et
3289 3745 3503 3813 audax,
3523 3746 3678 3816 inops
3705 3746 3866 3815 panis

2159 3854 2369 3924 effecta,
2403 3850 2680 3905 convocat
2720 3846 3137 3918 praetereuntes
3169 3837 3384 3904 dicens,
3416 3837 3590 3890 Panes
3634 3835 3866 3890 occultos

2162 3946 2395 4000 libenter
2437 3940 2709 4009 altingite,
2744 3945 2797 3992 et
2834 3948 2998 4005 aqua?
3039 3931 3264 4004 furtivae
3304 3925 3653 3982 dulcedinem
3683 3926 3867 3996 (Prov.

2161 4052 2239 4103 rx,
2274 4034 2484 4103 13-17).
2523 4033 2650 4087 Haec
2694 4027 2850 4084 enim
2899 4022 3105 4080 mulier
3135 4020 3358 4076 vanitas
3399 4021 3489 4073 est
3531 4017 3866 4088 impiorum,

2163 4141 2289 4181 cum
2317 4124 2434 4180 sint
2465 4116 2958 4192 insipientissimi,
2983 4111 3200 4184 aliquid
3225 4126 3283 4166 se
3305 4108 3454 4165 scire
3475 4107 3866 4178 opinantium,

2162 4216 2314 4271 sicut
2344 4215 2414 4271 de
2442 4213 2554 4268 ista
2586 4209 2828 4265 muliere
2860 4207 3078 4262 dictum
3111 4206 3219 4266 est,
3252 4201 3412 4271 inops
3449 4198 3614 4268 panis
3651 4198 3864 4268 effecta.

2162 4309 2295 4374 Qua
2318 4321 2448 4360 cum
2472 4303 2550 4358 sit
2571 4301 2737 4371 inops
2762 4297 2948 4369 panis,
2974 4290 3254 4367 promittit
3285 4303 3494 4360 panes;
3519 4286 3576 4340 id
3600 4289 3708 4374 est,
3732 4301 3865 4339 cum

2163 4373 2243 4452 sit
2269 4395 2475 4468 ignara
2503 4389 2781 4455 veritatis,
2812 4385 3094 4456 promittit
3125 4378 3441 4468 scientiam
3460 4373 3739 4468 veritatis.
3765 4374 3863 4428 Oc-

2163 4465 2347 4542 cultos
2379 4491 2568 4538 tamen
2604 4495 2780 4550 panes
2815 4473 3115 4547 promittit,
3151 4484 3299 4539 quos
3333 4465 3475 4522 dicit
3505 4465 3748 4520 libenter
3779 4469 3865 4517 at-

2162 4575 2328 4645 tingi,
2361 4577 2416 4628 et
2465 4587 2627 4641 aqua:
2675 4566 2896 4622 furtiva:
2929 4559 3332 4626 dulcedinem;
3368 4559 3431 4610 ut
3461 4571 3526 4610 ea
3556 4553 3774 4645 scilicet
3801 4552 3866 4645 li-

2162 4640 2397 4720 bentius
2419 4664 2474 4715 et
2497 4640 2723 4714 dulcius
2747 4653 3062 4710 audiantur
3084 4654 3140 4704 et
3158 4650 3568 4719 agantur,qure
3592 4640 3780 4714 palam
3805 4641 3863 4696 in

2163 4751 2416 4808 Ecclesia
2437 4749 2549 4804 dici
2572 4745 2846 4816 credique
2869 4740 3268 4814 prohibentur.
3291 4736 3422 4806 Ipsa
3443 4732 3658 4806 quippe
3680 4729 3868 4787 occul-

2162 4840 2378 4896 talione
2400 4837 2680 4894 condiunt
2702 4831 3132 4906 quodammodo
3155 4824 3359 4882 nefarii
3375 4824 3641 4878 doctores
3663 4835 3766 4876 sua
3779 4835 3868 4874 vc-

2166 4947 2315 4988 neua
2364 4927 2647 4995 curiosis;
2682 4930 2747 4981 ut
2776 4925 2905 4979 ideo
2933 4937 2995 4977 se
3025 4917 3360 4975 existiment
3389 4910 3610 4982 aliquid
3643 4908 3864 4963 discere

2166 5036 2462 5092 magnum,
2504 5018 2642 5089 quia
2689 5013 2900 5072 meruit
2949 5010 3159 5066 habere
3207 5008 3516 5067 secretum,
3544 5007 3598 5092 et
3630 4996 3865 5092 suavius

2164 5087 2883 5178 hauriant-insipientiam,
2909 5116 3086 5173 quam
3113 5099 3317 5170 putant
3349 5091 3675 5158 scientiam,
3699 5087 3866 5157 cujus

2162 5199 2511 5271 prohibitam
2545 5192 2971 5270 quodammodo
3003 5189 3266 5244 furantur
3296 5178 3672 5238 audientiam.

2230 5293 2281 5346 3.
2318 5291 2463 5347 Hinc
2494 5268 2830 5345 etinelarios
2860 5286 3007 5340 ritus
3038 5295 3177 5336 suos
3211 5271 3543 5332 hominibus
3583 5268 3865 5340 sacrilega

2162 5380 2490 5436 curiositate
2512 5376 2769 5449 deceptis
2784 5375 2866 5432 vel
2887 5367 3246 5442 decipiendis
3271 5362 3626 5449 magicarum
3649 5359 3860 5449 artium

2163 5469 2425 5524 doctrina
2457 5448 2845 5523 commendat.
2879 5459 3023 5516 Hinc
3067 5456 3179 5512 illae
3232 5451 3449 5509 illicitae
3480 5448 3863 5505 divinationes

2161 5559 2434 5629 inspectis
2469 5557 2758 5631 pecudum
2788 5550 3107 5609 visceribus
3139 5545 3481 5609 occisorum,
3508 5547 3603 5596 aut
3628 5539 3864 5594 vocibus

2163 5656 2217 5710 et
2247 5649 2540 5707 volatibus
2572 5649 2789 5717 avium,
2823 5650 2926 5702 aut
2956 5640 3138 5713 signis
3169 5631 3627 5694 multiformibus
3659 5631 3867 5685 daemo-
