4148 6190
306 228 460 292 1879

302 365 936 434 num,insusurrantur
984 362 1225 418 auribus
1274 362 1574 418 hominum
1609 363 1997 433 periturorum

305 473 407 530 per
446 455 734 525 colloquia
777 453 1153 524 perditorum.
1183 452 1423 522 Propter
1453 453 1573 508 haec
1608 452 1800 507 illicita
1830 457 2005 522 atque

306 546 597 619 punienda
631 548 871 610 secreta,
897 542 1105 599 mulier
1124 541 1224 598 illa
1247 559 1359 598 non
1384 541 1570 597 solum
1594 542 1882 614 insipiens,
1910 556 2002 596 ve-

308 653 438 692 rum
467 636 656 692 audax
684 636 858 691 etiam
894 637 1287 704 nuncupatur.
1321 632 1433 688 Sed
1461 632 1583 688 haec
1614 649 1727 689 non
1760 631 1948 687 solum
1975 647 2007 687 a

308 742 369 783 re
419 726 563 797 ipsa,
596 742 793 780 verum
826 731 874 779 et
910 740 943 779 a
974 722 1206 777 nomine
1239 726 1447 777 nostrae
1492 721 1790 793 religionis
1820 720 2008 777 aliena

308 821 465 871 sunt.
496 815 639 879 Quid
677 814 825 884 quod
877 811 1086 866 mulier
1116 810 1236 865 haec
1263 810 1543 880 insipiens
1572 815 1627 865 et
1657 810 1863 879 audax,
1895 808 2005 865 sub

307 904 621 960 christiano
671 902 950 958 vocabulo
1000 904 1087 955 tot
1132 900 1399 955 scelestas
1451 900 1693 955 haereses
1726 898 2002 966 condidit,

304 1000 387 1049 tot
434 994 712 1049 nefandas
763 991 982 1046 tabulas
1033 989 1236 1044 ﬁnxit?
1268 989 1497 1044 Utinam
1534 989 1676 1044 tales
1709 988 1911 1059 quales
1942 989 2001 1042 in

303 1083 541 1139 theatris
591 1082 710 1138 sive
759 1085 1085 1151 cantantur,
1120 1081 1237 1136 sive
1270 1080 1572 1147 saltanlur,
1608 1078 1725 1132 sive
1770 1077 2005 1133 mimica

299 1174 649 1231 scurrilitate
698 1174 994 1239 ridentur;
1029 1177 1084 1227 et
1125 1189 1237 1227 non
1281 1171 1562 1243 quasdam
1607 1169 1773 1237 tales,
1808 1168 2003 1239 quales

298 1266 569 1319 adversus
616 1264 797 1319 Deum
847 1263 1069 1332 ﬁngere
1110 1260 1370 1331 potuisse
1401 1260 1485 1315 sic
1516 1258 1672 1314 illam
1706 1258 2003 1313 doleamus

298 1353 717 1424 insipientiam,
764 1360 824 1407 ut
872 1352 1153 1406 miremur
1202 1348 1526 1404 audaciam.
1561 1348 1777 1403 Omnes
1811 1352 2002 1403 autem

299 1442 772 1514 insipientissimi
806 1440 1085 1507 haeretici,
1110 1439 1295 1510 quise
1316 1438 1672 1493 christianos
1694 1436 1883 1492 vocari
1914 1454 2006 1492 vo-

298 1531 447 1597 lunt,
482 1530 758 1585 audacias
811 1530 1221 1600 ﬁgmentorum
1271 1542 1531 1594 suorum,
1565 1542 1715 1597 quas
1753 1525 2002 1581 maxime

300 1620 565 1675 exhorret
597 1634 804 1674 sensus
831 1617 1147 1683 humanus,
1176 1616 1479 1671 occasione
1512 1615 1857 1687 evangelicae
1878 1631 2006 1670 scn-

300 1711 491 1765 tentire
540 1710 797 1765 colorare
847 1712 1150 1774 conantur,
1200 1707 1293 1762 ubi
1346 1705 1629 1762 Dominus
1681 1705 1783 1770 ait,
1819 1704 2006 1760 Adhuc

298 1801 476 1853 multa
498 1799 664 1853 hach
686 1798 832 1853 vobis
851 1797 1050 1864 dicere,
1077 1796 1169 1852 sed
1189 1812 1295 1851 non
1315 1797 1546 1867 potestis
1567 1802 1788 1865 portare
1811 1794 2001 1849 modo:

298 1888 464 1959 quasi
489 1888 614 1944 haec
637 1888 762 1958 ipsa
785 1887 904 1942 sint
922 1902 1041 1955 quae
1062 1890 1203 1940 tunc
1226 1884 1495 1953 discipuli
1526 1887 1751 1954 portare
1776 1899 1888 1939 non
1914 1898 2002 1955 po-

298 1982 506 2043 terant,
555 1982 612 2033 et
655 1992 718 2031 ea
749 1976 1009 2031 docuerit
1058 1974 1308 2046 Spiritus
1354 1979 1613 2040 sanctus,
1650 1989 1777 2045 quas
1811 1974 2001 2043 palam

296 2067 500 2122 docere
532 2070 701 2134 atque
734 2064 1068 2137 praadicare,
1093 2062 1455 2135 quantalibet
1491 2062 1709 2117 feratur
1740 2060 2000 2125 audacia,

295 2157 536 2225 spiritus
563 2156 855 2213 erubescit
885 2155 1242 2210 immundus.

366 2248 418 2301 4.
446 2246 561 2300 Hos
582 2244 895 2315 Apostolus
918 2244 977 2299 in
1009 2244 1230 2315 Spiritu
1265 2245 1466 2298 sancto
1499 2240 1820 2314 praevidens
1845 2244 1861 2278 ¹
1884 2242 1961 2297 ait
1989 2259 2002 2296 :

295 2358 322 2382 «
357 2334 475 2388 Erit
505 2333 659 2389 enim
692 2338 923 2402 tempus
945 2348 1062 2403 quo
1092 2348 1297 2388 sanam
1320 2330 1647 2386 doctrinam
1680 2347 1795 2386 non
1828 2332 2004 2386 susti-

298 2422 537 2484 nebunt,
570 2422 669 2477 sed
722 2419 1046 2475 secundum
1098 2418 1386 2474 desideria
1412 2434 1521 2473 sua
1553 2418 1860 2489 magistros
1892 2418 2002 2474 sibi

298 2510 717 2565 coacervabunt
748 2509 1071 2581 prurientes
1101 2508 1300 2562 audita
1325 2522 1337 2561 :
1364 2514 1417 2561 et
1448 2522 1482 2561 a
1502 2506 1738 2561 veritate
1766 2506 2000 2578 quidem

297 2600 563 2656 auditum
587 2615 757 2654 suum
780 2602 1060 2663 averterit,
1087 2596 1161 2652 ad
1186 2596 1416 2653 fabulas
1438 2600 1635 2651 autem
1660 2599 2005 2651 converten-

296 2694 394 2744 tur
413 2712 438 2738 ››
462 2690 534 2756 (ll
569 2691 699 2746 Tim.
725 2704 801 2753 IV,
826 2688 879 2754 3,
907 2687 977 2757 4).
1006 2685 1110 2741 Illa
1135 2686 1289 2740 enim
1323 2684 1528 2741 secreti
1561 2683 1812 2756 furtique
1840 2700 2004 2741 com-

297 2778 644 2834 memoratio
662 2794 775 2848 qua
790 2776 1025 2842 dicitur,
1046 2776 1219 2829 Panes
1235 2774 1465 2829 occultos
1482 2773 1709 2829 libenter
1724 2776 1999 2844 attingite,

291 2878 343 2926 et
366 2886 519 2940 aqua
538 2866 759 2938 [urtivz
781 2865 1144 2934 dulcedinem,
1170 2864 1459 2935 pruritum
1481 2862 1617 2918 facit
1632 2862 2002 2920 audientibus

290 2958 350 3014 in
401 2958 644 3014 auribus
690 2954 1072 3028 spiritualiter
1112 2952 1553 3019 iornicantibus,
1592 2952 1737 3007 sicut
1770 2953 1997 3024 pruritu

293 3049 547 3121 quodam
563 3045 827 3101 libidinis
840 3043 1088 3101 etiamin
1104 3058 1275 3099 carne
1288 3041 2000 3114 corrumpiturintegritas

291 3139 597 3195 castitatis.
631 3136 840 3192 Audite
889 3135 1082 3205 itaque
1130 3133 1468 3205 Apostolum
1518 3131 1656 3187 talia
1684 3132 2001 3204 praeviden-

285 3232 421 3295 tem,
474 3232 532 3282 et
578 3243 646 3282 ea
692 3225 928 3281 vitanda
977 3222 1287 3279 salubriter
1332 3222 1742 3277 admonentem
1798 3238 1810 3275 :
1862 3225 1997 3279 Pro-

284 3318 467 3385 lanas,
500 3316 713 3387 inquit,
745 3314 1034 3370 verborum
1066 3313 1337 3368 novitates
1362 3310 1507 3366 evita
1536 3326 1555 3365 :
1582 3310 1820 3365 multum
1847 3312 1997 3367 enim

275 3405 574 3476 proﬁciunt
605 3403 683 3457 ad
712 3402 1081 3472 impietatem,
1113 3405 1167 3454 et
1195 3413 1369 3453 sermo
1399 3413 1589 3453 eorum
1622 3398 1768 3452 sicut
1802 3412 1997 3454 cancer

276 3494 444 3564 serpit
475 3492 577 3562 (Id.
612 3506 673 3558 ιι,
712 3492 797 3557 16,
835 3489 944 3560 17).
980 3488 1044 3543 Ει
1097 3503 1213 3543 non
1264 3487 1364 3549 ait.
1410 3486 1714 3541 verborum
1772 3488 1995 3542 novita-

282 3587 403 3649 tes;
429 3582 530 3635 sed
563 3579 807 3648 addidit,
838 3576 1294 3649 pro/anas.Sunt
1326 3574 1480 3631 enim
1514 3579 1571 3630 et
1602 3573 1875 3631 doctrinas
1903 3592 1995 3631 re-

286 3669 518 3743 ligionis
538 3675 923 3738 congruentes
948 3665 1252 3720 verborum
1287 3663 1589 3731 novitates,
1615 3662 1771 3719 sicut
1800 3663 1992 3735 ipsum

288 3775 498 3814 nomen
530 3756 993 3811 Christianorum
1019 3754 1252 3824 quando
1275 3751 1389 3808 dici
1420 3752 1683 3823 coeperit,
1708 3751 1991 3823 scriptum

288 3857 394 3905 est.
422 3849 484 3903 In
509 3845 811 3902 Antiochia
832 3844 985 3899 enim
1012 3844 1257 3912 primum
1283 3847 1412 3913 post
1443 3843 1844 3899 ascensionem
1878 3844 1992 3900 Do-

290 3938 432 3993 mini
465 3936 735 4008 appellati
768 3938 905 3989 sunt
927 3931 1198 4003 discipuli
1229 3930 1565 3998 Christiani,
1598 3933 1754 3988 sicut
1782 3932 1993 4003 legitur

283 4028 341 4084 in
375 4027 604 4083 Actibus
641 4021 1051 4095 Apostolorum
1084 4022 1219 4090 (Act.
1254 4037 1329 4087 xi,
1359 4022 1453 4091 26)
1488 4037 1500 4074 :
1532 4026 1591 4077 et
1631 4022 1993 4079 xenodochia

279 4121 336 4173 et
358 4114 710 4171 monasteria
736 4116 938 4185 postea
960 4114 1098 4166 sunt
1119 4108 1407 4181 appellata
1439 4109 1601 4165 novis
1628 4110 1989 4173 nominibus.

278 4223 367 4262 res
392 4210 589 4260 tamen
615 4205 751 4273 ipsa:
776 4206 831 4256 et
853 4205 983 4256 ante
1012 4199 1253 4255 nomina
1273 4215 1380 4255 sua
1412 4204 1597 4266 erant,
1621 4203 1675 4255 et
1699 4199 1993 4271 religionis

282 4300 522 4355 veritate
547 4298 1009 4366 firmantur,qua
1040 4292 1214 4349 etiam
1250 4296 1452 4348 contra
1476 4292 1770 4363 improbos
1791 4293 1991 4350 defen-

285 4396 521 4450 duntur.
546 4392 839 4447 Adversus
869 4388 1231 4460 impietatem
1256 4401 1489 4457 quoque
1507 4385 1851 4441 Arianorum
1876 4386 1993 4442 haz-

286 4485 599 4539 reticorum
632 4497 847 4537 novum
880 4495 1091 4535 nomen
1122 4477 1308 4534 Patris
1339 4474 1694 4531 Homousion
1724 4475 1993 4533 condide-

288 4575 426 4627 runt
457 4590 470 4625 :
505 4572 602 4628 sed
642 4588 753 4627 non
788 4585 906 4627 rem
939 4584 1145 4625 novam
1178 4566 1275 4623 tali
1311 4564 1543 4620 nomine
1575 4564 1986 4636 signaverunt;

289 4660 394 4715 hoc
424 4662 576 4716 enim
608 4665 841 4716 vocatur
870 4658 1251 4721 Homousion,
1284 4655 1436 4727 quod
1469 4660 1581 4722 est,
1603 4655 1709 4726 Ego
1736 4663 1788 4711 et
1828 4656 1992 4713 Pater

288 4764 464 4803 unum
491 4764 675 4802 sumus
705 4749 879 4815 (Joan.
904 4764 959 4814 x,
982 4746 1096 4816 30),
1122 4745 1290 4799 unius
1321 4742 1580 4799 videlicet
1610 4743 1992 4815 ejusdemque

287 4830 650 4891 substantiae.
686 4830 830 4885 Nam
865 4830 912 4884 si
936 4830 1129 4885 omnis
1151 4830 1376 4884 novitas
1400 4829 1638 4898 profana
1675 4834 1852 4899 esset,
1885 4844 1990 4885 nec

283 4944 317 4983 a
346 4922 591 4981 Domino
623 4921 934 4985 diceretur,
966 4917 1286 4973 Mandatum
1336 4910 1558 4972 novum'
1586 4918 1654 4972 do
1702 4918 1850 4974 vobis
1881 4918 1984 4989 (Id.

281 5034 402 5083 xm,
432 5015 555 5082 3ft);
587 5028 691 5068 nec
722 5010 1167 5067 Testamentum
1201 5005 1586 5078 appellaretur
1613 5007 1858 5075 Novum,
1884 5024 1989 5066 nec

283 5109 616 5162 cantaretur
648 5101 703 5156 in
748 5100 1020 5156 universa
1072 5103 1225 5155 terra
1272 5096 1577 5152 Canticum
1613 5111 1847 5151 uorum.
1877 5096 1987 5152 Sed

288 5195 537 5265 profanae
560 5196 699 5248 sunt
720 5190 1025 5248 verborum
1051 5188 1359 5255 novitates,
1379 5186 1478 5242 ubi
1510 5186 1649 5241 dicit
1668 5186 1871 5242 mulier
1902 5188 1990 5241 in—

289 5287 495 5355 sipiens
523 5292 575 5339 et
608 5283 795 5338 audax
826 5302 845 5338 :
877 5288 1057 5339 Panes
1102 5280 1333 5337 occultos
1368 5279 1602 5334 libenter
1628 5278 1908 5348 attingite,
1940 5283 1991 5333 et

295 5388 453 5443 aqua:
480 5376 703 5442 furtiva:
731 5373 1105 5429 dulcedinem.
1143 5371 1225 5426 Ab
1259 5372 1365 5426 hac
1392 5368 1809 5441 pollicitatione
1837 5367 1993 5424 falsa

299 5460 552 5515 scientiae
578 5462 841 5531 prohibet
861 5462 1036 5518 etiam
1061 5461 1159 5516 illo
1183 5460 1305 5516 loco
1326 5457 1643 5532 Apostolus
1676 5457 1771 5514 ubi
1815 5456 1992 5513 dicit:

365 5594 377 5627 ί
406 5592 604 5641 Sic.Er.
632 5593 794 5657 Lugd.
820 5596 1012 5645 ethu.
1040 5609 1051 5643 :
1074 5596 1189 5645 Hoc
1212 5594 1537 5661 Apostolus...
1559 5590 1865 5659 praevidens.
1928 5594 1993 5643 M.

1256 226 1333 286 IN
1377 226 1707 289 JOANNIS
1754 223 2298 298 EVANGELIUM,
2346 228 2411 286 S.
2462 225 2887 288 AUGUSTINI

3668 224 3815 289 1880

2117 380 2143 414 α
2178 362 2221 417 0
2253 361 2575 441 Timothee,
2610 362 2941 435 depositum
2975 363 3223 429 custodi,
3253 363 3521 420 devitans
3556 364 3820 436 profanas

2116 465 2249 506 vocu
2262 468 2310 505 ιιι
2330 451 2636 512 novitates.
2651 457 2707 508 et
2719 453 2955 508 contrad
2968 453 3213 509 ictiones
3228 453 3358 508 t'alsi
3375 454 3631 510 nominis
3646 454 3827 509 scien-

2112 539 2228 607 tia,
2262 557 2439 612 quam
2472 542 2707 613 quidam
2742 543 3169 612 promittentes,
3199 542 3353 598 circa
3385 543 3558 600 ﬁdem
3591 544 3817 600 excide-

2117 635 2255 686 runt
2280 652 2305 681 η
2330 632 2375 703 (I
2408 632 2542 687 Tim.
2574 649 2655 699 vx,
2675 632 2787 703 20).
2812 631 2967 687 Nihil
2992 632 3149 689 enim
3182 632 3265 689 sic
3295 641 3497 689 amant
3526 634 3624 689 isti
3646 650 3822 706 quam

2116 718 2417 777 scientiam
2435 721 2791 792 promittere;
2807 726 2863 777 et
2877 722 3050 778 fidem
3068 738 3258 778 rerum
3272 738 3539 781 verarum
3554 739 3695 795 quas
3706 739 3827 780 cre-

2116 808 2250 865 dere
2283 811 2497 880 parvuli
2530 811 2963 883 praecipiuntur,
2986 812 3145 867 velut
3166 810 3514 882 imperitiam
3536 813 3820 870 deridere.

2182 902 2237 956 5.
2271 901 2431 957 Dicet
2462 901 2671 974 aliquis
2707 920 2718 957 :
2748 902 2978 959 Nihilne
3008 901 3341 974 spirituales
3373 902 3479 958 viri
3511 902 3731 959 habent
3758 904 3821 958 in

2114 992 2402 1059 doctrina,
2453 994 2606 1062 quod
2660 992 2992 1049 carnalibus
3040 997 3293 1061 taceant,
3325 996 3382 1048 et
3412 992 3822 1066 spiritualibus

2115 1079 2502 1149 eloquantur?
2546 1082 2605 1137 Si
2654 1083 3029 1153 respondero,
3077 1081 3202 1137 Non
3254 1081 3491 1153 habent,
3540 1082 3822 1139 continuo

2117 1171 2258 1225 mihi
2284 1172 2509 1227 dicetur
2529 1187 2594 1227 ex
2619 1172 2877 1245 Epistola
2897 1172 2967 1228 ad
2991 1172 3318 1228 Corinthios
3340 1172 3590 1245 apostoli
3612 1173 3781 1228 Pauli
3806 1189 3821 1227 :

2114 1282 2142 1309 ‹‹
2166 1260 2287 1316 Non
2315 1261 2475 1331 potui
2498 1262 2660 1317 vobis
2694 1261 2850 1333 loqui
2886 1262 3051 1333 quasi
3083 1261 3507 1332 spiritualibus,
3531 1262 3628 1318 sed
3654 1260 3825 1334 quasi

2114 1350 2462 1406 carnalibus.
2490 1351 2664 1415 Quasi
2701 1350 2954 1422 parvulis
2977 1350 3035 1407 in
3058 1350 3289 1408 Christo
3316 1351 3405 1408 lac
3426 1351 3591 1407 vobis
3620 1356 3825 1422 potum

2114 1439 2269 1509 dedi,
2289 1444 2401 1497 non
2425 1458 2645 1510 escam;
2671 1434 2930 1497 nondum
2954 1441 3109 1497 enim
3134 1442 3411 1514 poteratis
3433 1458 3445 1496 :
3466 1442 3566 1498 sed
3593 1456 3697 1497 nec
3721 1443 3827 1498 ad-

2114 1528 2229 1585 huc
2243 1530 2474 1601 quidem
2495 1532 2756 1604 potestis;
2778 1531 2965 1586 adhuc
2983 1530 3137 1587 enim
3157 1531 3301 1588 estis
3315 1530 3579 1588 carnales
3593 1554 3621 1582 »
3634 1531 3683 1603 (Ι
3697 1533 3824 1588 Cor.

2114 1636 2197 1687 ιιι,
2224 1620 2247 1673 1
2274 1626 2327 1674 et
2347 1620 2427 1689 2);
2452 1630 2503 1675 et
2536 1619 2703 1688 illud,
2727 1643 2755 1670 «
2789 1620 3144 1692 Sapientiam
3178 1621 3478 1692 loquimur
3508 1622 3659 1678 inter
3690 1637 3825 1692 per-

2116 1710 2323 1777 fectos;
2351 1732 2377 1759 »
2393 1715 2447 1765 et
2462 1710 2625 1774 illud,
2644 1734 2669 1761 «
2696 1709 3108 1783 Spiritualibus
3130 1710 3461 1783 spiritualia
3475 1727 3825 1784 comparan-

2112 1805 2200 1855 tes
2225 1816 2238 1854 :
2264 1800 2534 1856 animalis
2555 1806 2750 1857 autem
2783 1801 2958 1856 homo
2982 1817 3095 1856 non
3121 1801 3367 1873 percipit
3388 1816 3511 1872 quas
3534 1806 3672 1857 sunt
3692 1802 3824 1873 Spi-

2111 1890 2261 1945 ritus
2274 1889 2372 1945 Dei
2390 1907 2402 1957 ;
2419 1890 2667 1945 stultitia
2683 1890 2839 1946 enim
2860 1894 2948 1946 est
2983 1890 3064 1946 illi
3085 1913 3112 1939 »
3130 1890 3240 1962 (Id.
3262 1907 3324 1961 ιι,
3341 1892 3396 1957 6,
3421 1891 3485 1945 13
3500 1898 3553 1946 ct
3576 1891 3680 1958 14).
3699 1890 3822 1947 Hoc

2114 1981 2298 2033 totum
2322 1977 2494 2049 quale
2515 1979 2607 2043 sit,
2634 1995 2703 2034 ne
2729 1995 2929 2035 rursus
2963 1980 3197 2050 propter
3227 1978 3349 2033 hac
3369 1978 3543 2033 verba
3564 1978 3818 2049 Apostoli

2111 2067 2367 2139 profanis
2399 2084 2602 2125 vocum
2638 2068 2985 2124 novitatibus
3015 2072 3238 2125 secreta
3268 2073 3627 2140 quierantur,
3654 2073 3710 2125 et
3739 2086 3815 2125 ea

2113 2172 2239 2227 quae
2263 2157 2435 2212 debet
2456 2165 2749 2212 castorum
2772 2156 3011 2227 spiritus
3032 2172 3356 2229 corpusque
3370 2157 3819 2222 vitare,dicatur

2112 2246 2377 2304 carnales
2408 2247 2697 2304 sustinere
2730 2264 2840 2303 non
2875 2265 3067 2320 posse,
3099 2264 3369 2305 sermone
3401 2248 3513 2305 alio
3544 2249 3593 2304 si
3624 2248 3822 2306 Domi-

2113 2354 2227 2394 nus
2276 2337 2591 2405 donaverit,
2641 2338 3059 2408 disputandum
3108 2342 3217 2407 est,
3259 2343 3324 2394 ut
3342 2338 3464 2410 jam
3498 2338 3677 2395 istum
3710 2338 3827 2395 ali-

2113 2429 2343 2499 quando
2374 2427 2737 2484 claudamus.

2608 2564 3029 2621 TBACTATUS
3074 2564 3321 2621 XCVIII.

2636 2683 2694 2737 In
2725 2680 2967 2736 eamdem
2997 2681 3301 2737 lectionem.

2185 2799 2235 2853 1.
2271 2802 2343 2853 Ex
2378 2798 2564 2855 verbis
2596 2797 2820 2854 Domini
2854 2797 3059 2858 nostri.
3092 2797 3191 2853 ubi
3221 2796 3384 2865 dicit,
3414 2796 3599 2854 Adhuc
3632 2798 3823 2853 multa

2111 2889 2278 2945 habeo
2324 2888 2474 2944 vobis
2527 2888 2721 2955 dicere,
2771 2886 2865 2942 sed
2918 2902 3028 2943 non
3080 2888 3305 2958 potestis
3355 2894 3579 2957 portare
3634 2887 3820 2957 modo,

2110 2984 2362 3036 exortam
2409 2978 2705 3033 difﬁcilem
2757 2976 3104 3049 quastionem
3140 2991 3232 3031 me
3273 2976 3461 3033 recolo
3491 2976 3824 3046 distulisse,

2110 3074 2172 3125 ut
2203 3068 2338 3124 inde
2358 3068 2604 3125 otiosius
2636 3070 2977 3122 tractaretur
2997 3068 3038 3137 ί,
3063 3065 3198 3138 quia
3225 3064 3391 3121 illum
3426 3065 3636 3121 modus
3662 3082 3824 3123 com-

2110 3163 2310 3229 petens
2342 3156 2726 3229 compellebat
2758 3155 2921 3212 tinire
2952 3171 3300 3211 sermonem.
3326 3154 3496 3211 Nunc
3516 3171 3653 3228 ergo
3674 3171 3823 3227 quo-

2108 3250 2263 3306 niam
2299 3258 2529 3319 tempus
2559 3251 2645 3302 est
2677 3246 2961 3318 promissa
2997 3245 3298 3311 reddendi,
3333 3249 3721 3316 pertractetur
3754 3251 3823 3301 ut

2109 3339 2387 3395 Dominus
2408 3338 2532 3409 ipse
2554 3334 2870 3403 donaverit,
2895 3334 2987 3406 qui
3009 3335 3169 3391 cordi
3205 3339 3401 3391 nostro
3434 3342 3491 3390 ut
3522 3350 3819 3406 propone-

2106 3433 2262 3486 retur
2292 3427 2554 3499 ingessit.
2588 3426 2716 3481 Haec
2747 3432 2833 3480 est
2863 3431 3051 3481 autem
3088 3424 3329 3496 quaestio
3364 3440 3377 3478 :
3411 3428 3611 3480 utrum
3642 3423 3819 3495 spiri-

2104 3518 2289 3575 tuales
2310 3516 2578 3573 homines
2600 3516 2853 3571 habeant
2874 3515 3092 3589 aliquid
3119 3514 3173 3569 in
3198 3514 3480 3582 doctrina,
3504 3515 3659 3585 quod
3684 3531 3817 3570 car-

2103 3607 2336 3664 nalibus
2369 3610 2615 3671 taceant,
2638 3610 2695 3660 et
2714 3604 3119 3677 spiritualibus
3149 3603 3362 3659 dicant.
3397 3602 3544 3668 Quia
3574 3604 3623 3659 si
3654 3603 3820 3660 dixe-

2104 3698 2307 3764 rimus,
2339 3697 2463 3752 Non
2513 3696 2763 3761 habent;
2817 3693 3261 3765 respondebitur
3309 3691 3499 3758 nobis,
3534 3692 3681 3756 Quid
3722 3699 3821 3750 est

2103 3803 2239 3860 ergo
2265 3787 2415 3858 quod
2444 3785 2673 3840 diccbat
2693 3783 2999 3855 Apostolus
3031 3783 3293 3839 scribens
3325 3785 3397 3836 ad
3426 3780 3754 3837 Corinthios
3796 3797 3810 3836 :

2103 3900 2130 3929 ‹‹
2154 3878 2279 3934 Non
2313 3876 2473 3949 potui
2496 3875 2657 3930 vobis
2688 3872 2842 3944 loqui
2867 3871 3037 3943 quasi
3068 3871 3495 3943 spiritualibus,
3520 3870 3613 3926 sed
3639 3870 3820 3940 quasi

2102 3963 2645 4028 carnalibus.Quasi
2682 3960 2935 4034 parvulis
2955 3960 3011 4015 in
3037 3960 3265 4016 Christo
3294 3962 3384 4015 lac
3414 3958 3576 4015 vobis
3609 3965 3819 4029 potum

2100 4059 2254 4125 dedi,
2288 4074 2401 4113 non
2435 4072 2658 4115 escam;
2694 4053 2953 4109 nondum
3003 4051 3158 4108 enim
3208 4050 3490 4124 poteratis
3522 4068 3535 4105 :
3570 4050 3668 4106 sed
3706 4066 3815 4106 nec

2102 4149 2294 4206 adhuc
2325 4147 2559 4219 quidem
2594 4145 2869 4217 potestis;
2902 4142 3093 4199 adhuc
3123 4142 3280 4199 enim
3313 4142 3455 4197 estis
3481 4140 3751 4197 carnales
3780 4163 3808 4189 ιι

2102 4240 2147 4311 (l
2179 4239 2304 4293 Cor.
2340 4253 2421 4303 ιιι,
2461 4236 2481 4291 1
2514 4238 2568 4290 et
2597 4233 2688 4303 2)?
2718 4232 2775 4288 Si
2815 4236 3010 4286 autem
3056 4229 3396 4298 dixerimus,
3432 4228 3696 4295 Habent;
3732 4227 3811 4282 ti-

2103 4328 2377 4385 mendum
2400 4330 2459 4381 et
2478 4323 2800 4380 cavendum
2823 4329 2929 4380 est,
2955 4335 3025 4375 ne
3045 4319 3155 4374 sub
3176 4318 3282 4376 hac
3303 4318 3603 4374 occasione
3629 4316 3691 4372 in
3714 4332 3820 4372 oc-

2102 4420 2275 4478 cultis
2325 4414 2545 4471 nefaria
2602 4413 2940 4478 doceantur,
2997 4413 3055 4464 et
3108 4406 3499 4479 spiritualium
3551 4406 3815 4477 nomine,

2101 4505 2259 4566 velut
2277 4524 2345 4562 ea
2365 4521 2494 4577 quae
2514 4501 2774 4557 carnales
2796 4513 2999 4570 capere
3029 4513 3144 4553 non
3176 4500 3444 4566 possunt,
3469 4512 3586 4552 non
3617 4495 3808 4551 solum

2103 4596 2475 4656 excusatione
2532 4588 2874 4657 dealhanda,
2933 4602 3129 4643 verum
3177 4586 3354 4642 etiam
3399 4584 3811 4658 praedicatione

2102 4688 2399 4748 laudanda
2428 4683 2752 4739 videantur.

2170 4784 2223 4836 2.
2258 4778 2515 4833 Primum
2546 4788 2681 4842 ergo
2730 4768 2879 4827 scire
2908 4769 3080 4825 debet
3108 4766 3373 4824 Charitas
3401 4770 3615 4833 vestra,
3648 4764 3805 4838 quod

2094 4873 2219 4945 ipse
2266 4868 2530 4923 Christus
2578 4859 2892 4919 cruciﬁxus
2923 4860 2965 4927 ⁸,
2996 4875 3109 4930 quo
3158 4857 3316 4914 velut
3348 4859 3492 4913 lacte
3524 4855 3802 4929 parvulos

2098 4960 2315 5017 aluisse
2344 4974 2403 5012 se
2424 4954 2566 5010 dicit
2586 4948 2895 5023 Apostolus
2917 4967 2933 5016 ;
2955 4948 3085 5019 ipsu
3110 4961 3245 5003 vero
3268 4962 3407 5002 caro
3429 4945 3583 5016 ejus,
3611 4945 3671 5001 in
3696 4961 3812 5017 qua

2099 5052 2247 5107 facta
2277 5052 2361 5103 est
2384 5062 2520 5101 vera
2554 5058 2709 5097 mors
2738 5039 2862 5107 ejus
2894 5043 2951 5094 et
2971 5037 3212 5093 vulnera
3241 5051 3375 5091 vera
3399 5034 3639 5101 conﬁxi,
3666 5050 3805 5090 san-

2100 5141 2347 5213 guisque
2381 5132 2658 5207 percussi,
2682 5147 2794 5186 non
2826 5146 2891 5187 eo
2932 5128 3104 5183 modo
3144 5143 3178 5183 a
3205 5125 3540 5182 carnalibus
3580 5140 3696 5195 quo
3737 5123 3809 5213 ab

2101 5212 2503 5303 spiritualibus
2525 5221 2901 5293 cogitatur,et
2921 5216 3039 5273 illis
3060 5220 3149 5272 est
3174 5214 3285 5284 lac,
3311 5215 3440 5271 istis
3461 5214 3652 5283 cibus;
3671 5212 3811 5286 quia

2103 5325 2159 5376 et
2189 5321 2237 5375 si
2271 5335 2382 5373 non
2417 5313 2666 5371 audiunt
2696 5307 2965 5380 amplius,
3000 5305 3335 5377 intelligunt
3373 5304 3647 5376 amplius.
3682 5304 3810 5359 Non

2172 5466 2186 5500 ι
2212 5464 2405 5511 Omnes
2438 5469 2597 5521 prope
2629 5454 2773 5521 Mss”
2806 5460 2865 5521 ut
2905 5450 2967 5499 de
2998 5447 3167 5521 spatio
3198 5448 3537 5521 (iactaretur.

2169 5526 2191 5560 ³
2212 5508 2367 5577 Editi,
2396 5508 2668 5582 quod'ipse
2694 5508 2929 5564 Christus
2966 5508 3041 5561 est
3072 5511 3373 5575 cruciﬁxus.
3411 5508 3541 5559 Male
3574 5508 3809 5566 additur.

2107 5590 2197 5650 est,
2228 5600 2334 5651 quo
2364 5586 2488 5634 Mss.
2524 5584 2724 5632 carent.
