4148 6190
322 268 477 331 1881

317 401 471 458 enim
489 399 989 472 equalitermente
1005 402 1523 474 percipitur,etiam
1541 408 1691 476 quod
1720 407 1772 460 in
1802 407 1908 460 {ille
1935 423 2028 476 pa-

317 491 545 548 riterab
562 491 822 563 utrisque
845 492 1138 562 recipitur.
1157 495 1243 548 Ita
1263 495 1402 549 titut
1425 497 1770 567 praedicatus
1795 496 1864 550 ab
1888 497 2026 566 Apo-

316 581 485 636 stolis
499 580 764 636 Christus
778 581 1108 646 cruciﬁxus,
1124 582 1403 639 etJudmis
1422 590 1577 642 esset
1597 586 1954 651 scandalum,
1971 588 2028 639 et

316 669 604 725 Gentibus
630 669 896 736 stultitia,
912 675 966 724 et
987 669 1131 741 ipsis
1151 671 1366 727 vocatis
1379 674 1487 728 Jud
1500 691 1618 730 aeus
1633 674 1911 730 etGrazcis
1927 675 2024 730 Dei

315 758 519 814 Virtus
541 763 597 814 et
618 759 715 814 Dei
741 758 1094 832 Sapientia(l
1121 759 1239 818 Cor.
1266 779 1305 828 ι,
1322 763 1411 831 23,
1437 765 1523 833 24)
1542 781 1554 818 :
1572 766 1672 821 sed
1696 765 2025 821 carnalibus

314 849 574 921 parvulis
598 849 654 904 id
679 853 904 904 tantum
929 850 1215 906 credendo
1237 854 1595 923 tenentibus,
1621 854 2024 927 spiritualibus

315 945 513 996 autem
538 939 941 1011 capacioribus
962 940 1018 996 id
1037 941 1210 996 etiam
1235 942 1610 1014 intelligendo
1629 945 2024 1012 cernentibus;

312 1029 434 1086 illis
452 1045 590 1101 ergo
610 1028 1124 1101 tanquamlacteus
1144 1037 1336 1102 potus,
1354 1033 1478 1088 istis
1500 1038 1778 1105 tanquam
1804 1034 2026 1091 solidus

311 1121 486 1177 cibus
521 1137 533 1174 :
569 1135 682 1175 non
717 1119 854 1190 quia
884 1119 994 1176 hoc
1039 1120 1123 1176 illi
1163 1121 1328 1177 aliter
1360 1122 1417 1178 in
1453 1124 1706 1195 populis,
1740 1125 1833 1180 isti
1864 1123 2027 1180 aliter

311 1211 374 1267 in
401 1209 685 1266 cubiculis
707 1215 1127 1281 cognoverunt:
1152 1213 1251 1267 sed
1276 1213 1430 1283 quod
1455 1215 1654 1270 eodem
1691 1216 1858 1270 modo
1893 1215 2026 1270 utri-

312 1317 435 1372 que
485 1316 617 1357 cum
669 1299 858 1372 palam
893 1301 1179 1356 diceretur
1209 1303 1545 1370 audiebant,
1579 1322 1681 1376 pro
1713 1322 1819 1360 suo
1853 1305 2024 1359 modo

310 1390 538 1463 quique
586 1388 907 1461 capiebant.
942 1389 1085 1446 Cum
1135 1391 1289 1446 enim
1323 1392 1588 1448 Christus
1622 1399 1918 1465 propterea
1951 1394 2027 1450 sit

308 1478 653 1548 cruciﬁxus,
678 1484 738 1534 ut
762 1478 819 1534 in
844 1479 1243 1536 remissionem
1276 1487 1646 1552 peccatorum
1679 1484 2023 1555 sanguinem

311 1568 610 1632 funderet,
644 1584 760 1638 qua
791 1569 918 1638 ejus
970 1567 1260 1639 Unigeniti
1312 1571 1582 1642 passione
1615 1571 1809 1627 divina
1839 1574 2026 1644 gratia

309 1657 780 1725 commendatur,
798 1661 863 1711 ut
881 1673 1051 1712 nemo
1075 1657 1132 1712 in
1157 1657 1393 1714 homine
1415 1659 1714 1732 glorietur;
1732 1661 2024 1732 quomodo

309 1745 1026 1815 intelligebanthristum
1047 1747 1385 1804 cruciﬁxum
1401 1749 1496 1820 qui
1520 1749 1630 1804 adh
1643 1768 1710 1804 uc
1733 1751 2023 1818 dicebant,

309 1840 430 1907 Ego
468 1851 587 1889 sum
625 1835 790 1889 Pauli
816 1834 1001 1906 (Ibid.,
1039 1835 1168 1908 12)?
1217 1837 1512 1910 Numquid
1563 1841 1851 1909 quomodo
1901 1840 2026 1911 ipse

309 1924 534 1981 Paulus
565 1924 666 1995 qui
698 1924 949 1994 dicebat,
982 1925 1110 1980 Mihi
1140 1930 1324 1982 autem
1356 1928 1499 1984 absit
1529 1929 1783 1996 gloriari,
1820 1931 1934 1985 nisi
1962 1932 2025 1986 in

303 2030 473 2071 cruce
523 2013 743 2069 Domini
789 2015 966 2070 nostri
1008 2017 1162 2070 Jesus
1212 2016 1420 2072 Christi
1447 2019 1652 2087 (Gatat.
1686 2035 1764 2090 v1,
1796 2019 1916 2088 lt)?
1945 2020 2025 2076 De

305 2105 444 2176 ipso
493 2104 683 2174 itaque
713 2104 942 2160 Christo
971 2106 1268 2173 cruciﬁxo,
1301 2115 1353 2162 et
1385 2107 1506 2176 ipse
1535 2109 1730 2163 cibum
1775 2126 1876 2181 pro
1918 2127 2025 2165 sua

303 2195 634 2266 capacitate
664 2194 949 2262 sumebat,
984 2200 1041 2250 et
1072 2195 1203 2252 illos
1235 2195 1383 2252 lacte
1418 2214 1518 2269 pro
1550 2213 1746 2253 eorum
1782 2199 2024 2255 inﬁrmi-

304 2290 432 2340 tate
456 2283 765 2340 nutriebat.
782 2283 1042 2355 Denique
1065 2284 1164 2340 illa
1179 2302 1306 2357 qua
1328 2288 1562 2359 scripsit
1583 2289 1652 2343 ad
1671 2288 2023 2358 Corinthios,

302 2376 480 2431 aliter
510 2375 710 2446 utique
742 2374 814 2428 ab
861 2373 1007 2445 ipsis
1040 2375 1312 2447 parvulis,
1356 2377 1526 2432 aliter
1565 2395 1598 2433 a
1623 2379 2022 2449 capacioribus

306 2481 493 2538 posse
512 2464 762 2535 intelligi
786 2464 1000 2532 sciens,
1024 2465 1106 2520 ait
1129 2483 1142 2520 :
1167 2467 1228 2522 Si
1249 2466 1370 2538 quis
1392 2473 1468 2523 est
1490 2470 1635 2525 inter
1652 2485 1739 2525 vos
1756 2471 2023 2540 propheta

304 2563 411 2611 aut
441 2556 772 2626 spiritualis,
795 2563 1052 2626 agnoscat
1081 2571 1206 2627 quae
1234 2557 1408 2613 scribo
1438 2558 1608 2623 vobis,
1640 2559 1770 2630 quia
1803 2559 2024 2615 Domini

304 2651 396 2702 est
444 2645 772 2701 mandatum
801 2664 819 2699 :
847 2647 898 2700 si
935 2647 1057 2716 quis
1105 2654 1285 2702 autem
1333 2651 1568 2719 ignorat,
1603 2650 1947 2721 ignorabitur
1975 2652 2020 2721 (Ι

309 2738 446 2791 Cor.
479 2751 594 2803 xiv,
623 2735 715 2800 3’7,
747 2735 857 2806 38).
890 2735 1143 2791 Solidam
1177 2737 1429 2808 profecto
1460 2737 1644 2794 voluit
1672 2755 1799 2795 esse
1830 2740 2025 2796 scien-

310 2825 461 2882 tiam
495 2823 914 2896 spiritualium,
947 2825 1046 2879 ubi
1079 2841 1191 2881 non
1224 2827 1350 2882 sola
1383 2827 1523 2883 ﬁdes
1557 2830 2024 2886 accommodare-

309 2919 439 2980 tur,
472 2914 570 2969 sed
621 2918 773 2970 certa
822 2914 1076 2986 cognitio
1123 2918 1451 2984 teneretur;
1484 2935 1550 2973 ac
1578 2934 1678 2988 per
1710 2920 1814 2974 hoc
1846 2919 1926 2973 illi
1957 2935 2024 2974 ea

309 3007 450 3077 ipsa
474 3005 807 3070 credebant,
830 3021 954 3075 quas
981 3005 1314 3077 spirituales
1345 3007 1577 3078 insuper
1606 3009 2021 3080 agnoscebant.

305 3095 668 3164 Ignorabitur
697 3099 911 3159 autem,
947 3096 1051 3163 ait,
1084 3095 1182 3167 qui
1215 3097 1476 3165 ignorat;
1504 3099 1642 3169 quia
1678 3101 1938 3154 nondum
1972 3100 2021 3153 ci

308 3184 637 3243 revelatum
669 3187 777 3251 est,
811 3188 874 3238 ut
905 3185 1057 3256 quod
1093 3185 1273 3240 credit
1312 3187 1479 3245 sciat.
1514 3189 1672 3253 Quod
1707 3205 1837 3244 cum
1873 3190 1931 3243 ﬁt
1964 3191 2023 3247 in

309 3272 575 3331 hominis
624 3277 839 3338 mente,
890 3274 1013 3343 ipse
1061 3275 1275 3329 dicitur
1324 3277 1590 3347 cognosci
1627 3295 1658 3331 a
1689 3277 1840 3346 Deo;
1886 3280 2025 3349 quia

307 3370 474 3421 Deus
503 3361 668 3417 illum
700 3370 1141 3434 cognoscentem
1176 3364 1335 3430 facit,
1376 3365 1521 3421 sicut
1550 3366 1686 3421 alibi
1729 3369 1809 3422 ait
1833 3384 1846 3422 :
1872 3370 2026 3424 Nunc

308 3461 504 3508 autem
532 3458 905 3522 cognoscentes
930 3454 1118 3520 Deum,
1139 3456 1248 3509 imo
1267 3457 1518 3524 cognovit
1540 3473 1573 3511 a
1594 3458 1698 3512 Deo
1720 3456 1921 3528 (Gatat.
1947 3475 2024 3526 iv,

307 3543 392 3613 9).
409 3542 608 3613 Neque
630 3541 785 3597 enim
810 3549 944 3597 tunc
965 3548 1311 3615 cognoverat
1331 3559 1431 3600 eos
1453 3545 1621 3612 Deus,
1647 3548 2025 3617 praecognitos

312 3635 375 3687 et
403 3630 615 3686 electos
646 3635 778 3686 ante
811 3632 1017 3687 mundi
1051 3632 1526 3690 constitutionem
1560 3636 1720 3706 (Eph.
1752 3653 1790 3705 i,
1814 3637 1889 3704 4);
1923 3637 2022 3692 sed

315 3729 458 3775 tunc
489 3735 587 3774 eos
617 3719 877 3790 seipsum
912 3736 1262 3792 cognoscere
1298 3723 1526 3778 fecerat.

387 3810 440 3864 3.
478 3809 595 3865 Hoc
643 3809 824 3882 igitur
873 3810 1148 3879 primitus
1178 3813 1427 3884 cognito,
1461 3815 1614 3884 quod
1648 3831 1715 3870 ea
1745 3815 1870 3886 ipsa
1901 3833 2026 3887 quae

313 3896 494 3955 simul
525 3899 773 3954 audiunt
789 3899 1124 3971 spirituales
1145 3904 1320 3972 atque
1342 3902 1627 3968 carnales,
1655 3919 1753 3975 pro
1775 3921 1882 3961 suo
1902 3906 2026 3977 qui-

311 4004 432 4060 que
464 3987 694 4043 modulo
731 3987 1006 4060 capiunt;
1040 3989 1123 4044 illi
1157 3994 1222 4045 ut
1256 3992 1500 4060 parvuli,
1534 3993 1627 4048 isti
1661 3997 1724 4047 ut
1756 3995 2025 4064 maiores,

312 4077 406 4133 illi
438 4085 499 4130 ut
527 4076 692 4132 lactis
723 4077 1088 4143 alimentum,
1119 4078 1218 4134 isti
1254 4085 1319 4135 ut
1357 4080 1468 4136 cibi
1519 4083 1974 4140 solidamentum
2011 4101 2024 4138 :

314 4165 481 4224 nulla
509 4166 741 4222 videtur
787 4183 910 4223 esse
962 4169 1302 4237 necessitas,
1338 4175 1400 4225 ut
1429 4173 1623 4244 aliqua
1672 4181 1899 4228 secreta
1931 4175 2026 4229 do-

313 4257 520 4312 ctrina
551 4261 872 4327 taceantur,
896 4263 953 4313 et
984 4260 1418 4315 abscondantur
1443 4261 1712 4317 ﬁdelibus
1746 4265 2022 4334 parvulis,

315 4363 586 4403 seorsum
603 4347 849 4404 dicenda
873 4349 1212 4420 majoribus,
1231 4350 1340 4405 hoc
1354 4351 2023 4422 estintelligentioribns;

315 4439 373 4491 et
403 4435 516 4491 hoc
546 4437 675 4492 ideo
705 4437 1032 4493 faciendum
1069 4443 1321 4509 putetur,
1356 4439 1492 4512 quia
1523 4440 1669 4495 dixit
1698 4442 2023 4512 Apostolus,

315 4526 434 4581 Non
481 4529 637 4596 potui
685 4527 828 4583 vobis
880 4528 1030 4598 loqui
1071 4530 1233 4600 quasi
1285 4531 1691 4600 spiritualibus,
1731 4548 1824 4587 seu
1871 4533 2031 4603 quasi

313 4617 664 4672 carnalibus.
701 4618 812 4673 Hoc
856 4619 1053 4689 ipsum
1103 4618 1258 4674 enim
1308 4620 1462 4691 quod
1497 4637 1609 4675 non
1652 4621 1936 4691 judicavit
1967 4637 2028 4676 se

314 4706 466 4762 scire
499 4705 559 4760 in
582 4705 666 4760 eis
698 4706 810 4761 nisi
841 4710 1039 4762 Jesum
1073 4708 1392 4773 Christum,
1420 4713 1473 4764 et
1505 4709 1662 4765 hunc
1691 4711 2026 4766 cruciﬁxum

311 4796 359 4867 (Ι
393 4795 528 4852 Cor.
561 4811 626 4863 ιι,
655 4796 732 4866 2),
766 4797 913 4868 ipsis
944 4813 1057 4851 non
1092 4797 1277 4866 potuit
1310 4796 1470 4876 loqui
1506 4798 1674 4869 quasi
1707 4800 2032 4870 spirituali-

312 4887 452 4954 bus,
484 4887 584 4941 sed
619 4886 784 4958 quasi
819 4886 1181 4953 carnalibus;
1217 4887 1355 4959 quia
1409 4888 1467 4942 id
1518 4889 1659 4942 sicut
1693 4889 2026 4958 spirituales

312 4993 526 5050 capere
574 4992 689 5031 non
723 4976 1009 5032 valebant.
1046 4977 1403 5048 Quicumque
1455 4982 1649 5032 autem
1689 4979 2026 5050 spirituales

310 5067 466 5123 inter
493 5082 592 5122 eos
623 5070 804 5133 erant,
830 5066 984 5122 idem
1017 5069 1170 5139 quod
1202 5067 1288 5122 illi
1319 5073 1594 5139 tanquam
1629 5069 1889 5125 carnales
1922 5088 2026 5126 au—

311 5157 576 5225 diebant,
602 5155 894 5226 spirituali
919 5156 1031 5228 ipsi
1055 5157 1347 5213 intellectu
1373 5157 1677 5229 capiebant
1705 5173 1718 5211 :
1743 5164 1806 5213 ut
1827 5161 1908 5214 sic
1929 5160 2019 5214 in-

310 5245 618 5316 telligatur
648 5246 796 5316 quod
830 5246 929 5311 ait,
963 5247 1078 5302 Non
1113 5249 1273 5318 potui
1302 5246 1453 5302 vobis
1486 5249 1634 5318 loqui
1664 5251 1818 5318 quasi
1857 5248 2024 5320 spiri-

309 5333 583 5397 tualibus,
613 5331 708 5386 sed
737 5334 902 5403 quasi
929 5333 1266 5403 carnalibus,
1299 5349 1364 5388 ac
1395 5333 1445 5388 si
1479 5333 1716 5399 diceret,
1747 5333 1870 5388 Non
1920 5351 2020 5406 po-

1467 271 1936 334 TRAUTATUS
1979 270 2233 331 XCVIII.
2284 270 2538 333 CAPUT
2585 271 2736 332 XVI.

3689 277 3844 338 1882

2136 422 2169 458 ιι
2199 420 2391 471 carne,
2427 405 2561 477 quia
2592 421 2659 459 cx
2690 402 2882 457 anima
2914 407 2968 458 ct
2999 420 3171 458 carne
3203 409 3431 461 constat
3461 412 3615 466 totus
3646 411 3842 478 homo,

2132 509 2243 550 non
2271 496 2500 566 percipit
2521 511 2641 565 quae
2671 501 2799 549 sunt
2828 493 3066 562 Spiritus
3098 493 3191 548 Dei
3211 495 3256 565 (Ι
3283 496 3404 551 Cor.
3433 513 3492 563 ιι,
3522 498 3628 571 14),
3655 500 3707 555 id
3731 505 3830 570 est,

2133 582 2266 653 quid
2293 583 2490 654 gratiae
2515 582 2889 638 credentibus
2920 599 3058 637 crux
3092 584 3352 639 conferat
3382 584 3592 641 Christi
3617 604 3629 654 ;
3658 595 3710 642 et
3743 605 3839 659 pu-

2136 675 2220 728 tat
2250 671 2360 728 hoc
2391 672 2490 728 illa
2521 688 2691 728 cruce
2721 679 2914 726 actum
2947 687 3076 727 esse
3106 675 3534 741 tantummodo,
3570 678 3632 730 ut
3679 676 3845 732 nobis

2139 778 2321 833 usque
2343 764 2411 818 ad
2444 768 2685 818 mortem
2711 780 2812 834 pro
2837 762 3074 818 veritate
3095 765 3459 822 certantibus
3489 767 3842 825 imitandum

2138 853 2495 925 praeberetur
2524 852 2879 922 exemplum.
2901 851 3045 906 Nam
3073 852 3116 906 si
3144 853 3359 908 scirent
3381 854 3714 926 huiusmodi
3738 859 3844 913 ho-

2138 942 2350 1009 mines,
2374 942 2473 1015 qui
2508 943 2714 998 nolunt
2735 958 2859 997 esse
2891 940 3001 997 nisi
3033 941 3323 1009 homines,
3348 947 3840 1015 quemadmodum

2134 1031 2399 1088 Christus
2431 1032 2740 1088 cruciﬁxus
2765 1035 2939 1101 [actus
2967 1031 3042 1086 sit
3073 1033 3228 1088 nobis
3257 1034 3541 1102 sapientia
3572 1053 3606 1089 a
3634 1038 3828 1104 Deo,et

2126 1121 2374 1192 justitia,
2399 1129 2449 1176 ct
2477 1122 2858 1190 sanctiﬁcatio,
2881 1128 2929 1175 et
2962 1122 3283 1191 redemptio,
3309 1129 3367 1176 ut
3389 1123 3843 1193 quemadmodum

2133 1213 2400 1282 scriptum
2448 1217 2552 1274 est,
2591 1211 2693 1278 Qui
2748 1212 3020 1280 gloriatur
3068 1211 3126 1265 in
3175 1213 3402 1268 Domino
3446 1215 3712 1284 glorietur
3742 1216 3837 1283 (Id.

2135 1319 2175 1367 ι,
2202 1302 2291 1368 30,
2324 1303 2446 1370 31);
2483 1300 2684 1372 procul
2717 1300 2890 1355 dubio
2928 1318 3039 1356 non
3072 1301 3457 1372 gloriarentur
3488 1303 3546 1359 in
3580 1305 3841 1372 homine,

2137 1407 2242 1448 nec
2290 1391 2598 1448 carnaliter
2641 1390 2918 1458 dicerent,
2954 1391 3070 1462 Ego
3101 1392 3316 1462 quidem
3354 1410 3478 1448 sum
3520 1395 3718 1458 Pauli;
3748 1411 3841 1465 ego

2133 1492 2320 1539 autem
2347 1483 2566 1553 Apollo;
2596 1497 2687 1552 ego
2738 1498 2863 1537 vero
2914 1482 3109 1553 Cephm
3138 1497 3157 1536 .°
3187 1483 3289 1538 sed
3339 1484 3700 1554 spirituliter,
3735 1487 3843 1554 Ego

2133 1591 2257 1630 sum
2287 1573 2496 1629 Christi
2523 1571 2683 1641 (Ibid.
2721 1572 2828 1639 12).

2208 1666 2258 1718 4.
2292 1661 2506 1717 Verum
2543 1659 2683 1714 illud
2717 1659 2906 1714 adhuc
2939 1659 3322 1731 quaestionem
3374 1661 3530 1728 facit,
3581 1662 3732 1733 quod
3785 1662 3839 1716 in

2136 1750 2392 1823 Epistola
2432 1749 2497 1803 ad
2551 1749 2817 1803 Hebrazos
2870 1747 3081 1820 legitur
3115 1765 3127 1802 :
3164 1772 3191 1799 «
3225 1751 3366 1806 Cum
3395 1751 3518 1819 jam
3555 1751 3841 1807 deberetis

2134 1845 2393 1912 tempore
2432 1839 2558 1910 ipso
2589 1854 2713 1893 esse
2744 1838 3027 1905 doctores,
3063 1838 3275 1894 iterum
3310 1840 3568 1895 doctrina
3613 1841 3844 1912 indige-

2133 1931 2231 1999 tis,
2266 1947 2395 2001 quae
2422 1928 2540 1983 sint
2570 1927 2853 1984 elementa
2898 1944 3234 1983 sermonum
3278 1928 3414 1994 Dei;
3449 1933 3504 1984 et
3535 1930 3667 1985 facti
3699 1931 3842 1986 estis

2134 2037 2280 2093 Opus
2312 2019 2592 2075 habentes
2627 2018 2792 2082 lacte,
2819 2034 2930 2072 non
2956 2016 3142 2074 solido
3165 2019 3312 2074 cibo.
3339 2019 3537 2075 Omnis
3561 2020 3712 2075 enim
3738 2020 3840 2091 qui

2134 2111 2404 2176 laetatur,
2435 2109 2766 2181 inexpertus
2797 2111 2884 2163 cst
2933 2108 3169 2163 verbum
3212 2110 3497 2180 justitiie;
3528 2110 3722 2166 infans
3753 2115 3842 2167 est

2132 2201 2309 2258 enim.
2325 2200 2718 2255 Perfectorum
2741 2202 2831 2253 est
2852 2202 3044 2253 autem
3065 2197 3286 2254 solidus
3308 2198 3708 2269 cibus,eorum
3736 2200 3838 2271 qui

2135 2306 2233 2361 per
2255 2289 2521 2344 habitum
2545 2287 2886 2343 exercitatos
2900 2286 3429 2354 habentaensus,ad
3444 2291 3836 2360 separandum

2133 2381 2354 2435 bonum
2386 2395 2420 2433 a
2451 2376 2602 2433 malo
2633 2399 2660 2425 ι»
2687 2377 2870 2448 (Hebr.
2905 2392 2956 2443 v,
2993 2377 3201 2449 12-14).
3236 2376 3337 2432 Hic
3368 2377 3523 2433 enim
3573 2378 3836 2433 videmus

2132 2474 2406 2541 tanquam
2439 2467 2742 2523 deﬁnitum
2775 2483 2902 2523 esse
2925 2482 3096 2538 quem
3133 2467 3520 2539 perfectorum
3543 2467 3838 2524 dicitsoli-

2133 2559 2274 2614 dum
2326 2557 2559 2625 cibum;
2611 2565 2665 2613 et
2712 2556 2821 2612 hoc
2865 2571 2993 2611 esse
3039 2555 3184 2612 illud
3217 2556 3371 2628 quod
3402 2556 3472 2611 ad
3505 2556 3838 2613 Corinthios

2132 2649 2412 2719 scriptum
2464 2653 2566 2712 est,
2614 2646 2955 2716 Sapientiam
3005 2645 3281 2716 loquimur
3329 2646 3474 2701 inter
3502 2647 3838 2716 perfectos“

2134 2737 2256 2793 Cor.
2292 2755 2350 2802 ιι,
2381 2736 2458 2809 6).
2495 2738 2650 2802 Quos
2700 2739 2892 2791 autem
2944 2735 3225 2804 perfectos
3270 2733 3522 2790 voluerit
3561 2734 3669 2789 hoc
3715 2735 3838 2791 loco

2133 2827 2406 2899 intelligi,
2430 2825 2682 2896 subjecit
2704 2831 2880 2896 atque
2897 2823 2994 2893 ait,
3014 2826 3118 2894 Qui
3134 2840 3235 2894 per
3247 2824 3498 2881 habitum
3518 2827 3840 2882 exercitatos

2135 2918 2332 2974 habent
2361 2933 2572 2985 sensus,
2595 2916 2665 2971 ad
2686 2916 3055 2987 separandum
3078 2916 3278 2972 bonum
3307 2933 3341 2970 a
3371 2916 3535 2971 malo.
3562 2916 3678 2972 Hoc
3702 2932 3839 2987 ergo

2136 3007 2234 3080 qui
2266 3007 2518 3061 invalida
2549 3010 2605 3060 et
2629 3005 3000 3060 inexercitata
3045 3013 3234 3060 mente
3266 3022 3379 3061 non
3413 3010 3677 3076 possunt,
3713 3022 3839 3076 pro-

2135 3097 2280 3153 fecto
2314 3093 2426 3150 nisi
2467 3093 2601 3149 ﬁdei
2633 3094 2882 3165 quodam
2927 3092 3070 3149 lacte
3104 3099 3425 3162 teneantur,
3458 3097 3522 3149 ut
3551 3101 3603 3149 et
3634 3092 3842 3150 invisi-

2135 3188 2276 3243 bilia
2297 3204 2422 3259 qua:
2455 3202 2569 3241 non
2593 3184 2810 3246 vident,
2838 3188 2895 3239 at
2917 3183 3305 3255 intelligibilia
3327 3201 3454 3255 qua
3478 3185 3736 3240 nondum
3761 3185 3843 3238 in-

2136 3276 2426 3349 telligunt.
2452 3276 2710 3343 credant,
2734 3274 2898 3329 facile
2921 3273 2989 3328 ad
3014 3289 3189 3328 vanas
3211 3277 3268 3327 et
3288 3271 3594 3344 sacrilegas
3617 3273 3841 3328 fabulas

2137 3367 2524 3439 promissione
2554 3365 2810 3420 scientia:
2842 3365 3172 3418 docuntur:
3203 3367 3268 3416 ut
3298 3365 3355 3416 et
3386 3356 3604 3416 bonum
3636 3366 3692 3416 et
3723 3379 3841 3416 ma-

2136 3456 2259 3512 lum
2275 3456 2506 3512 nonnisi
2521 3451 3293 3526 corporalibusimaginibus
3307 3449 3841 3520 cogitent,etipsum

2136 3547 2318 3604 Deum
2354 3545 2583 3602 nonnisi
2614 3545 2847 3615 aliquod
2878 3559 3005 3599 esse
3036 3557 3248 3613 corpus
3277 3539 3624 3606 existiment,
3646 3546 3697 3594 et
3721 3557 3840 3594 ma-

2137 3637 2259 3693 lum
2311 3638 2418 3692 nisi
2470 3636 2854 3692 substantiam
2905 3638 3108 3704 putare
3143 3647 3256 3687 non
3307 3629 3566 3701 possint;
3599 3644 3731 3685 cum
3765 3629 3842 3684 sit

2139 3728 2328 3800 potius
2350 3727 2420 3781 ab
2443 3724 2798 3780 immutabili
2820 3721 3156 3778 substantia
3178 3718 3550 3776 mutabilium
3574 3719 3844 3775 substan-

2138 3818 2353 3874 tiarum
2388 3814 2627 3886 quidam
2661 3813 2943 3880 defectus,
2967 3827 3109 3882 quas
3131 3809 3262 3866 fecit
3281 3825 3349 3864 ex
3372 3807 3554 3864 nihilo
3586 3807 3711 3879 ipsa
3731 3807 3840 3862 im-

2139 3904 2442 3966 mutabilis
2473 3908 2530 3960 et
2558 3920 2788 3959 summa
2817 3901 3158 3969 substantia,
3192 3898 3289 3970 qui
3334 3901 3423 3954 est
3469 3898 3644 3954 Deus.
3676 3897 3839 3961 Quod

2139 3998 2392 4070 proiecto
2441 3994 2708 4065 quisquis
2755 4009 2870 4048 non
2924 3991 3111 4046 solum
3161 3987 3364 4054 credit,
3417 4003 3617 4043 verum
3667 3985 3838 4042 etiam

2137 4084 2465 4142 exercitatis
2493 4082 2866 4138 interioribus
2895 4079 3072 4135 animi
3101 4077 3373 4134 sensibus
3402 4075 3696 4147 intelligit,
3722 4091 3844 4145 per-

2137 4176 2298 4248 cipit,
2323 4174 2508 4233 norit;
2535 4189 2649 4227 non
2671 4179 2757 4226 est
2779 4172 2901 4241 jam
2938 4169 3311 4224 metuendum
3342 4182 3413 4222 ne
3435 4166 3747 4221 seducatur
3768 4165 3839 4218 ab

2138 4267 2221 4321 eis
2252 4265 2351 4336 qui
2385 4262 2602 4318 malum
2651 4261 2908 4333 putando
2939 4273 3066 4314 esse
3096 4253 3482 4312 substantiam
3515 4269 3688 4324 quam
3725 4268 3837 4306 non

2141 4354 2273 4411 fecit
2320 4354 2494 4421 Deus,
2551 4348 2894 4406 mutabilem
2945 4344 3332 4402 substantiam
3384 4341 3605 4397 faciunt
3646 4339 3837 4410 ipsum

2139 4445 2345 4510 Deum,
2369 4443 2518 4499 sicut
2553 4437 2877 4506 Manichaei,
2901 4437 2985 4491 vel
3021 4436 3067 4492 si
3099 4451 3226 4507 quae
3257 4433 3382 4488 alia
3415 4435 3604 4502 pestes
3635 4430 3714 4484 ita
3739 4429 3838 4484 de-

2141 4531 2383 4586 eiciunt.

2437 4618 2630 4670 mente
2658 4613 2848 4669 adhuc
2881 4609 3160 4681 parvulis,
3184 4623 3332 4679 quos
3357 4603 3495 4660 dicit
3527 4603 3839 4675 Apostolus

2141 4707 2403 4765 carnales
2453 4705 2601 4760 lacte
2651 4701 3011 4769 nutriendos,
3044 4697 3236 4753 omnis
3282 4697 3350 4751 dc
3400 4694 3506 4750 hac
3536 4709 3596 4748 re
3631 4708 3838 4759 sermo,

2143 4815 2258 4872 quo
2281 4796 2474 4868 agitur
2496 4799 2559 4848 ut
2581 4810 2694 4847 non
2727 4791 2915 4846 solum
2941 4788 3225 4853 credatur,
3248 4799 3448 4840 verum
3471 4781 3651 4872 etiam,
3677 4781 3845 4837 intel-

2140 4870 2360 4963 ligatur
2405 4886 2737 4954 sciaturque
2787 4879 2939 4951 quod
2967 4878 3200 4943 dicitur,
3234 4874 3527 4946 percipere
3555 4870 3696 4928 talia
3726 4887 3840 4925 non

2136 4979 2464 5037 valentibus
2485 4991 2764 5033 onerosus
2789 4978 2897 5041 est,
2915 4972 3257 5041 faciliusque
3279 4967 3409 5022 illos
3434 4963 3644 5037 premit
3660 4977 3838 5032 quam

2136 5069 2338 5141 pascit.
2373 5073 2450 5122 Ex
2480 5083 2594 5138 quo
2625 5066 2691 5120 ﬁt
2738 5068 2800 5118 ut
2847 5059 3182 5134 spirituales
3216 5057 3326 5112 ista
3357 5051 3687 5111 carnalibus
3718 5065 3833 5104 non

2135 5158 2468 5214 omnimodo
2518 5159 2764 5220 taceant,
2797 5156 3032 5225 propter
3085 5147 3430 5204 catholicam
3477 5143 3672 5204 ﬁdem,
3707 5155 3836 5210 quae

2132 5248 2406 5303 omnibus
2457 5244 2820 5315 praedicanda
2867 5247 2988 5304 est;
3041 5254 3145 5293 nec
3195 5247 3380 5290 Iamen
3414 5231 3497 5286 sic
3529 5231 3836 5295 disserant,

2133 5341 2197 5393 ut
2217 5339 2471 5393 volentes
2493 5353 2559 5391 ea
2582 5337 2896 5405 perducere
2926 5331 2996 5385 ad
3028 5324 3477 5397 intelligentiam
3510 5337 3626 5377 non
3656 5337 3827 5390 capa-

307 5421 508 5477 tuistis
560 5421 724 5492 quasi
775 5421 1127 5492 spirituales,
1161 5422 1261 5478 sed
1313 5422 1477 5494 quasi
1527 5422 1788 5480 carnales
1820 5439 2019 5494 capere
2128 5442 2274 5492 cem,
2309 5424 2536 5480 facilius
2581 5421 2823 5479 fastidiri
2857 5419 3072 5476 faciant
3102 5416 3158 5473 in
3193 5415 3429 5471 veritate
3473 5426 3829 5476 sermonem,

309 5512 461 5580 quod
488 5511 791 5582 loquebar.
817 5512 1084 5568 Animalis
1104 5513 1258 5568 enim
1283 5513 1460 5581 homo,
1484 5512 1538 5568 id
1566 5512 1788 5582 est,qui
1816 5528 2019 5568 secun-

2129 5529 2303 5585 quam
2337 5514 2394 5569 in
2427 5527 2695 5569 sermone
2741 5508 2956 5581 percipi
3000 5506 3320 5564 veritatem.
3355 5504 3665 5575 PrOpterea
3693 5498 3835 5554 dicit

309 5599 450 5657 dum
467 5601 771 5660 hominem
787 5603 959 5676 sapit,
974 5603 1448 5662 animalisdictus
1462 5604 1532 5661 ab
1547 5603 2019 5672 anima,carnalis
2129 5603 2393 5661 scribens
2413 5602 2486 5658 ad
2509 5601 2878 5658 Colossenses
2903 5616 2916 5655 :
2942 5601 3004 5655 Et
3026 5599 3074 5655 si
3092 5611 3317 5671 corpore
3347 5594 3535 5652 absens
3565 5609 3709 5661 sum,
3731 5607 3756 5646 s
3785 5590 3845 5662 pi
