4148 6190
328 301 483 363 1883

321 441 438 494 ritu
470 440 738 495 vobiscum
770 456 913 509 sum,
943 438 1185 511 gaudens
1214 445 1265 493 et
1298 438 1487 491 videns
1517 434 1915 491 ordinationem
1942 448 2025 488 ve-

316 532 512 596 stram,
536 532 587 584 et
611 528 666 582 id
690 528 831 600 quod
861 530 1009 584 deest
1032 527 1050 562 ί
1072 526 1201 597 ﬁdei
1231 532 1426 582 vestrae
1458 527 1516 580 in
1548 524 1761 579 Christo
1791 524 2018 594 (Coloss.

318 633 380 687 ιι,
414 619 490 689 5).
538 618 603 674 Et
633 618 703 673 ad
737 617 1286 674 Thessalonicenses
1323 632 1334 671 :
1368 616 1525 672 Nocte
1572 631 1637 670 ac
1667 613 1775 682 die,
1810 614 2022 685 inquit,

319 706 695 763 abundantius
743 714 984 776 orantes,
1020 711 1080 761 ut
1131 706 1405 761 videamus
1450 705 1648 775 [aciem
1686 711 1937 769 vestram,
1972 708 2022 757 et

317 797 679 870 suppleamus
730 814 851 870 qua:
896 798 1093 853 desunt
1138 798 1271 867 ﬁdei
1318 804 1506 852 vestrae
1535 797 1580 864 (Ι
1625 794 1759 849 Tess.
1792 810 1874 861 ιιι,
1910 791 2017 863 10).

320 886 685 959 lntelligendi
736 896 872 943 sunt
923 888 1122 958 utique
1153 887 1233 941 ita
1263 886 1515 957 primum
1566 882 1924 950 catechizati,
1960 886 2023 937 ut

316 975 463 1032 lacte
497 978 810 1043 alerentur,
842 976 1171 1033 non‘solido
1205 974 1331 1031 cibo
1359 991 1371 1029 :
1407 975 1576 1046 cujus
1609 972 1774 1028 lactis
1807 974 1876 1028 ad
1911 972 2019 1029 He-

313 1066 501 1121 braeos
549 1072 1037 1123 commemoratur
1084 1067 1321 1123 ubertas
1353 1066 1435 1122 eis
1472 1081 1614 1137 quos
1646 1064 1874 1120 volebat
1904 1062 2018 1119 cibi

313 1153 602 1209 soliditate
640 1155 760 1225 jam
806 1172 1052 1226 pascere.
1089 1156 1327 1227 PrOpter
1355 1154 1510 1226 quod
1545 1154 1627 1208 ait
1657 1170 1670 1209 :
1704 1174 1731 1201 ‹‹
1769 1151 2020 1221 Ideoque

311 1241 663 1298 remittentes
712 1242 862 1300 initii
911 1243 1125 1299 Christi
1174 1244 1437 1311 verbum,
1471 1243 1529 1297 in
1564 1240 2018 1297 consummatio-

314 1347 444 1386 nem
472 1332 887 1405 respiciamus;
914 1351 1028 1389 non
1050 1333 1556 1404 iterumjacientes
1576 1332 2015 1386 fundamentum

315 1420 665 1492 poenitentia:
699 1422 770 1478 ab
802 1423 1079 1494 operibus
1125 1422 1391 1490 mortuis,
1422 1426 1479 1476 et
1524 1418 1656 1476 ﬁdei
1706 1419 1763 1472 in
1814 1417 2014 1484 Deum,

313 1510 525 1566 lavacri
556 1512 852 1577 doctrinae,
880 1517 937 1567 et
966 1512 1357 1583 impositionis
1409 1527 1713 1577 manuum,
1750 1523 2015 1565 resurre-

312 1600 522 1657 ctionis
544 1603 717 1657 etiam
740 1606 1130 1671 mortuorum,
1155 1602 1432 1674 etjudicii
1455 1600 1651 1657 aeterni
1679 1622 1703 1648 ι)
1730 1599 1913 1671 (Hebr.
1938 1614 2014 1664 vr,

317 1688 364 1756 l,
396 1690 471 1762 2).
508 1690 638 1747 Haec
689 1694 776 1747 est
823 1691 992 1748 lactis
1038 1692 1300 1761 ubertas,
1350 1690 1475 1747 sine
1524 1707 1639 1762 quo
1674 1705 1785 1746 non
1818 1687 2017 1743 vivunt

311 1779 410 1849 Qui
449 1781 574 1850 jam
608 1781 842 1852 quidem
876 1783 1100 1838 ratione
1132 1787 1377 1838 utuntur
1408 1786 1469 1837 ut
1500 1781 1727 1854 possint
1756 1778 2011 1851 credere,

312 1870 412 1923 sed
466 1868 681 1926 bonum
729 1889 762 1926 a
810 1871 979 1943 malo,
1028 1888 1142 1928 non
1192 1870 1479 1928 credendo
1528 1874 1776 1940 tantum,
1811 1884 2012 1925 verum

310 1957 483 2016 ctiam
513 1959 890 2034 intelligendo
913 1963 1084 2034 (quod
1116 1961 1369 2034 pertinet
1402 1962 1473 2018 ad
1507 1961 1759 2017 solidum
1792 1960 2013 2030 cibum)

310 2064 579 2121 separare
609 2067 725 2108 non
756 2058 1022 2124 possunt.
1048 2052 1210 2120 Quod
1241 2056 1436 2109 autem
1469 2052 1527 2107 in
1560 2051 1727 2107 lactis
1757 2066 2011 2108 comme-

313 2138 633 2196 moratione
657 2144 857 2212 posuit
878 2146 935 2198 et
956 2141 1306 2212 doctrinam,
1330 2141 1454 2214 ipsa
1475 2145 1565 2198 est
1586 2157 1708 2213 quas
1734 2156 1836 2213 per
1856 2156 2012 2212 sym-

307 2226 505 2284 bolum
541 2231 790 2288 traditur
819 2237 875 2287 et
903 2232 1224 2289 orationem
1257 2231 1631 2289 dominicam.

373 2321 427 2376 6.
448 2320 558 2376 Sed
583 2319 715 2377 huic
744 2322 880 2379 lacti
905 2322 1059 2379 absit
1082 2327 1146 2379 ut
1167 2322 1244 2379 sit
1265 2322 1587 2380 contrarius
1617 2320 1785 2379 cibus
1816 2337 2011 2378 rerum

305 2406 699 2478 spiritualium
729 2411 899 2466 ﬁrma
923 2411 1302 2483 intelligentia
1333 2411 1670 2484 capiendus,
1695 2409 1792 2483 qui
1819 2408 2013 2465 Colos-

310 2496 582 2554 sensibus
609 2506 665 2557 et
688 2500 1313 2559 Thessalonicensibus
1334 2502 1539 2568 defuit,
1556 2506 1612 2556 et
1628 2500 2010 2572 supplendus,

311 2584 440 2640 luit.
468 2588 706 2652 Quando
728 2589 885 2645 enim
915 2591 1217 2661 suppletur
1236 2590 1391 2661 quod
1419 2588 1625 2657 defuit,
1649 2604 1763 2644 non
1797 2588 2013 2659 impro-

312 2674 485 2729 batur
532 2677 686 2747 quod
735 2677 862 2733 fuit.
894 2679 1041 2733 Nam
1072 2686 1124 2734 et
1168 2679 1230 2734 in
1261 2680 1406 2751 ipsis
1439 2695 1564 2751 qua:
1595 2678 1880 2734 sumimus
1909 2678 2013 2733 ali-

317 2763 550 2830 mentis,
585 2781 764 2836 usque
812 2763 958 2822 adeo
1005 2783 1120 2823 non
1160 2771 1245 2822 est
1277 2766 1412 2822 lacti
1444 2768 1766 2823 contrarius
1796 2766 2015 2823 solidus

311 2851 501 2919 cibus,
537 2857 601 2909 ut
626 2853 753 2926 ipse
782 2854 1076 2922 lactescat,
1110 2872 1223 2927 quo
1252 2857 1437 2927 possit
1466 2871 1590 2913 esse
1621 2864 1792 2928 aptus
1822 2855 2014 2913 infan-

309 2941 485 3008 tibus,
519 2942 587 2998 ad
622 2960 766 3014 quos
797 2960 900 3016 per
930 2944 1136 3001 matris
1165 2944 1251 3001 vel
1302 2944 1546 3002 nutricis
1596 2944 1856 3019 pervenit
1897 2962 2016 3002 car-

312 3047 442 3087 nem
470 3048 481 3086 :
510 3030 660 3087 sicut
682 3033 814 3089 fecit
835 3032 1009 3090 etiam
1044 3038 1229 3091 mater
1250 3035 1376 3107 ipsa
1401 3035 1703 3105 sapientia,
1732 3051 1858 3107 quas
1881 3051 1948 3090 cu
1962 3053 2013 3092 [ιι

311 3119 388 3175 sit
418 3120 478 3175 in
511 3121 753 3178 excelsis
783 3123 1135 3196 Angelorum
1187 3122 1412 3180 solidus
1443 3122 1627 3194 cibus,
1659 3125 1897 3197 dignata
1926 3128 2016 3181 est

314 3213 740 3285 quodammodo
772 3213 1083 3274 lactescere
1126 3214 1399 3289 parvulis,
1434 3231 1564 3272 cum
1594 3215 1852 3272 Verbum
1883 3233 2015 3273 caro

314 3304 531 3358 factum
563 3308 673 3372 est,
705 3308 761 3361 et
792 3304 1074 3363 habitavit
1103 3306 1162 3362 in
1196 3307 1368 3363 nobis
1398 3307 1573 3376 (Joan.
1608 3324 1646 3373 ι,
1684 3310 1734 3374 1,
1762 3306 1870 3378 14).
1902 3307 2013 3362 Sed

312 3390 437 3462 ipse
468 3392 641 3449 homo
671 3393 960 3463 Christus,
985 3397 1086 3469 qui
1112 3413 1244 3454 vera
1274 3411 1469 3464 carne,
1502 3411 1633 3453 vera
1664 3410 1852 3456 cruce.
1884 3411 2016 3451 vera

311 3486 517 3550 morte,
548 3499 681 3539 vera
730 3485 1146 3543 resurrectione
1188 3485 1480 3542 sincerum
1513 3484 1603 3541 lae
1633 3484 1847 3540 dicitur
1876 3500 2016 3556 par-

309 3569 749 3641 vulorum,cum
774 3573 918 3630 bene
940 3574 1011 3631 ab
1032 3573 1440 3647 spiritualibus
1458 3573 1708 3646 capitur,
1723 3572 2016 3629 invenitur

315 3659 597 3717 Dominus
628 3661 1001 3734 Angelorum.
1025 3664 1270 3721 Proinde
1298 3678 1402 3720 nec
1422 3663 1502 3719 sic
1525 3662 1749 3736 parvuli
1770 3667 1912 3719 sunt
1931 3661 2016 3718 1a-

316 3750 534 3815 ctandi,
568 3755 627 3804 ut
673 3767 898 3822 semper
945 3768 1063 3809 non
1110 3752 1436 3826 intelligant
1466 3753 1647 3809 Deum
1684 3752 2014 3821 Christum;

318 3850 424 3891 nec
473 3837 558 3893 sic
586 3839 939 3911 ablactandi,
973 3847 1037 3898 ut
1064 3844 1330 3900 deserant
1378 3843 1668 3900 hominem
1700 3843 2014 3900 Christum.

319 3927 481 3992 Quod
511 3926 622 3981 alio
656 3930 827 3985 modo
858 3930 1112 4003 idipsum
1155 3932 1237 3988 ita
1267 3932 1378 3988 dici
1414 3938 1602 4005 potest
1634 3950 1648 3990 :
1683 3950 1786 3990 nec
1817 3934 1902 3991 sic
1931 3933 2015 3990 la-

317 4015 512 4072 etandi
542 4024 698 4088 sunt,
724 4023 788 4073 ut
809 4028 1125 4078 creatorem
1158 4038 1462 4093 nunquam
1493 4022 1821 4095 intelligant
1850 4022 2017 4079 Chri-

314 4113 500 4175 stum;
527 4122 631 4162 nec
652 4106 732 4164 sic
755 4107 1107 4181 ablactandi,
1133 4116 1196 4167 ut
1218 4112 1599 4169 mediatorem
1630 4128 1891 4184 unquam
1924 4114 2018 4170 de-

310 4202 507 4253 serant
530 4197 844 4256 Christum.
870 4199 933 4258 In
965 4200 1073 4258 hoc
1097 4203 1311 4274 quippe
1334 4219 1450 4259 non
1475 4202 1745 4258 convenit
1776 4202 1912 4259 huic
1936 4203 2017 4259 rei

307 4287 631 4345 similitudo
654 4290 903 4348 materni
924 4290 1095 4350 lactis
1117 4297 1174 4348 et
1194 4292 1366 4350 solidi
1389 4292 1522 4363 cibi,
1544 4294 1643 4350 sed
1671 4292 1864 4364 potius
1886 4294 2014 4349 fun-

308 4379 562 4437 damenti
592 4398 606 4439 :
640 4382 778 4455 quia
809 4387 866 4440 et
895 4398 1039 4455 puer
1070 4385 1305 4456 quando
1335 4384 1678 4451 ablactatur,
1715 4395 1772 4441 ut
1801 4385 1874 4441 ab
1902 4384 2011 4440 ali-

308 4472 520 4529 mentis
552 4472 813 4531 iufantite
836 4474 960 4547 jam
992 4477 1238 4545 recedat,
1271 4477 1422 4534 inter
1452 4474 1672 4533 solidos
1703 4476 1864 4533 cibos
1896 4494 2009 4534 non

304 4562 511 4632 repetit
533 4563 705 4621 ubera
722 4581 848 4638 quas
870 4566 1111 4640 augebat
1126 4584 1140 4636 ;
1163 4566 1431 4624 Christus
1455 4572 1650 4624 autem
1674 4568 2009 4635 cruciﬁxus,

303 4656 359 4707 et
388 4651 480 4707 lac
510 4654 880 4726 augentibus,
902 4665 956 4712 et
985 4656 1152 4714 cibus
1177 4661 1266 4714 est
1296 4656 1756 4730 proficientibus.
1787 4658 2012 4715 Funda-

304 4740 487 4797 menti
519 4757 646 4797 vero
673 4741 803 4801 ideo
830 4749 915 4801 est
943 4747 1132 4817 aptior
1159 4745 1511 4818 similitudo,
1540 4748 1678 4818 quia
1726 4750 1789 4802 ut
1835 4747 2005 4820 perfi-

302 4830 490 4887 ciatur
519 4832 674 4904 quod
705 4834 973 4905 struitur,
1007 4834 1242 4892 additur
1270 4835 1602 4907 (editicium,
1631 4852 1747 4894 non
1779 4836 2006 4895 subtra-

300 4920 459 4978 hitur
485 4922 955 4985 fundamentum.

375 5014 431 5069 7.
465 5014 600 5080 Qua:
632 5031 764 5072 cum
804 5014 884 5073 ita
912 5015 1050 5085 sint,
1084 5033 1116 5074 ο
1150 5016 1509 5091 quicumque
1546 5016 1706 5089 estis,
1739 5018 1838 5090 qui
1880 5017 2009 5075 sine

307 5103 484 5161 dubio
502 5104 673 5165 multi
694 5106 834 5164 estis
856 5107 1081 5181 parvuli
1104 5106 1165 5164 in
1185 5107 1437 5175 Christo,
1470 5106 1730 5182 proﬁcite
1761 5109 1831 5166 ad
1862 5107 2009 5167 soli-

304 5196 440 5250 dum
465 5196 664 5255 cibum
688 5198 924 5269 mentis,
949 5214 1065 5255 non
1087 5197 1321 5257 ventris.
1346 5197 1608 5257 Proficite
1630 5199 1700 5257 ad
1731 5215 2008 5272 separan-

304 5283 440 5339 dum
470 5286 687 5346 bonum
709 5304 743 5345 a
764 5288 939 5362 malo,
962 5292 1020 5347 et
1039 5289 1224 5364 magis
1255 5288 1561 5364 magisque
1592 5288 1868 5348 inhaerete
1884 5289 2005 5349 Me-

312 5373 539 5447 diatori,
562 5394 665 5451 per
692 5396 870 5452 quem
900 5381 1232 5439 liberamini
1253 5398 1285 5439 a
1310 5381 1498 5454 malo;
1530 5382 1683 5456 quod
1714 5397 1831 5440 non
1860 5387 1944 5439 est
1971 5398 2006 5438 a

371 5520 386 5553 ί
409 5517 536 5594 Pro,
561 5521 609 5594 to
637 5525 907 5594 σιςνςόῃια,
936 5527 1327 5594 ﬁrmamentum
1349 5546 1367 5594 ,-
1393 5528 1621 5594 legebat,
1655 5527 1704 5594 to
1732 5526 2002 5591 ustere’ma,

388 5582 725 5657 quodut-eest.
756 5588 841 5637 Sic
881 5578 1038 5642 etiam
1077 5592 1131 5643 in
1170 5578 1396 5655 epistola
1433 5578 1849 5655 tildWPaulinum,
1880 5578 2003 5657 qua,

305 5656 452 5692 nunc
482 5649 561 5695 est
595 5645 702 5695 149.

1272 299 1347 357 IN
1390 294 1712 359 JOANNIS
1756 288 2278 359 EVANGELIUM,
2327 288 2390 346 S.
2438 282 2865 347 AUGUSTlNI

3683 271 3840 334 1884

2136 427 2296 485 vobis
2318 426 2442 482 loco
2464 424 2877 497 separandum,
2901 422 2999 476 sed
3022 421 3079 475 in
3104 418 3262 475 vobis
3293 418 3479 490 potius
3509 420 3596 474 est
3625 385 3839 474 satian-

2132 520 2297 576 dum.
2322 516 2593 590 Quisquis
2624 518 2818 571 autem
2841 512 3005 569 vobis
3033 510 3256 578 dixerit,
3278 509 3464 566 Nolite
3495 510 3727 566 credere
3747 526 3840 565 ve-

2134 626 2261 665 rum
2294 606 2589 664 hominem
2623 604 2945 670 Christum,
2977 607 3079 658 aut
3112 618 3224 658 non
3258 618 3289 657 a
3319 616 3453 655 vero
3486 599 3599 655 Deo
3629 614 3841 670 corpus

2133 700 2445 772 cujuslibet
2475 697 2733 754 hominis
2753 697 2836 752 vel
2865 693 3179 764 cujuslibet
3210 690 3527 749 animantis
3556 695 3837 756 creatura,

2131 796 2233 847 aut
2265 807 2380 845 non
2413 804 2446 844 a
2474 804 2607 843 vero
2638 785 2752 842 Deo
2783 783 2963 839 Vetus
2995 784 3436 839 Testamentum
3465 780 3687 847 datum,
3711 782 3768 834 ct
3789 780 3833 833 si

2130 880 2267 953 quid
2291 877 2662 951 hujusmodi;
2688 876 2813 932 haec
2834 875 2991 931 enim
3013 872 3175 929 vobis
3200 873 3363 945 prius
3391 871 3519 927 ideo
3552 886 3667 925 non
3690 868 3839 925 dice-

2130 970 2359 1037 bantur,
2387 968 2621 1041 quando
2652 966 2800 1021 lacte
2831 962 3265 1032 nutriebamini,
3290 960 3566 1033 quoniam
3600 957 3673 1013 ad
3706 974 3839 1013 vera

2130 1060 2410 1131 capienda
2439 1075 2537 1115 cor
2567 1054 2825 1113 nondum
2859 1052 3158 1109 habebatis
3191 1051 3466 1107 idoneum
3494 1065 3508 1104 :
3534 1064 3647 1104 non
3671 1046 3834 1103 vobis

2131 1150 2239 1205 iste
2261 1148 2457 1205 cibum
2491 1149 2791 1219 prreparat,
2816 1146 2913 1200 sed
2935 1158 3245 1199 venenum.
3270 1141 3506 1211 Propter
3528 1139 3676 1211 quod
3702 1138 3832 1193 bea-

2129 1244 2224 1295 tus
2254 1238 2565 1311 Apostolus
2593 1254 2693 1293 eos
2725 1235 3025 1306 alloquens
3055 1231 3152 1305 qui
3183 1230 3293 1287 sibi
3336 1232 3461 1302 jam
3492 1228 3833 1284 videbantur

2128 1345 2254 1386 esse
2286 1328 2541 1401 perfecti,
2567 1342 2701 1383 cum
2724 1342 2786 1382 se
2810 1324 3208 1396 imperfectum
3234 1321 3362 1395 ipse
3384 1319 3635 1389 dixisset,
3668 1318 3832 1387 Quot-

2126 1429 2251 1492 quot
2272 1435 2423 1491 ergo,
2450 1418 2659 1490 inquit,
2690 1417 2937 1488 perfecti,
2974 1413 3071 1469 hoc
3090 1413 3371 1485 sapiamus
3393 1414 3476 1467 :et
3498 1407 3695 1481 siquid
3724 1406 3833 1462 ali-

2127 1514 2213 1566 ter
2235 1512 2446 1582 sapitis,
2470 1509 2567 1565 hoc
2596 1523 2806 1581 quoque
2836 1506 2983 1563 vobis
3015 1505 3155 1561 Deus
3184 1501 3463 1560 reuelabit.
3491 1500 3559 1556 Et
3590 1516 3660 1556 ne
3686 1500 3832 1554 forte

2126 1598 2490 1656 incurrerent
2519 1599 2578 1653 in
2613 1599 2966 1667 scductores,
2990 1596 3088 1667 qui
3117 1611 3216 1651 eos
3240 1592 3503 1649 vellenta
3527 1590 3638 1647 fide
3666 1607 3830 1645 aver-

2125 1696 2241 1745 tere
2275 1687 2661 1761 promittendo
2692 1686 2997 1743 scientiam
3031 1684 3310 1751 veritatis,
3335 1686 3391 1738 et
3418 1681 3529 1737 hoc
3563 1684 3832 1753 putarent

2125 1791 2253 1832 esse
2276 1776 2430 1849 quod
2455 1775 2598 1831 dixit
2618 1773 2952 1844 Apostolus,
2975 1772 3031 1828 id
3053 1787 3263 1845 quoque
3283 1770 3427 1827 vobis
3449 1770 3591 1826 Deus
3615 1769 3830 1826 revela-

2066 1901 2084 1913 .
2127 1865 2231 1932 bit;
2256 1866 2532 1922 continuo
2563 1863 2888 1935 subjunxit,
2916 1864 3293 1920 Verumtamen
3324 1861 3381 1916 in
3412 1859 3554 1933 quod
3580 1860 3826 1931 perveni-

2122 1970 2264 2025 mus,
2295 1956 2353 2009 in
2394 1968 2453 2010 eo
2499 1952 2841 2009 ambulemus
2894 1950 3152 2024 (Philipp.
3188 1965 3270 2020 ιιι,
3304 1950 3391 2021 15,
3426 1948 3536 2021 16).
3581 1947 3643 2003 Si
3688 1946 3829 2019 quid

2122 2059 2255 2114 ergo
2287 2041 2640 2099 intellexeris
2671 2041 2823 2115 quod
2855 2057 2970 2097 non
3003 2039 3080 2096 sit
3109 2044 3311 2097 contra
3342 2036 3598 2111 regulam
3631 2037 3829 2093 catho-

2121 2134 2245 2192 lica
2280 2134 2435 2204 fidei,
2468 2134 2539 2190 ad
2572 2150 2772 2206 quam,
2806 2131 2960 2188 velut
2988 2130 3138 2187 viam
3176 2147 3302 2201 qua:
3336 2138 3387 2184 te
3418 2129 3590 2185 ducat
3619 2128 3689 2183 ad
3722 2144 3830 2199 pa-

2123 2224 2317 2291 triam,
2342 2222 2681 2297 pervenisti;
2707 2227 2763 2279 et
2788 2221 2870 2278 sic
2900 2220 3279 2288 intellexeris,
3307 2226 3365 2275 ut
3395 2218 3533 2275 inde
3565 2217 3827 2273 dubitare

2123 2314 2364 2371 omnino
2396 2331 2511 2370 non
2543 2313 2756 2369 debeas
2782 2327 2796 2367 :
2820 2311 2965 2367 adde
2994 2310 3323 2378 aedificium,
3359 2308 3476 2367 noli
3508 2313 3700 2365 tamen
3733 2323 3829 2363 re-

2122 2405 2387 2477 linquere
2438 2403 2903 2459 fundamentum.
2935 2401 3030 2458 Sic
3079 2400 3292 2457 debent
3340 2400 3595 2472 majores
3626 2399 3833 2455 docere

2124 2495 2348 2566 aliquid
2379 2493 2676 2566 parvulos,
2702 2500 2764 2549 ut
2794 2491 3059 2549 omnium
3093 2490 3403 2548 Dominum
3435 2488 3754 2557 Christum,
3778 2497 3830 2543 et

2124 2584 2336 2657 seipsis
2364 2585 2537 2659 longe
2574 2585 2821 2656 majores
2852 2583 3162 2655 Prophetas
3184 2580 3568 2654 etApostolos
3601 2596 3718 2636 non
3742 2580 3831 2635 di-

2123 2680 2257 2733 cant
2276 2674 2495 2747 aliquid
2520 2675 2697 2731 fuisse
2721 2674 3012 2731 mentitos.
3036 2673 3162 2729 Non
3186 2677 3377 2729 autem
3401 2672 3590 2728 solum
3611 2670 3831 2727 vanilo-

2123 2780 2266 2836 quos
2287 2770 2344 2821 et
2364 2764 2577 2821 mentis
2599 2765 2932 2821 seductores
2956 2764 3221 2820 fabulosa
3241 2767 3299 2819 et
3324 2762 3469 2819 falsa
3490 2761 3828 2834 garrientes,

2122 2860 2181 2913 et
2206 2855 2263 2911 in
2287 2854 2367 2912 eis
2390 2854 2737 2911 vanitatibus
2758 2854 2918 2911 velut
2946 2853 3126 2910 altam
3158 2852 3463 2910 scientiam
3498 2854 3835 2925 promitten-

2124 2951 2209 3002 tes
2256 2948 2463 3001 contra
2507 2942 2761 3016 regulam
2797 2943 2949 3013 ﬁdei,
2983 2959 3161 3015 quam
3190 2942 3537 2998 catholicam
3570 2940 3833 3013 suscepi-

2126 3034 2258 3104 stis,
2291 3050 2489 3090 cavere
2518 3032 2744 3089 debetis
2778 3050 2791 3088 :
2825 3048 3025 3089 verum
3057 3032 3232 3088 etiam
3280 3031 3440 3105 ipsos
3472 3030 3572 3102 qui
3606 3032 3675 3087 de
3708 3031 3835 3101 ipsa

2126 3123 2333 3180 divinas
2365 3122 2840 3179 immutabilitate
2872 3127 3115 3190 naturee,
3136 3120 3224 3177 vel
3246 3120 3584 3194 incorporea
3604 3126 3835 3176 creatu-

2127 3229 2212 3282 ra,
2236 3211 2354 3268 sive
2385 3213 2658 3269 Creatore
2688 3211 2973 3267 veraciter
3002 3211 3321 3284 disputant,
3344 3213 3401 3266 et
3430 3210 3581 3282 quod
3610 3210 3833 3276 dicunt,

2126 3301 2365 3359 omnino
2387 3300 2759 3358 documentis
2790 3304 2964 3375 atque
2996 3300 3322 3357 rationibus
3344 3297 3686 3356 certissimis
3709 3314 3833 3371 pro.

2125 3392 2286 3457 bant,
2311 3394 2367 3448 et
2387 3394 2585 3448 tamen
2618 3391 2689 3447 ab
2721 3407 2836 3447 uno
2868 3390 2966 3446 Dei
2990 3396 3047 3447 et
3068 3390 3375 3448 hominum
3408 3388 3724 3446 Mediatore
3745 3405 3835 3445 co-

2124 3486 2337 3539 nantur
2360 3484 2634 3549 avertere,
2658 3484 2942 3554 tanquam
2974 3484 3194 3552 pestem
3216 3478 3649 3535 insidiosiorem
3673 3482 3833 3535 caste-

2125 3571 2207 3629 ris
2239 3571 2439 3644 fugite.
2462 3570 2632 3628 Tales
2654 3572 2810 3628 enim
2843 3576 2984 3628 sunt
3006 3570 3076 3627 de
3099 3570 3312 3643 quibus
3336 3569 3476 3626 dicit
3495 3568 3827 3642 Apostolus,

2127 3663 2268 3731 Quia
2312 3664 2686 3733 cognoscentes
2739 3662 2927 3729 Deum,
2956 3677 3067 3717 non
3118 3663 3258 3717 sicut
3289 3660 3459 3716 Deum
3485 3660 3826 3733 gloriﬁcave-

2124 3756 2259 3807 runt
2288 3752 2469 3823 (Rom.
2503 3769 2542 3823 ι,
2572 3751 2685 3823 21).
2718 3751 2864 3816 Quid
2896 3750 3052 3808 enim
3084 3750 3320 3824 prodest
3348 3749 3557 3807 habere
3600 3748 3830 3805 intelli-

2126 3842 2384 3915 gentiam
2416 3858 2612 3899 veram
2641 3843 2712 3898 de
2741 3840 3092 3899 immutabili
3124 3843 3296 3909 bono,
3320 3841 3371 3897 ei
3394 3840 3494 3913 qui
3525 3857 3639 3898 non
3668 3843 3828 3895 tenet

2127 3949 2229 4006 per
2249 3948 2423 4005 quem
2444 3931 2726 3990 liberetur
2746 3949 2777 3988 a
2800 3930 2991 3989 male?
3012 3932 3257 3989 Prorsus
3278 3931 3596 3988 admonitio
3612 3929 3827 3986 beatis.

2126 4022 2262 4080 simi
2284 4022 2535 4093 Apostoli
2557 4023 2627 4079 de
2646 4021 2853 4079 vestris
2875 4022 3150 4079 cordibus
3182 4038 3295 4078 non
3328 4021 3561 4078 recedat
3585 4039 3601 4078 :
3630 4019 3689 4076 Si
3708 4022 3831 4091 quis

2124 4112 2271 4169 vobis
2290 4113 2750 4183 euangelizaverit
2769 4118 2972 4185 praeter
2989 4112 3130 4185 quod
3149 4111 3745 4184 accepistis,anathema
3758 4114 3830 4166 sit

2127 4202 2329 4275 (Galat.
2354 4220 2393 4271 1,
2415 4202 2491 4274 9).
2524 4202 2648 4258 Νοιι
2679 4203 2782 4272 ait,
2803 4202 2936 4274 plus
2968 4219 3140 4275 quam
3170 4201 3513 4273 accepistis;
3546 4202 3667 4267 sed,
3689 4217 3826 4273 prm-

2121 4297 2205 4349 ter
2232 4291 2374 4365 quod
2402 4293 2699 4365 accepistis.
2733 4294 2876 4348 Nam
2902 4291 2951 4349 si
2974 4291 3118 4347 illud
3142 4292 3382 4363 diceret,
3405 4290 3517 4347 sibi
3539 4291 3664 4364 ipse
3690 4308 3829 4363 prse-

2117 4381 2425 4455 judicaret,
2451 4384 2549 4456 qui
2571 4382 2840 4453 cupiebat
2862 4385 3055 4438 venire
3077 4381 3151 4438 ad
3171 4381 3742 4448 Thessalonicenses,
3765 4388 3825 4435 ut

2121 4471 2419 4544 suppleret
2449 4482 2578 4544 quae
2608 4470 2842 4528 illorum
2872 4470 3010 4528 ﬁdei
3040 4471 3371 4527 defuerunt.
3406 4471 3517 4527 Sed
3550 4468 3649 4543 qui
3678 4486 3823 4542 sup~

2121 4560 2259 4633 plet,
2294 4563 2447 4634 quod
2481 4562 2676 4619 minus
2706 4566 2829 4619 erat
2857 4560 3038 4633 addit,
3069 4577 3186 4619 non
3235 4561 3387 4632 quod
3418 4560 3604 4616 inerat
3632 4558 3822 4615 tollit:

2119 4652 2219 4725 qui
2251 4657 2444 4710 autem
2474 4652 2952 4727 praetergreditur
2975 4651 3110 4710 fidei
3141 4650 3431 4725 regulam,
3455 4666 3569 4709 non
3600 4650 3826 4707 accedit

2116 4739 2177 4797 in
2207 4741 2318 4809 via,
2352 4741 2454 4798 sed
2486 4740 2703 4798 recedit
2732 4742 2803 4798 de
2834 4741 2942 4799 via.

2185 4833 2238 4889 8.
2264 4833 2423 4900 Quod
2455 4833 2650 4906 itaque
2679 4832 2758 4889 ait
2787 4832 3096 4902 Dominus,
3117 4832 3307 4889 Adhuc
3336 4833 3515 4889 multa
3544 4830 3711 4889 habeo
3736 4846 3824 4887 vo-

2117 4922 2199 4979 bis
2228 4922 2422 4994 dicere,
2453 4922 2545 4980 sed
2573 4938 2684 4980 non
2726 4924 2948 4995 potestis
2995 4924 3218 4993 portare
3267 4921 3464 4986 modo;
3492 4920 3826 4993 adjicienda

2116 5010 2234 5068 illis
2257 5013 2487 5069 fuerant
2507 5029 2632 5085 quas
2652 5012 3010 5082 nesciebant,
3035 5029 3151 5070 non
3173 5029 3301 5086 quas
3322 5010 3646 5068 didicerant
3670 5023 3824 5065 ever-

2115 5102 2311 5159 tenda.
2344 5103 2413 5159 Et
2442 5101 2539 5160 ille
2570 5104 2825 5176 quidem,
2849 5105 3002 5161 sicut
3031 5103 3091 5161 in
3122 5103 3368 5175 pristino
3400 5114 3669 5158 sermone
3693 5101 3819 5172 jam

2115 5193 2379 5268 exposui,
2410 5194 2598 5267 potuit
2628 5194 2737 5252 hoc
2768 5194 2849 5252 ita
2876 5194 3088 5264 dicere,
3111 5194 3248 5269 quia
3277 5192 3378 5250 illa
3407 5193 3534 5265 ipsa
3560 5207 3690 5265 quas
3715 5190 3822 5248 do-

2115 5287 2331 5355 cuerat,
2354 5284 2405 5342 si
2425 5283 2596 5342 vellet
2615 5284 2700 5343 eis
2722 5284 2807 5343 sic
2827 5284 3073 5360 aperire,
3097 5289 3158 5343 ut
3186 5285 3246 5342 in
3274 5283 3376 5342 illo
3407 5281 3822 5355 concipiuntur

2114 5375 2186 5432 ab
2234 5374 2507 5450 Angelis;
2556 5375 2665 5433 hoc
2713 5375 3025 5434 infirmitas
3072 5376 3335 5434 humana
3377 5373 3437 5430 in
3482 5388 3602 5445 qua
3628 5370 3821 5428 adhuc

2112 5470 2297 5535 erant,
2321 5467 2466 5524 terre
2488 5482 2602 5525 non
2625 5472 2836 5541 posset.
2861 5466 3186 5541 Spiritualis
3216 5470 3407 5524 autem
3436 5463 3613 5522 homo
3645 5461 3820 5535 quili-

2113 5554 2207 5613 bet
2226 5561 2417 5630 potest
2436 5557 2683 5616 alterum
2704 5558 3002 5616 hominem
3025 5558 3231 5617 dooere
3246 5556 3397 5631 quod
3420 5553 3596 5623 novit,
3620 5552 3669 5608 si
3692 5568 3821 5625 pro-

2110 5646 2357 5707 ﬁciendo
2384 5648 2750 5723 capaciorem
2781 5649 2953 5709 faciat
2980 5647 3233 5721 Spiritus
3263 5650 3516 5713 sanctus,
3539 5643 3601 5700 in
3623 5658 3738 5715 quo
3759 5648 3819 5700 et
