4148 6190
263 318 429 377 1885

260 452 393 524 ipse
425 451 625 506 doctor
654 447 880 519 aliquid
912 446 1168 519 amplius
1201 449 1500 504 addiscere
1542 447 1746 519 potuit,
1781 453 1843 503 ut
1869 446 1987 502 sint

261 543 440 600 ambo
462 541 742 598 docibiles
764 540 881 597 Deo
903 542 1085 610 (Joan.
1113 555 1190 607 vt,
1217 541 1327 611 45).
1355 544 1701 613 Quanquam
1750 548 1803 596 et
1835 540 1981 595 inter

261 633 426 702 ipsos
448 630 783 703 spirituales
805 633 945 684 sunt
965 629 1168 700 utique
1191 629 1322 685 aliis
1339 629 1435 684 alii
1455 631 1782 700 capaciores
1803 633 1978 700 atque

265 723 570 786 meliores;
594 721 671 776 ita
694 724 758 776 ut
779 720 1014 791 quidam
1045 718 1278 775 illorum
1304 720 1376 774 ad
1398 736 1465 775 ea
1496 719 1813 789 pervenerit
1844 736 1971 791 quae

263 830 383 868 non
435 812 571 867 licet
600 810 822 868 homini
873 808 1052 880 loqui.
1088 812 1210 876 Qua
1241 809 1545 866 occasione
1572 809 1704 864 vani
1737 809 1974 880 quidam

262 899 674 974 Apocalypsim
708 897 892 966 Pauli,
926 914 1096 967 quam
1130 915 1268 953 sana
1300 914 1413 954 non
1448 898 1651 968 recipit
1692 897 1972 965 Ecclesia,

263 990 464 1047 nescio
505 988 721 1060 quibus
761 986 974 1042 fabulis
1013 986 1267 1057 plenam,
1311 986 1657 1042 stultissima
1698 1003 1978 1058 praesum-

263 1081 468 1152 ptione
499 1079 824 1146 ﬁnxerunt;
859 1075 1119 1132 dicentes
1146 1076 1292 1132 hanc
1315 1093 1441 1132 esse
1465 1076 1618 1132 unde
1649 1076 1874 1131 dixerat
1895 1092 1980 1131 ra-

262 1175 436 1244 ptum
463 1186 525 1226 se
547 1168 728 1224 fuisse
751 1169 808 1223 in
831 1167 1064 1223 tertium
1087 1167 1323 1233 ccalum,
1349 1173 1406 1222 et
1429 1168 1549 1222 illic
1570 1167 1806 1222 audisse
1833 1166 1977 1222 inef—

263 1261 465 1318 fabilia
486 1260 660 1314 verba
680 1274 808 1330 quae
826 1275 938 1314 non
969 1259 1093 1313 licet
1123 1258 1336 1313 homini
1367 1259 1514 1329 loqui
1546 1258 1620 1324 (ll
1646 1259 1768 1314 Cor.
1795 1274 1896 1321 xu,
1920 1261 1973 1324 2,

262 1352 340 1420 1|).
380 1350 705 1418 Utcumque
736 1346 972 1403 illorum
1005 1346 1325 1403 tolerabilis
1357 1351 1512 1402 esset
1541 1345 1803 1412 audacia,
1836 1346 1883 1402 si
1919 1361 1979 1401 se

265 1439 506 1495 audisse
538 1437 781 1492 dixisset
811 1453 933 1508 quas
964 1435 1156 1491 adhuc
1187 1452 1303 1492 non
1336 1435 1469 1491 licet
1516 1435 1738 1491 homini
1769 1434 1927 1505 loqui
1964 1451 1977 1490 :

264 1545 402 1586 cum
435 1544 568 1583 vero
601 1526 829 1595 dixerit,
862 1543 981 1597 quae
1010 1542 1122 1582 non
1151 1528 1274 1582 licet
1306 1527 1519 1582 homini
1550 1526 1736 1598 loqui;
1760 1525 1854 1580 isti
1881 1525 1981 1597 qui

265 1622 406 1674 sunt
428 1617 529 1689 qui
553 1616 674 1672 haec
702 1616 954 1671 audeant
982 1615 1352 1687 impudenter
1374 1620 1432 1671 et
1452 1615 1762 1671 infeliciter
1782 1615 1983 1687 loqui?

265 1711 381 1766 Sed
423 1709 553 1778 jam
596 1708 776 1763 istum
809 1722 1142 1763 sermonem
1176 1707 1285 1764 hoc
1316 1708 1430 1762 fine
1462 1706 1842 1774 concludam;
1879 1717 1988 1778 per

267 1815 446 1872 quem
475 1813 578 1852 vos
608 1811 736 1852 esse
766 1796 934 1867 cupio
967 1795 1259 1867 sapientes
1289 1796 1527 1868 quidem
1551 1795 1611 1851 in
1633 1795 1806 1861 bono,
1833 1794 1981 1851 inte-

265 1905 402 1961 gros
436 1891 633 1943 autem
666 1903 699 1942 a
730 1885 904 1942 malo.

793 1993 1224 2049 TRACTATUS
1263 1993 1463 2049 XCIX.

271 2106 332 2158 In
358 2102 662 2167 illud,Non
685 2099 840 2156 enim
866 2100 1140 2171 loquetur
1161 2117 1193 2155 a
1218 2100 1547 2172 semetipso,
1564 2101 1664 2158 sed
1689 2115 1980 2172 quaecum-

526 2207 637 2263 que
671 2190 889 2260 audiet,
923 2190 1211 2261 loquetur.
1249 2190 1375 2261 Cap.
1408 2207 1524 2258 xvr,
1557 2193 1610 2260 Ῡ.
1645 2192 1730 2244 13.

345 2305 396 2360 1.
430 2301 576 2366 Quid
610 2305 697 2356 est
727 2301 881 2372 quod
933 2299 1215 2355 Dominus
1266 2299 1345 2354 ait
1389 2300 1460 2355 de
1508 2299 1724 2371 Spiritu
1759 2303 1978 2366 sancto,

271 2411 407 2454 cum
440 2408 572 2450 eum
603 2395 914 2448 venturum
939 2407 1066 2448 esse
1092 2390 1540 2461 promitteret,et
1561 2392 1867 2446 docturum
1893 2391 1983 2446 di-

269 2484 526 2557 scipulos
560 2483 688 2553 ejus
727 2498 960 2538 omnem
993 2480 1312 2548 veritatem,
1346 2480 1432 2537 vel
1467 2497 1566 2536 eos
1596 2481 1981 2536 deducturum

269 2579 326 2632 in
358 2575 519 2632 omni
552 2574 791 2631 veritate
823 2589 836 2628 :
871 2574 988 2629 Non
1032 2574 1175 2627 enim
1217 2573 1468 2644 loquetur
1498 2590 1529 2627 a
1557 2574 1862 2643 semetipso,
1893 2573 1984 2629 sed

269 2679 629 2738 quaecumque
656 2663 861 2730 audiet,
896 2663 1192 2733 loquetur?
1221 2661 1423 2717 Simile
1471 2666 1560 2717 est
1607 2660 1760 2717 enim
1793 2661 1900 2717 hoc
1931 2663 1982 2717 ei

269 2755 427 2828 quod
463 2754 531 2808 de
565 2769 624 2808 se
658 2752 780 2822 ipse
813 2750 978 2816 dixit,
1010 2751 1129 2806 Non
1155 2765 1374 2819 possum
1403 2766 1435 2806 a
1466 2766 1552 2805 me
1593 2751 1784 2823 facere
1822 2750 1982 2823 quid-

270 2861 435 2916 quam
460 2861 478 2897 :
500 2843 645 2898 sicut
675 2841 859 2906 audio,
894 2839 1074 2905 iudico
1102 2839 1283 2910 (Joan.
1308 2855 1362 2906 v,
1391 2840 1501 2909 30).
1533 2840 1643 2894 Sed
1676 2839 1815 2895 illud
1846 2857 1982 2897 cum

269 2947 709 3005 exponeremus,
737 2929 1063 2985 secundum
1096 2927 1393 2983 hominem
1429 2944 1598 2999 posse
1628 2928 1810 2999 accipi
1833 2929 1981 2984 dixi-

271 3041 408 3081 mus
430 3023 652 3093 (Supra,
671 3022 844 3076 Tract.
860 3018 1158 3090 xrx-xxn):
1184 3021 1248 3073 ut
1267 3017 1656 3074 obedientiam
1680 3035 1848 3074 suam
1867 3035 1984 3090 qua

270 3115 466 3169 factus
488 3115 577 3166 est
599 3107 878 3165 obediens
912 3122 1092 3178 usque
1125 3107 1197 3163 ad
1229 3114 1472 3162 mortem
1506 3108 1694 3162 crucis
1718 3107 1986 3180 (Philipp.

272 3221 338 3268 ιι,
362 3204 443 3274 8),
470 3199 898 3273 praanuntiasse
927 3198 1107 3253 Filius
1133 3197 1448 3265 videretur,
1471 3201 1527 3254 et
1555 3197 1614 3253 in
1639 3198 1860 3268 judicio
1895 3199 1983 3254 t'u-

272 3301 469 3352 turam
490 3292 531 3359 ¹,
557 3309 672 3364 quo
694 3291 849 3348 vivos
871 3294 928 3346 et
948 3293 1214 3346 mortuos
1244 3288 1556 3359 iudicabit;
1579 3289 1715 3358 quia
1744 3289 1852 3345 hoc
1885 3305 1986 3361 per

273 3387 329 3442 id
367 3386 633 3440 facturus
665 3387 749 3437 est
781 3381 935 3452 quod
970 3378 1125 3434 ﬁlius
1159 3377 1414 3434 hominis
1438 3381 1546 3433 est.
1571 3379 1809 3449 Propter
1830 3380 1981 3448 quod

271 3473 440 3537 dixit,
474 3473 640 3527 Pater
669 3485 775 3525 non
800 3468 1017 3540 judicat
1046 3482 1392 3540 quemquam,
1416 3466 1510 3522 sed
1538 3482 1696 3522 omne
1712 3466 1987 3538 judicium

270 3564 420 3621 dedit
443 3562 582 3618 Filio
604 3578 624 3617 :
645 3559 784 3632 quia
807 3560 864 3614 in
887 3557 1107 3630 judicio
1141 3573 1259 3614 non
1286 3558 1472 3614 forma
1495 3557 1594 3614 Dei
1618 3574 1727 3628 qua
1749 3558 1987 3630 aqualis

270 3658 361 3710 est
393 3652 572 3719 Patri,
608 3666 710 3706 nec
742 3650 812 3705 ab
844 3647 1046 3720 impiis
1078 3647 1260 3703 videri
1292 3650 1501 3718 potest,
1535 3648 1635 3703 sed
1670 3648 1854 3703 forma
1884 3647 1990 3704 ho-

266 3744 445 3799 minis
477 3739 797 3814 apparebit,
834 3754 950 3812 qua
981 3737 1304 3794 minoratus
1325 3741 1414 3793 est
1435 3737 1610 3793 etiam
1636 3738 1860 3793 modico
1885 3737 1991 3792 mi-

269 3850 384 3890 nus
409 3833 482 3888 ab
503 3829 769 3902 Angelis;
796 3827 1065 3900 quamvis
1087 3829 1209 3899 jam
1233 3826 1292 3882 in
1321 3825 1606 3898 claritate,
1629 3843 1746 3882 non
1778 3827 1836 3882 in
1870 3826 1991 3898 pri-

270 3924 430 3979 stina
452 3923 530 3976 sit
556 3919 889 3976 humilitate
907 3920 1213 3985 venturus,
1241 3916 1596 3988 conspicuus
1618 3920 1812 3972 tamen
1837 3919 1992 3972 futu-

272 4029 380 4069 rus
412 4017 468 4066 et
497 4010 669 4066 bonis
692 4013 748 4066 et
771 4008 962 4064 malis.
987 4007 1134 4063 IIinc
1165 4007 1244 4062 ait
1275 4012 1332 4062 et
1364 4005 1508 4061 illud
1538 4023 1550 4060 :
1578 4008 1644 4061 Et
1667 4010 1992 4077 potestatem

271 4103 425 4160 dedit
469 4105 522 4157 ei
557 4101 840 4173 judicium
885 4103 1087 4172 facere,
1131 4098 1395 4171 quoniam
1442 4099 1593 4168 ﬁlius
1642 4098 1881 4154 hominis
1912 4105 1991 4154 est

273 4195 463 4267 (Joan.
494 4209 550 4260 v,
583 4191 672 4258 22,
704 4191 819 4263 27).
854 4191 917 4245 In
951 4188 1168 4260 quibus
1198 4189 1389 4244 verbis
1421 4188 1547 4258 ejus
1588 4187 1994 4244 manifestatur

275 4300 399 4341 non
434 4296 562 4337 eam
596 4281 845 4337 formam
879 4279 1346 4352 praesentandam
1381 4295 1502 4334 esse
1528 4277 1768 4348 judicio,
1793 4278 1852 4332 in
1877 4296 1993 4350 qua

278 4388 418 4429 cum
454 4377 620 4440 esset,
654 4386 763 4427 non
797 4369 1059 4442 rapinam
1113 4369 1428 4425 arbitratus
1478 4377 1564 4423 est
1593 4384 1720 4423 esse
1752 4369 1990 4439 aequalis

281 4467 431 4529 Deo;
468 4462 563 4517 sed
612 4461 768 4516 illam
819 4477 993 4532 quam
1045 4475 1173 4515 cum
1223 4458 1603 4528 semetipsum
1642 4457 1993 4513 exinanisset

273 4552 522 4624 accepit.
566 4551 954 4623 Semetipsum
997 4550 1150 4606 enim
1199 4547 1518 4605 exinanivit
1567 4547 1811 4601 formam
1845 4545 1992 4604 servi

274 4642 574 4714 accipiens
607 4641 874 4713 (Philipp.
910 4657 970 4710 ιι,
1002 4641 1057 4706 6,
1092 4639 1183 4711 7):
1215 4638 1275 4692 in
1309 4654 1425 4710 qua
1455 4636 1684 4692 videtur
1714 4635 1889 4691 etiam
1920 4638 1990 4692 ad

273 4732 611 4789 faciendum
629 4730 914 4802 judicium
933 4728 1503 4799 obedientiamﬁsuam
1521 4727 1990 4792 commendasse,

269 4840 411 4880 cum
437 4821 603 4891 dixit,
621 4820 739 4875 Non
759 4835 979 4892 possum
1000 4820 1186 4888 facere
1206 4835 1238 4872 a
1262 4819 1461 4887 meipso
1485 4815 1786 4889 quidquam
1810 4834 1826 4870 :
1847 4815 1989 4871 sicut

266 4913 465 4981 audio,
485 4910 698 4982 judico.
722 4911 904 4965 Adam
929 4924 1183 4981 namque
1211 4923 1313 4980 per
1334 4908 1498 4976 cujus
1529 4906 1704 4961 unius
1739 4905 1989 4962 hominis

269 5001 736 5061 inobedientiam
768 5009 1097 5072 peccatores
1141 4996 1443 5054 constituti
1485 5000 1623 5053 sunt
1654 4994 1848 5063 multi,
1873 5012 1988 5052 non

272 5096 428 5152 sicut
454 5089 1013 5163 audivit,judicavit;
1032 5088 1340 5162 quiaquod
1364 5087 1580 5142 audivit
1597 5086 1993 5159 praevaricavit

273 5190 333 5242 et
365 5203 398 5241 a
429 5181 746 5254 semetipso
775 5181 910 5238 fecit
943 5179 1160 5236 malum
1194 5179 1350 5252 quod
1383 5178 1549 5246 fecit;
1574 5179 1712 5249 quia
1742 5194 1857 5233 non
1890 5177 1990 5234 Dei

273 5276 665 5341 voluntatem,
691 5272 792 5329 sed
814 5289 979 5329 suam
1004 5271 1140 5327 fecit
1157 5287 1168 5325 ε
1184 5271 1291 5326 iste
1305 5273 1498 5325 autem
1515 5285 1617 5342 per
1631 5270 1800 5339 cujus
1818 5269 1990 5328 unius

279 5367 541 5424 hominis
574 5363 966 5422 obedientiam
991 5363 1143 5434 justi
1175 5360 1608 5419 constituuntur
1628 5361 1797 5417 multi
1813 5361 1991 5433 (Rom.

276 5476 332 5530 ν,
361 5459 473 5532 19),
499 5473 616 5513 non
641 5455 832 5511 solum
858 5453 1132 5511 obediens
1155 5453 1261 5509 fuit
1288 5467 1473 5524 usque
1495 5451 1568 5507 ad
1596 5455 1837 5508 mortem
1864 5468 1994 5507 cru-

279 5551 384 5620 cis,
411 5550 471 5604 in
496 5564 618 5621 qua
639 5549 729 5603 est
751 5546 915 5602 vivus
931 5544 1228 5618 judicatus
1251 5560 1284 5600 a
1305 5543 1581 5609 mortuis;
1607 5543 1702 5598 sed
1728 5541 1995 5600 obedien.

343 5677 468 5728 1Er.
503 5673 674 5739 Lugd.
709 5677 761 5725 et
790 5674 922 5726 Ven.
953 5671 1152 5736 ferunt,
1181 5678 1230 5722 et
1257 5668 1520 5734 iudicium
1551 5669 1805 5732 futurum.
1864 5671 1935 5722 M.

1454 311 1918 373 TltACTA'l‘US
1967 310 2179 370 XCIX.
2232 310 2491 370 CAPUT
2538 311 2690 370 XVI.

3645 324 3672 374 1
3683 313 3799 375 886

2099 451 2215 501 tem
2232 462 2292 501 se
2315 448 2576 503 futurum
2602 447 3019 521 promittensin
3039 447 3162 520 ipso
3177 450 3798 524 quoquejudicio,quo

2092 541 2182 593 est
2211 537 2280 592 de
2311 537 2454 594 vivis
2478 539 2851 609 judicaturus
2879 542 2935 594 et
2967 538 3229 606 mortuis,
3264 540 3381 594 Non
3425 555 3668 610 possum,
3706 543 3800 598 in-

2087 627 2236 698 quit,
2258 646 2289 683 a
2311 630 2514 700 meipso
2544 631 2727 699 [acere
2757 629 3056 701 quidquam
3078 645 3098 685 :
3118 628 3261 684 sicut
3290 629 3662 701 odio,judico.
3694 634 3803 688 Sed

2084 718 2370 789 numquid
2398 720 2463 773 de
2486 719 2699 789 Spiritu
2726 722 2925 774 sancto
2949 719 3103 789 quod
3128 717 3350 775 dictum
3373 724 3480 784 est,
3504 720 3621 776 Non
3652 723 3800 777 enim

2089 811 2336 880 loquetur
2355 826 2385 864 a
2407 811 2711 879 semetipso,
2728 808 2818 864 sed
2840 823 3193 879 quwcumque
3211 808 3415 875 audiet,
3436 810 3704 881 loquetur,
3722 830 3807 867 sc-

2085 897 2344 954 cundum
2385 897 2680 954 hominem
2714 898 2799 955 vel
2837 899 3158 954 secundum
3191 900 3654 970 assumptionem
3705 920 3808 957 cu-

2079 989 2361 1059 jusquam
2377 994 2650 1043 creature:
2663 988 2881 1044 dictum
2896 1005 3020 1044 esse
3044 987 3392 1044 audebimus
3408 989 3675 1060 opinari?
3696 993 3768 1047 So
3782 1023 3797 1032 -

2087 1074 2178 1130 lus
2210 1077 2426 1146 quippe
2452 1075 2510 1130 in
2541 1077 2821 1132 Trinitatc
2870 1077 3049 1132 Filius
3083 1078 3330 1132 formam
3367 1078 3516 1133 servi
3551 1081 3797 1150 accepit,

2088 1180 2216 1234 qua:
2240 1166 2426 1219 forma
2447 1165 2529 1219 illi
2547 1167 2615 1220 ad
2637 1166 2918 1221 unitatem
2942 1170 3600 1238 personmcoaptatacst,
3616 1170 3671 1224 id
3689 1175 3797 1237 est,

2088 1253 2344 1310 utFilius
2360 1253 2458 1308 Dei
2473 1258 2528 1309 et
2544 1255 2695 1310 ﬁlius
2710 1255 2966 1311 hominis
2984 1272 3135 1312 unus
3148 1257 3406 1313 sithsus
3422 1257 3682 1314 Christus
3700 1283 3712 1327 ;
3730 1277 3800 1315 ne

2090 1360 2204 1400 non
2229 1344 2613 1410 Trinitas,sed
2639 1345 2997 1416 quaternitas
3022 1346 3365 1417 praedicetur
3389 1364 3420 1401 a
3443 1346 3796 1420 nobis,quod

2093 1434 2488 1490 absitanobis.
2506 1440 2928 1506 PrOpterquam
2954 1452 3261 1506 personam
3285 1453 3460 1492 unam
3482 1455 3549 1494 ex
3571 1440 3798 1496 duabus

2092 1523 2434 1580 substantiis
2457 1523 2650 1579 divina
2673 1525 3046 1595 humanaque
3070 1529 3455 1593 constantem,
3480 1526 3796 1598 aliquando

2092 1614 2414 1669 secundum
2437 1614 2492 1668 id
2519 1615 2672 1685 quod
2696 1615 2845 1670 Deus
2867 1619 2951 1671 est
2970 1615 3248 1686 loquitur,
3272 1620 3336 1671 ut
3357 1624 3440 1672 est
3473 1615 3615 1672 illud
3641 1620 3794 1688 quod

2094 1702 2193 1769 ait,
2221 1707 2327 1774 Ego
2352 1709 2404 1758 et
2434 1705 2599 1759 Pater
2627 1721 2800 1760 unum
2828 1721 3013 1761 sumus
3033 1705 3209 1775 (Joan.
3234 1723 3289 1773 x,
3321 1706 3413 1774 30)
3441 1722 3454 1762 :
3481 1706 3796 1777 aliquando

2091 1794 2412 1849 secundum
2437 1793 2492 1848 id
2516 1794 2669 1865 quod
2701 1795 2872 1851 homo
2895 1799 2998 1866 est,
3023 1794 3196 1850 sicuti
3219 1799 3310 1851 est
3337 1796 3504 1864 illud,
3531 1797 3800 1864 Quoniam

2095 1885 2255 1939 Pater
2291 1885 2470 1953 major
2499 1900 2588 1939 mc
2617 1893 2694 1940 est
2725 1885 2825 1956 (Id.
2856 1902 2970 1952 xxv,
2997 1886 3124 1957 28);
3158 1886 3479 1941 secundum
3512 1889 3661 1957 quod
3695 1905 3794 1942 ac-

2091 1972 2354 2043 cepimus
2377 1989 2505 2029 esse
2527 1973 2597 2028 ab
2619 1989 2683 2030 eo
2708 1974 2929 2031 dictum
2953 1975 3138 2031 ethoc
3169 1975 3324 2030 unde
3355 1991 3511 2030 nunc
3539 1976 3793 2047 disputo,

2092 2063 2209 2119 Non
2234 2080 2447 2135 possum
2470 2081 2504 2119 a
2525 2063 2727 2136 meipso
2757 2067 2935 2134 facere
2965 2065 3262 2137 quidquam
3285 2081 3305 2123 :
3328 2067 3469 2122 sicut
3499 2066 3683 2137 audio,
3701 2069 3796 2138 ju-

2091 2152 2230 2209 dico.
2266 2153 2324 2208 ln
2359 2169 2607 2224 persona
2638 2169 2768 2209 vero
2801 2153 3053 2224 Spiritus
3095 2154 3278 2210 sancti
3311 2155 3602 2226 quomodo
3646 2157 3798 2211 acci-

2093 2243 2324 2314 piamus
2374 2244 2530 2314 quod
2577 2243 2674 2311 ait,
2707 2244 2822 2299 Non
2854 2245 3001 2300 enim
3043 2245 3293 2316 loquetur
3317 2261 3350 2299 a
3375 2247 3680 2316 semetipso,
3707 2246 3798 2300 sed

2092 2347 2449 2404 quaecumque
2470 2333 2676 2402 audiet,
2705 2333 2982 2405 loquetur,-
3007 2350 3139 2389 cum
3162 2333 3222 2388 in
3245 2350 3311 2390 ea
3333 2351 3447 2389 non
3483 2334 3558 2390 sit
3580 2333 3693 2389 alia
3717 2334 3800 2387 di-

2092 2419 2374 2486 vinitatis,
2405 2419 2520 2476 alia
2567 2420 2976 2488 humanitatis,
3009 2420 3096 2476 vel
3126 2419 3362 2477 alterius
3393 2425 3666 2477 creaturas
3699 2437 3798 2476 cu.

2086 2510 2444 2580 juscumque
2473 2510 2824 2578 substantia,
2859 2526 3070 2583 magna
3100 2511 3356 2568 exoritur
3383 2510 3721 2567 difficultas.

2162 2599 2217 2655 2.
2252 2599 2400 2655 Illud
2430 2600 2584 2655 enim
2618 2601 2772 2672 quod
2805 2602 2959 2657 sicut
2984 2601 3251 2658 columba
3276 2600 3532 2673 Spiritus
3563 2609 3799 2658 sanctus

2093 2689 2366 2760 apparuit
2396 2689 2585 2760 specie
2615 2689 2898 2760 corporali
2930 2689 3141 2758 (Matth.
3167 2708 3254 2758 ιιι,
3282 2692 3386 2762 16).
3412 2690 3556 2746 visio
3590 2690 3697 2746 fuit
3727 2691 3799 2745 ad

2093 2777 2294 2834 horam
2329 2778 2477 2834 facta
2505 2783 2680 2850 atque
2715 2782 3003 2834 transacta
3026 2795 3040 2835 :
3063 2778 3217 2836 sicut
3246 2779 3416 2836 etiam
3446 2781 3678 2851 quando
3702 2796 3803 2835 su-

2094 2883 2197 2939 per
2229 2867 2548 2939 discipulos
2571 2867 2745 2936 venit,
2769 2867 2905 2923 vista
2937 2873 3076 2924 sunt
3103 2867 3220 2924 illis
3250 2868 3461 2940 linguae
3493 2869 3689 2925 divisas
3713 2886 3806 2926 ve-

2095 2955 2183 3012 lut
2209 2956 2385 3027 ignis,
2419 2955 2520 3027 qui
2551 2963 2605 3012 et
2632 2957 2847 3012 insedit
2887 2974 3061 3028 super
3091 2974 3570 3030 unumquemque
3599 2975 3800 3017 eorum

2094 3049 2230 3118 (Act.
2257 3063 2315 3115 n,
2340 3046 2415 3118 3).
2440 3045 2546 3110 Qui
2569 3062 2701 3116 ergo
2723 3046 2864 3102 dicit
2885 3046 3218 3104 columbam
3251 3049 3322 3104 ad
3355 3050 3637 3106 unitatem
3673 3068 3800 3120 per-

2096 3155 2249 3195 SOﬂlB
2280 3137 2523 3208 Spiritui
2557 3144 2758 3192 sancto
2791 3137 2971 3194 fuisse
3001 3139 3398 3209 conjunctam,
3433 3149 3496 3196 ut
3525 3157 3593 3196 ex
3626 3142 3721 3196 illa
3749 3150 3801 3197 ct

2096 3227 2387 3299 Deo(quia
2409 3227 2660 3299 Spiritus
2683 3235 2918 3284 sanctus
2939 3228 3092 3285 Deus
3105 3232 3346 3298 est)una
3367 3231 3615 3300 Spiritus
3638 3248 3806 3287 sanc-

2097 3318 2170 3373 cti
2199 3333 2446 3388 persona
2478 3320 2797 3384 constaret;
2823 3317 2929 3373 hoc
2951 3317 3120 3372 etiam
3155 3318 3225 3372 de
3256 3317 3352 3373 illo
3383 3318 3517 3390 igne
3547 3320 3801 3392 compel-

2098 3406 2239 3463 litur
2262 3407 2472 3473 dicere,
2491 3406 2857 3478 utintelligat
2879 3406 3022 3462 nihil
3046 3406 3257 3464 horum
3285 3407 3494 3463 debere
3516 3409 3800 3464 sediccre.

2098 3498 2214 3554 Ista
2231 3498 2384 3553 enim
2408 3513 2534 3570 qua:
2558 3498 2627 3554 de
2649 3496 2980 3553 substantia
3001 3496 3102 3553 Dei
3124 3513 3359 3569 quoquo
3382 3498 3555 3553 modo
3582 3501 3803 3568 utopus

2100 3593 2221 3645 erat
2270 3587 2671 3658 significanda,
2704 3588 2994 3659 corporeis
3038 3587 3341 3644 hominum
3373 3588 3644 3644 sensibus
3677 3602 3806 3644 sese

2099 3677 2426 3734 intulerunt
2444 3681 2617 3748 atque
2636 3675 3013 3744 transierunt,
3027 3679 3098 3733 ad
3125 3677 3327 3733 horam
3347 3675 3627 3732 divinitus
3655 3676 3806 3732 facta

2101 3773 2242 3825 sunt
2272 3768 2343 3823 de
2373 3771 2639 3824 creatura
2689 3767 2992 3834 serviente,
3020 3783 3134 3824 non
3191 3768 3261 3823 de
3308 3768 3436 3840 ipsa
3468 3767 3806 3823 dominante

2103 3867 2326 3929 natura,
2361 3875 2487 3929 qua
2519 3859 2578 3914 in
2610 3875 2673 3915 se
2704 3874 2946 3915 manens
2977 3859 3125 3931 quod
3158 3859 3283 3915 vult
3322 3863 3533 3928 movet,
3566 3862 3620 3915 et
3651 3860 3804 3930 quod

2101 3951 2222 4006 vult
2253 3949 2637 4007 immutabilis
2669 3955 2875 4006 mutat.
2897 3950 3057 4008 Sicut
3088 3950 3260 4007 etiam
3284 3967 3391 4007 vox
3421 3950 3521 4006 illa
3549 3951 3618 4006 de
3653 3950 3806 4007 nube

2103 4055 2272 4097 aures
2303 4040 2500 4112 utique
2532 4040 2724 4113 attigit
2751 4041 3101 4112 corporales,
3136 4056 3388 4113 eumque
3419 4055 3654 4097 sensum
3686 4057 3807 4097 cor-

2103 4132 2262 4203 poris
2284 4132 2381 4204 qui
2404 4136 2643 4188 vocatur
2662 4134 2896 4189 auditus
2913 4134 3063 4205 (Luc.
3091 4153 3168 4202 1x,
3189 4135 3310 4206 35);
3338 4149 3440 4190 nec
3473 4138 3662 4189 tamen
3687 4133 3806 4187 ullo

2105 4222 2272 4278 modo
2304 4223 2658 4280 credendum
2691 4228 2779 4280 est
2798 4223 3052 4280 Verbum
3084 4225 3205 4290 Dei,
3231 4224 3386 4295 quod
3418 4228 3506 4279 est
3537 4222 3806 4292 unigeni-

2102 4315 2197 4367 tus
2213 4312 2412 4379 Filius,
2432 4313 2709 4384 quoniam
2730 4313 2987 4370 Verbum
3011 4314 3242 4380 dicitur,
3268 4311 3509 4384 syllabis
3532 4312 3805 4382 sonisque

2103 4402 2257 4458 {iniri
2285 4419 2296 4457 :
2323 4403 2461 4474 quia
2485 4419 2586 4459 nec
2605 4419 2804 4459 omnes
2831 4403 3005 4458 simul
3031 4419 3238 4459 sonare
3259 4405 3508 4473 possunt
3527 4417 3660 4457 cum
3685 4417 3804 4455 sero

2103 4508 2196 4548 mo
2219 4493 2302 4562 ﬁt,
2326 4493 2426 4548 sed
2454 4497 2729 4564 tanquam
2756 4496 3058 4548 nascentes
3079 4491 3456 4547 morientibus
3478 4490 3680 4546 ordine
3701 4507 3807 4545 suo

2101 4582 2231 4638 soni
2263 4583 2615 4653 quicumque
2638 4582 2978 4649 succedunt,
3014 4585 3078 4636 ut
3106 4585 3292 4636 totum
3325 4581 3479 4651 quod
3511 4580 3809 4652 loquimur

2102 4672 2421 4728 novissima
2469 4671 2693 4743 syllaba
2736 4671 3105 4741 compleatur.
3138 4671 3301 4726 Absit
3332 4674 3396 4725 ut
3424 4671 3505 4726 sic
3535 4669 3811 4742 loquatur

2103 4762 2270 4816 Pater
2282 4761 2350 4816 ad
2367 4759 2573 4817 Filium
2587 4802 2600 4827 ,
2616 4761 2724 4817 hoc
2738 4766 2844 4829 est,
2862 4761 3014 4818 Deus
3029 4762 3099 4817 ad
3112 4760 3368 4816 Verbum
3392 4777 3566 4816 suum
3596 4760 3805 4815 Deum!

2103 4852 2208 4908 Sed
2243 4851 2350 4909 hoc
2381 4868 2579 4909 eorum
2611 4857 2700 4909 est
2731 4869 2958 4925 capere,
2990 4857 3273 4925 quantum
3303 4853 3374 4909 ab
3412 4852 3649 4910 homine
3681 4851 3808 4921 rapi

2101 4947 2312 5014 potest,
2347 4943 2419 4998 ad
2450 4959 2593 5015 quos
2644 4959 2759 5000 non
2809 4943 2897 5000 lac
2932 4944 3200 5017 pertinet,
3233 4945 3334 4999 sed
3367 4943 3588 4999 solidus
3621 4941 3804 4997 cibus.

2100 5033 2242 5090 Cum
2265 5034 2444 5107 igitur
2465 5035 2718 5106 Spiritus
2740 5040 2977 5093 sanctus
2996 5036 3156 5093 nulla
3169 5037 3539 5105 susceptione
3553 5032 3809 5088 hominis

2100 5126 2174 5179 sit
2208 5125 2380 5182 homo
2413 5127 2622 5195 factus,
2654 5128 2814 5184 nulla
2846 5128 3218 5200 susceptione
3247 5124 3433 5196 angeli
3465 5123 3539 5178 sit
3567 5122 3811 5194 angelus

2099 5213 2310 5282 factus,
2347 5215 2509 5271 nulla
2557 5218 2927 5288 susceptione
2967 5219 3312 5286 cujusquam
3346 5216 3618 5267 creatura:
3651 5228 3809 5267 crea-

2102 5309 2232 5360 tura
2279 5305 2356 5360 sit
2408 5306 2627 5376 tactus;
2679 5307 2966 5378 quomodo
3016 5307 3084 5361 de
3118 5303 3218 5359 illo
3251 5301 3694 5373 intelligendum
3726 5307 3813 5358 est

2104 5396 2258 5468 quod
2289 5396 2572 5454 Dominus
2603 5399 2700 5467 ait,
2735 5400 2849 5454 Non
2879 5399 3027 5453 enim
3057 5397 3310 5467 loquetur
3329 5411 3361 5450 a
3391 5395 3693 5463 semetipso,
3721 5396 3812 5450 sed

2104 5503 2457 5560 quaecumque
2478 5489 2686 5557 audiet,
2706 5490 2996 5562 loquetur?
3017 5488 3211 5542 Ardua
3231 5487 3495 5558 quaastio,
3516 5485 3809 5557 nimisfar-

2107 5588 2240 5643 dua.
2275 5590 2404 5660 Ipse
2435 5589 2584 5645 adsit
2616 5588 2887 5661 Spiritus,
2913 5591 2979 5645 ut
2999 5587 3207 5645 saltem
3234 5587 3386 5644 sicut
3407 5603 3533 5643 eam
3557 5587 3808 5659 cOgitare

2107 5691 2443 5748 possumus,
2475 5678 2562 5736 sic
2608 5679 2796 5751 eloqui
2827 5677 3142 5752 possimus,
3175 5694 3241 5736 ac
3272 5677 3355 5735 sic
3388 5678 3453 5734 ad
3488 5676 3807 5748 intelligen-
