4148 6190
359 295 509 358 1887

357 443 501 502 tiam
535 450 779 503 vestram
837 464 938 518 pro
991 448 1103 503 mei
1154 447 1371 503 moduli
1423 447 1693 503 facultate
1741 445 2052 518 perveniat.

423 537 477 590 3.
515 537 681 592 Prius
710 537 905 609 itaque
937 554 1107 594 nosse
1129 539 1371 605 debetis,
1397 542 1453 592 et
1484 537 1804 609 intelligere
1827 535 1926 608 qui
1961 551 2058 607 po-

353 625 541 691 testis,
565 627 798 681 credere
819 630 1010 682 autem
1037 627 1134 697 qui
1161 626 1479 698 intelligere
1507 627 1764 682 nondum
1794 624 2053 697 potestis,

355 715 416 771 in
448 732 513 770 ea
546 715 871 771 substantia
900 733 1022 787 qua:
1056 715 1208 771 Deus
1241 720 1350 781 est,
1387 732 1497 769 non
1531 716 1695 784 quasi
1729 732 1830 786 per
1859 730 2060 785 corpo-

356 803 438 860 ris
469 804 680 860 molem
717 821 927 859 sensus
971 804 1110 859 locis
1152 805 1398 875 prepriis
1430 803 1791 872 distributos,
1825 803 1972 858 sicut
2003 803 2061 858 in

356 910 530 950 carne
565 894 790 950 mortali
820 910 1178 965 quorumque
1226 895 1564 950 animalium
1597 893 1734 948 alibi
1764 897 1852 949 est
1881 894 2060 960 visus,

359 981 494 1038 alibi
545 983 806 1049 auditus,
839 983 973 1038 alibi
1009 988 1238 1054 gustus,
1273 983 1411 1038 alibi
1446 984 1713 1050 olfactus,
1751 1000 1848 1054 per
1878 987 2062 1038 totum

359 1077 550 1128 autem
581 1078 784 1129 tactus.
810 1075 980 1129 Absit
1003 1075 1110 1130 hoc
1132 1074 1366 1130 credere
1390 1074 1448 1129 in
1470 1073 1569 1129 illa
1592 1074 1932 1146 incorporea
1952 1073 2062 1127 im-

362 1162 744 1233 mutabilique
793 1167 1020 1219 natura.
1074 1165 1294 1219 Audire
1333 1180 1469 1235 ergo
1510 1163 1589 1216 ibi
1629 1167 1686 1217 et
1724 1162 1937 1226 videre,
1972 1162 2063 1216 id-

357 1250 550 1321 ipsum
584 1259 687 1307 est.
715 1252 936 1308 Dicitur
957 1259 1012 1309 et
1034 1253 1281 1309 olfactus
1306 1253 1362 1308 in
1393 1258 1539 1308 Deo:
1567 1252 1720 1307 unde
1751 1251 1884 1307 dicit
1918 1254 2063 1321 Apo-

354 1340 562 1409 stolus,
614 1342 762 1396 Sicut
809 1347 858 1398 et
909 1343 1156 1398 Christus
1205 1343 1407 1398 dilexit
1457 1358 1572 1409 nos,
1620 1346 1669 1398 et
1719 1339 1953 1396 tradidit
1980 1355 2068 1396 se-

358 1432 652 1500 metipsum
694 1448 792 1502 pro
832 1434 985 1488 nobis
1018 1433 1347 1487 oblationem
1376 1439 1426 1487 et
1455 1433 1683 1486 hostiam
1716 1432 1816 1486 Deo
1849 1431 1910 1485 in
1937 1430 2066 1485 odo-

361 1536 475 1576 rem
506 1522 798 1576 suavitatis
821 1522 1036 1592 (Ep/tes.
1060 1539 1114 1591 ν,
1139 1521 1212 1592 2).
1245 1522 1309 1576 Et
1340 1525 1546 1591 gustus
1577 1519 1821 1591 intelligi
1858 1523 2063 1591 potest,

361 1610 684 1665 secundum
737 1627 910 1682 quem
963 1611 1112 1667 Deus
1158 1616 1216 1667 et
1264 1613 1385 1667 odit
1432 1611 1833 1678 amaricantes,
1867 1614 1923 1666 et
1963 1626 2067 1665 nec

361 1698 599 1767 frigidos
649 1715 749 1753 nec
802 1698 1037 1763 calidos,
1071 1701 1169 1755 sed
1225 1700 1451 1771 tepidos
1492 1700 1706 1755 evomit
1735 1715 1799 1754 ex
1835 1714 1929 1753 ore
1961 1714 2067 1753 suo

358 1788 536 1857 (Apoc.
573 1805 654 1854 ιιι,
690 1788 774 1859 16)
810 1804 821 1843 :
858 1794 913 1844 et
941 1789 1092 1845 Deus
1122 1790 1391 1846 Christus
1433 1789 1596 1858 dicit,
1632 1789 1777 1844 Meus
1807 1790 1961 1844 cibus
1992 1793 2065 1842 est

357 1883 416 1928 ut
450 1876 651 1943 [ariam
681 1875 1018 1934 voluntatem
1054 1879 1174 1949 ejus
1203 1879 1301 1933 rui
1331 1895 1415 1933 me
1445 1879 1595 1934 misit
1627 1879 1810 1949 (Joan.
1849 1895 1922 1946 IV,
1953 1876 2067 1947 34).

357 1964 459 2018 Est
507 1964 680 2021 etiam
734 1970 921 2022 tactus
959 1967 1053 2023 ille
1109 1969 1358 2036 divinus,
1391 1969 1543 2023 unde
1588 1969 1730 2022 dicit
1759 1983 1971 2038 sponsa
2002 1968 2072 2020 de

361 2069 574 2123 sponso
609 2071 621 2109 :
656 2055 894 2112 Sinistra
925 2059 1043 2128 ejus
1083 2059 1182 2114 sub
1222 2061 1404 2127 capite
1449 2073 1588 2126 meo,
1620 2061 1668 2112 et
1699 2057 1923 2112 dextera
1953 2058 2070 2127 ejus

359 2145 744 2214 complectetur
765 2164 848 2203 me
869 2148 1053 2218 (Cant.
1081 2166 1142 2214 ιι,
1162 2147 1240 2220 6).
1265 2148 1388 2204 Non
1413 2153 1551 2202 sunt
1586 2147 1703 2202 ha’c
1733 2147 1790 2202 in
1830 2149 1939 2203 Deo
1973 2161 2073 2218 per

368 2232 593 2288 diversa
615 2237 874 2307 corporis
906 2236 1049 2293 loca.
1075 2239 1217 2294 Cum
1241 2238 1394 2294 enim
1420 2237 1631 2292 dicitur
1655 2236 1913 2306 scire,ibi
1937 2239 2076 2292 sunt

371 2323 601 2394 omnia;
639 2329 695 2381 et
726 2327 940 2397 videre,
973 2333 1030 2384 et
1073 2329 1295 2393 audire,
1327 2333 1385 2384 et
1416 2327 1684 2396 olfacere,
1717 2331 1774 2382 et
1815 2331 2073 2398 gustare,

367 2417 424 2468 et
455 2421 716 2487 tangere;
751 2418 876 2474 sine
907 2418 1027 2474 ulla
1056 2420 1183 2488 ejus
1217 2418 1534 2474 mutatione
1565 2416 1924 2485 substantias,
1950 2415 2075 2471 sino

367 2503 484 2560 ulla
534 2506 685 2560 mole
738 2522 860 2577 quas
895 2508 952 2562 in
984 2507 1100 2562 alia
1139 2513 1303 2578 parte
1355 2509 1560 2578 major,
1597 2508 1655 2561 in
1690 2506 1800 2561 alia
1834 2504 2025 2559 minor
2057 2520 2070 2558 :

361 2593 533 2648 etiam
588 2597 645 2649 in
695 2596 931 2650 senibus
980 2596 1179 2666 puerili
1217 2604 1441 2668 pectore
1490 2595 1797 2667 cogitatur,
1847 2593 2073 2665 quando

364 2684 516 2740 Deus
549 2686 630 2740 sic
668 2686 972 2758 cogitatur.
1908 2736 1941 2752 ν

439 2775 490 2827 4.
525 2774 639 2830 Nec
690 2774 919 2829 mireris
970 2776 1124 2846 quod
1173 2774 1486 2831 ineffabilia
1518 2775 1619 2832 Dei
1661 2775 1926 2843 scientia,
1961 2793 2075 2848 qua

368 2863 527 2920 novit
575 2863 793 2932 omnia,
827 2880 928 2936 per
958 2865 1148 2920 varios
1197 2865 1464 2921 humana:
1504 2865 1815 2922 locutionis
1850 2866 2071 2933 modos,

366 2951 630 3008 omnium
678 2952 924 3008 istorum
971 2953 1357 3024 corporalium
1403 2969 1685 3011 sensuum
1735 2953 2074 3010 numinibus

369 3046 782 3112 nuncupatur:
809 3058 937 3098 cum
961 3047 1017 3098 et
1048 3043 1175 3112 ipsa
1205 3058 1367 3098 mens
1400 3048 1619 3110 nostra,
1647 3044 1754 3099 hoc
1786 3047 1874 3100 est
1902 3043 2073 3100 homo

359 3130 625 3198 interior,
641 3131 733 3186 cui
759 3131 1124 3187 uniformitcr
1144 3131 1348 3189 scienti
1377 3149 1473 3201 per
1494 3132 1601 3189 hos
1622 3134 1883 3205 quinque
1897 3131 2071 3188 veluti

359 3221 595 3278 nuntios
618 3221 876 3293 corporis
898 3221 1124 3278 diversa
1148 3221 1513 3290 nuntiantur,
1537 3223 1773 3295 quando
1801 3223 2073 3279 immuta-

362 3310 533 3367 bilem
595 3311 891 3367 veritatem
943 3311 1238 3384 intelligit,
1291 3311 1472 3384 eligit,
1525 3313 1732 3384 diligit,
1775 3317 1831 3368 et
1873 3311 2070 3367 lumen

356 3401 516 3458 videt
564 3402 634 3456 de
679 3417 788 3471 quo
838 3400 1072 3468 dicitur,
1106 3403 1237 3456 Erat
1268 3403 1454 3457 lumen
1485 3418 1713 3471 verum;
1745 3406 1801 3457 et
1829 3402 2069 3458 verbum

361 3495 527 3550 audit
556 3493 626 3547 de
657 3508 772 3562 quo
804 3491 1040 3558 dicitur,
1073 3493 1140 3547 In
1168 3492 1450 3562 principio
1481 3501 1600 3547 erat
1638 3492 1860 3548 Verbum
1890 3491 2068 3563 (Joan.

364 3600 404 3653 ι,
436 3585 489 3648 9,
529 3583 612 3653 1);
646 3586 703 3637 et
733 3581 968 3637 odorem
1001 3580 1156 3652 capit
1185 3582 1252 3636 de
1285 3597 1400 3653 quo
1429 3581 1659 3647 dicitur,
1697 3587 1821 3637 Post
1852 3581 2070 3637 odorem

359 3680 763 3742 unguentorum
794 3679 1009 3727 tuorum
1041 3687 1330 3726 curremus
1360 3671 1541 3743 (Cant.
1577 3688 1616 3737 1,
1649 3672 1737 3738 3);
1767 3676 1823 3726 et
1855 3671 2068 3726 fontem

357 3761 524 3826 bibit,
574 3760 645 3814 de
694 3775 802 3827 quo
852 3759 1081 3828 dicitur,
1133 3762 1286 3832 Apud
1335 3765 1386 3816 te
1433 3768 1515 3815 est
1562 3763 1687 3827 fons
1735 3759 2068 3829 vit.z(Psal.

354 3867 521 3916 xxxv,
560 3850 684 3917 10);
716 3856 769 3902 et
801 3852 954 3903 tactu
992 3849 1226 3916 fruitur,
1257 3851 1328 3904 de
1374 3866 1488 3920 quo
1529 3851 1759 3917 dicitur,
1792 3850 1924 3906 Mihi
1969 3866 2068 3905 au-

355 3947 470 3994 tem
516 3936 798 3993 adhaerere
847 3943 956 3994 Deo
1006 3939 1210 3993 bonum
1257 3945 1336 3995 est
1368 3940 1544 4006 (Psal.
1588 3957 1759 4006 Lxxu,
1790 3943 1881 4010 28)
1917 3958 1930 3996 :
1966 3958 2068 3997 nec

360 4026 526 4083 aliud
558 4031 733 4097 atque
761 4027 940 4095 aliud,
976 4029 1075 4084 scd
1111 4045 1224 4082 una
1257 4028 1639 4099 intelligentia
1669 4035 1752 4086 tot
1783 4046 2067 4086 sensuum

365 4117 708 4174 nominibus
741 4123 1128 4188 nuncupatur.
1161 4122 1304 4174 Cum
1335 4134 1471 4190 ergo
1503 4120 1574 4174 de
1604 4119 1823 4189 Spiritu
1870 4126 2069 4177 sancto

362 4207 589 4269 dicitur,
624 4208 741 4263 Non
771 4208 916 4262 enim
950 4208 1201 4277 loquetur
1219 4224 1254 4263 α
1275 4210 1583 4278 semetipso,
1606 4207 1697 4264 sed
1718 4224 2069 4280 quaecumque

358 4298 565 4366 audiet,
593 4295 882 4368 loquetur;
912 4297 1098 4351 multo
1132 4295 1316 4366 magis
1339 4295 1419 4350 ibi
1443 4295 1692 4368 simplex
1714 4303 1944 4366 natura,
1969 4297 2067 4352 ubi

355 4386 659 4444 verissime
689 4384 937 4456 simplex
959 4393 1068 4452 est,
1094 4384 1177 4440 vel
1212 4383 1592 4456 intelligenda
1613 4390 1702 4440 est
1723 4384 1810 4440 vel
1835 4386 2069 4441 creden—

357 4477 451 4541 da.
484 4491 611 4546 quas
644 4474 813 4546 longe
845 4475 1074 4547 alteque
1107 4478 1376 4531 naturam
1412 4479 1622 4530 nostras
1659 4475 1870 4530 mentis
1901 4492 2070 4532 exce-

357 4567 465 4622 dit.
501 4565 800 4621 Mutahilis
832 4567 1048 4637 quippe
1081 4571 1169 4622 est
1202 4580 1370 4621 mens
1403 4570 1623 4630 nostra,
1658 4581 1785 4636 qua:
1827 4565 2070 4636 percipit

362 4655 638 4711 discendo
671 4655 825 4726 quod
861 4654 1174 4722 nesciebat,
1203 4659 1260 4710 et
1287 4653 1506 4710 amittit
1534 4655 1882 4711 dedisceudo
1914 4657 2068 4726 quod

361 4742 612 4809 sciebat;
643 4749 701 4799 et
730 4742 843 4798 veri
875 4742 1259 4799 similitudine
1305 4742 1542 4810 fallitur,
1578 4749 1640 4799 ut
1670 4759 1771 4814 pro
1805 4760 1937 4799 vero
1970 4761 2069 4815 ap-

357 4833 561 4904 probet
635 4831 869 4902 falsum,
927 4832 1279 4890 obscuritate
1335 4849 1438 4890 sua
1503 4833 1667 4905 quasi
1716 4833 2071 4904 quibusdam

356 4923 614 4982 tenebris
665 4922 1004 4994 impeditur,
1039 4939 1110 4980 ne
1160 4923 1455 4995 perveniat
1482 4924 1555 4980 ad
1588 4940 1808 4979 verum.
1841 4924 1909 4980 Et
1939 4924 2068 4981 ideo

354 5029 470 5070 non
495 5017 581 5068 cst
605 5011 718 5068 ista
741 5011 1078 5067 substantia
1098 5012 1401 5068 verissime
1422 5012 1686 5084 simplex,
1705 5011 1937 5068 cuinon
1964 5013 2070 5070 hoc

356 5110 444 5160 est
473 5121 601 5160 esse
624 5103 778 5174 quod
811 5117 979 5159 nosse
1013 5119 1028 5160 :
1064 5106 1254 5174 potest
1284 5101 1438 5157 enim
1471 5118 1617 5168 esse,
1643 5118 1745 5159 nec
1781 5119 1973 5161 nosse.
1998 5106 2070 5160 At

359 5196 459 5250 illa
491 5196 683 5250 divina
717 5212 832 5252 non
864 5199 1071 5265 potest,
1097 5195 1234 5266 quia
1263 5194 1319 5250 id
1345 5195 1494 5263 quod
1529 5194 1704 5251 habet
1727 5199 1833 5252 est.
1857 5197 1936 5253 Ac
1967 5213 2069 5269 per

363 5285 470 5340 hoc
504 5304 616 5341 non
649 5286 732 5342 sic
765 5286 936 5344 habet
963 5285 1289 5356 scientiam,
1314 5290 1378 5341 ut
1408 5285 1567 5341 aliud
1604 5285 1687 5342 illi
1713 5288 1791 5344 sit
1821 5286 2070 5346 scientia

365 5392 482 5446 qua
503 5378 633 5443 scit,
648 5377 807 5434 aliud
831 5378 1081 5435 essentia
1102 5395 1216 5450 qua
1235 5383 1356 5447 est;
1381 5378 1482 5436 sed
1510 5382 1824 5449 utrumque
1857 5395 2065 5436 unum.

367 5461 483 5521 Nec
514 5467 826 5536 utrumque
857 5468 1160 5524 dicendum
1194 5473 1298 5536 est,
1322 5468 1476 5539 quod
1509 5467 1851 5538 simpliciter
1885 5483 2062 5524 unum

365 5555 474 5607 est.
501 5551 651 5606 Sicut
682 5554 836 5609 habet
869 5561 1035 5612 Pater
1057 5561 1225 5614 vitam
1256 5557 1314 5614 in
1341 5560 1654 5630 semetipso,
1678 5573 1780 5613 nec
1803 5556 1954 5613 aliud
1978 5562 2066 5614 est

1308 302 1387 360 IN
1431 302 1759 362 JOANNIS
1805 297 2355 369 EVANGELIUM,
2406 301 2470 358 S.
2517 297 2945 361 AUGUSTINI

3722 291 3875 351 1888

2164 447 2336 499 vitam
2361 447 2417 499 in
2435 446 2713 515 semetipso
2737 444 2923 515 (Joau.
2951 459 3002 509 v,
3027 443 3143 513 26),
3168 443 3276 498 hoc
3299 445 3404 508 est,
3428 439 3632 511 genuit
3663 436 3874 493 Filium

2166 534 2264 606 qui
2296 539 2352 589 et
2381 535 2505 606 ipse
2553 535 2670 588 vita
2719 537 2892 588 esset.
2927 532 3021 587 Sic
3053 532 3248 603 itaque
3291 532 3571 586 debemus
3618 531 3878 599 accipere

2174 625 2328 694 quod.
2359 626 2429 680 de
2457 624 2671 694 Spiritu
2701 631 2899 680 sancto
2931 623 3151 679 dictum
3181 627 3288 690 est,
3311 623 3423 678 Non
3455 623 3603 678 enim
3628 620 3881 690 loquetur

2172 731 2207 770 α
2234 716 2541 785 semetipso,
2571 713 2660 770 sed
2690 729 3041 785 quotcumque
3071 712 3275 781 audiet,
3309 713 3582 784 loquetur,
3615 714 3680 764 ut
3706 709 3881 764 intel-

2174 802 2419 874 ligamus
2441 820 2555 859 non
2578 818 2710 858 eum
2734 819 2862 859 esse
2884 820 2915 856 a
2937 801 3270 873 semetipso.
3301 802 3462 856 Pater
3483 800 3698 872 quippe
3720 800 3882 855 solus

2175 893 2244 948 de
2276 893 2388 948 alio
2421 910 2534 948 non
2566 898 2674 949 est.
2710 893 2854 947 Nam
2887 897 2944 948 et
2974 891 3152 947 Filius
3183 892 3254 947 de
3287 891 3457 947 Patre
3486 895 3658 946 natus
3689 893 3796 954 est,
3825 892 3884 944 et

2173 982 2423 1052 Spiritus
2455 989 2688 1038 sanctus
2718 983 2788 1037 de
2820 982 2983 1037 Patre
3015 982 3274 1052 procedit
3305 996 3319 1036 :
3356 980 3522 1036 Pater
3553 983 3745 1035 autem
3781 995 3884 1035 nec

2176 1077 2347 1128 natus
2376 1077 2464 1128 est
2494 1073 2562 1128 de
2593 1072 2727 1138 alio,
2763 1088 2867 1128 nec
2900 1070 3178 1144 procedit.
3211 1071 3325 1127 Nec
3355 1071 3481 1127 ideo
3513 1086 3654 1126 sane
3686 1069 3884 1141 aliqua

2174 1161 2532 1234 disparilitas
2564 1162 2622 1217 in
2655 1177 2885 1218 summa
2934 1161 3032 1217 illa
3081 1161 3365 1216 Trinitate
3412 1159 3748 1233 cogitationi
3784 1174 3884 1214 oc-

2176 1257 2374 1307 currat
2415 1251 2685 1307 humanas
2717 1267 2731 1306 :
2767 1267 2903 1306 nam
2935 1255 2991 1306 et
3024 1249 3200 1306 Filius
3232 1249 3280 1306 ei
3315 1250 3384 1304 de
3418 1265 3532 1322 quo
3566 1252 3741 1305 natus
3770 1253 3882 1319 est,

2176 1345 2232 1396 et
2263 1340 2514 1412 Spiritus
2563 1345 2798 1396 sanctus
2831 1340 2882 1395 ei
2913 1338 2983 1394 de
3023 1355 3132 1410 quo
3170 1339 3452 1409 procedit,
3485 1338 3727 1409 aequalis
3771 1344 3883 1393 est.

2176 1430 2323 1498 Quid
2358 1434 2551 1485 autem
2585 1429 2701 1485 illic
2735 1427 2966 1484 intersit
2999 1429 3152 1484 inter
3194 1429 3500 1499 procedere
3529 1433 3587 1483 et
3617 1428 3799 1493 nasci,
3834 1432 3895 1483 et

2175 1519 2416 1590 longum
2449 1523 2534 1574 est
2565 1519 2876 1589 quaerendo
2918 1518 3222 1583 disserere,
3255 1521 3311 1574 et
3343 1518 3721 1573 temerarium
3754 1533 3890 1573 cum

2177 1609 2517 1666 disseructis
2539 1609 2805 1664 definire:
2826 1609 2960 1679 quia
2982 1608 3163 1664 hocet
3186 1608 3365 1663 menti
3392 1611 3710 1680 utcumque
3732 1624 3859 1664 com
3881 1639 3897 1652 -

2178 1698 2554 1772 prehendere,
2585 1706 2638 1752 et
2670 1698 2717 1752 si
2749 1697 2892 1769 quid
2930 1697 3071 1753 forte
3124 1714 3287 1753 meus
3338 1696 3473 1752 inde
3505 1698 3895 1769 comprehen-

2179 1788 2346 1854 derit,
2372 1787 2584 1858 lingua
2615 1787 3026 1842 difficillimum
3051 1791 3135 1843 est
3165 1776 3470 1858 explicare,
3489 1787 3898 1858 quantuslibet

2179 1881 2377 1953 praesit
2405 1881 2627 1950 doctor,
2661 1878 3064 1952 quantuslibet
3113 1880 3262 1934 adsit
3312 1880 3557 1935 auditor.
3589 1881 3714 1935 Non
3752 1896 3893 1952 ergo

2181 1973 2434 2044 loquetur
2463 1989 2496 2026 a
2526 1973 2814 2041 semetipso
2843 1988 2862 2026 .·
2896 1970 3035 2042 quia
3080 1986 3196 2025 non
3242 1974 3331 2025 est
3357 1986 3390 2023 a
3420 1970 3752 2041 semetipso.
3788 1970 3894 2025 Sed

2181 2077 2529 2134 quaecumque
2557 2060 2759 2127 audiet,
2784 2061 3077 2132 loquetur:
3103 2059 3174 2116 ab
3200 2058 3296 2114 illo
3321 2059 3517 2114 audiet
3547 2076 3579 2114 a
3605 2076 3720 2131 quo
3755 2077 3892 2131 pro-

2184 2153 2357 2209 cedit.
2392 2152 2598 2208 Audire
2628 2151 2713 2207 illi
2737 2155 2884 2207 scire
2914 2156 3032 2219 est;
3067 2152 3215 2206 scire
3245 2166 3382 2206 vero
3413 2165 3563 2219 esse,
3596 2150 3747 2206 sicut
3786 2168 3897 2205 su-

2186 2243 2381 2315 perius
2403 2243 2769 2312 disputatum
2796 2245 2899 2296 est.
2925 2241 3070 2306 Quia
3090 2255 3226 2310 ergo
3251 2257 3363 2295 non
3395 2247 3479 2295 est
3505 2255 3537 2294 a
3561 2239 3897 2310 semetipso,

2185 2334 2285 2390 sed
2318 2331 2388 2387 ab
2414 2331 2513 2387 illo
2546 2348 2578 2386 a
2609 2347 2723 2401 quo
2759 2329 3052 2400 procedit;
3075 2347 3108 2384 a
3138 2346 3252 2400 quo
3287 2329 3371 2384 illi
3404 2332 3493 2384 est
3522 2329 3802 2397 essentia,
3825 2329 3902 2385 ab

2186 2420 2284 2475 illo
2317 2418 2560 2475 scientia
2593 2435 2606 2474 :
2643 2419 2713 2474 ab
2744 2417 2842 2474 illo
2875 2417 3056 2490 igitur
3087 2416 3407 2487 audientia,
3441 2417 3595 2488 quod
3629 2416 3772 2472 nihil
3805 2423 3897 2472 est

2185 2508 2343 2566 aliud
2379 2524 2552 2580 quam
2586 2507 2847 2564 cieutia.

2253 2598 2308 2652 5.
2342 2602 2456 2652 Nec
2493 2602 2718 2653 moveat
2748 2597 2902 2668 quod
2936 2597 3175 2653 verbum
3210 2594 3393 2651 futuri
3426 2596 3705 2667 temporis
3737 2596 3902 2668 posi-

2185 2691 2309 2743 tum
2341 2691 2448 2743 est.
2483 2686 2604 2742 Non
2636 2686 2791 2742 enim
2842 2685 3063 2741 dictum
3095 2689 3204 2754 est,
3237 2701 3619 2756 quacumque
3651 2684 3901 2751 audivit,

2185 2782 2304 2845 aut,
2321 2793 2705 2849 quiscumque
2731 2777 2921 2844 audit;
2946 2777 3068 2846 sed,
3092 2791 3444 2848 quaecumque
3464 2775 3680 2844 audiet,
3706 2775 3904 2846 loque-

2182 2872 2292 2925 tur.
2330 2866 2436 2922 llla
2468 2867 2682 2940 quippe
2708 2866 3006 2922 audientia
3045 2865 3399 2937 sempiterna
3431 2872 3538 2934 est,
3573 2865 3705 2936 quia
3737 2881 3896 2920 sem-

2185 2959 2407 3027 piterna
2440 2957 2702 3014 scientia.
2731 2957 2794 3012 In
2829 2974 2894 3013 eo
2931 2961 3124 3013 autem
3149 2957 3299 3028 quod
3325 2955 3748 3028 sempiternum
3781 2960 3904 3020 est,

2183 3047 2308 3104 sine
2357 3048 2520 3104 initio
2553 3052 2611 3104 et
2641 3048 2770 3104 sine
2821 3048 2956 3114 fine,
2989 3045 3294 3118 cujuslibet
3339 3046 3615 3117 temporis
3647 3045 3898 3103 verbum

2183 3142 2454 3210 ponatur,
2499 3138 2617 3192 sive
2667 3137 2966 3209 praeteriti,
2999 3136 3118 3192 sive
3164 3135 3490 3206 prasentis,
3525 3134 3644 3190 sive
3687 3134 3903 3201 futuri,

2183 3245 2298 3285 non
2350 3228 2708 3285 mendaciter
2762 3229 3016 3299 ponitur.
3055 3227 3334 3292 Quamvis
3367 3226 3522 3283 enim
3559 3230 3768 3282 natura
3799 3226 3906 3283 illa

2182 3319 2565 3376 immutabilis
2587 3323 2643 3375 et
2665 3317 2976 3374 inefi'abilis
3001 3335 3114 3374 non
3139 3318 3379 3388 recipiat
3402 3317 3534 3372 Fuit
3555 3321 3612 3372 et
3634 3316 3777 3384 Erit,
3797 3318 3904 3372 sed

2182 3413 2405 3464 tantum
2441 3409 2535 3465 Est
2562 3426 2575 3464 :
2601 3409 2728 3480 ipsa
2749 3408 2905 3463 enim
2931 3408 3210 3463 veraciter
3231 3413 3340 3473 est,
3364 3407 3500 3476 quia
3531 3407 3745 3461 mutari
3780 3423 3900 3462 non

2183 3500 2402 3569 potest;
2427 3495 2628 3552 etideo
2651 3497 2732 3551 illi
2759 3501 2985 3552 tantum
3021 3500 3370 3553 convenerat
3399 3494 3609 3562 dicere,
3634 3497 3743 3565 Ego
3776 3510 3900 3549 sum

2180 3589 2280 3660 qui
2306 3603 2466 3652 sum;
2495 3592 2570 3655 et,
2602 3586 2751 3641 Dices
2779 3586 2914 3655 ﬁliis
2945 3585 3132 3653 Israel,
3158 3586 3261 3649 Qui
3282 3595 3382 3652 est,
3406 3583 3562 3640 misit
3591 3599 3675 3640 me
3703 3585 3773 3637 ad
3805 3600 3903 3639 vos

2180 3676 2373 3745 (Exod.
2409 3692 2491 3742 ιιι,
2530 3674 2654 3745 14);
2683 3680 2875 3730 tamen
2909 3680 3146 3746 prapter
3178 3673 3630 3729 mutabilitatem
3665 3678 3898 3744 tempo-

2181 3781 2313 3820 rum
2344 3765 2402 3820 in
2435 3763 2644 3836 quibus
2677 3772 2942 3820 versatur
2991 3768 3191 3820 nostra
3241 3763 3564 3819 mortalitas
3594 3767 3650 3818 et
3688 3767 3900 3818 nostra

2181 3853 2562 3921 mutabilitas,
2598 3871 2710 3910 non
2746 3854 3102 3910 mendaciter
3131 3854 3404 3921 dicimus,
3437 3856 3494 3908 et
3526 3853 3651 3916 fuit,
3674 3856 3729 3908 et
3750 3853 3892 3914 erit.

2179 3946 2362 3999 etest.
2389 3943 2539 4010 Fuit,
2566 3945 2622 3998 in
2657 3942 2964 4014 praeteritis
2998 3941 3248 4008 saculis,
3279 3949 3364 3997 est
3396 3941 3456 3997 in
3484 3940 3896 4012 praesentibus,

2179 4032 2287 4088 erit
2315 4031 2373 4086 in
2409 4032 2644 4088 futuris.
2671 4031 2820 4100 Fuit,
2845 4033 2985 4104 quia
3017 4048 3323 4103 nunquam
3357 4031 3572 4098 defuit;
3600 4031 3731 4097 erit,
3754 4032 3898 4102 quia

2180 4136 2482 4191 nunquam
2516 4121 2734 4189 deerit;
2768 4125 2870 4185 est,
2907 4120 3047 4192 quia
3078 4136 3308 4192 semper
3339 4125 3447 4176 est.
3482 4119 3678 4190 Neque
3710 4121 3898 4189 enim,

2178 4209 2334 4266 velut
2357 4211 2595 4281 quijam
2621 4227 2734 4266 non
2762 4210 2859 4277 sit,
2884 4226 3016 4265 cum
3039 4209 3344 4281 praeteritis
3365 4209 3606 4276 occidit;
3636 4218 3897 4265 autcum

2177 4301 2586 4370 praesentibus,
2618 4300 2769 4356 velut
2801 4301 2892 4373 qui
2929 4316 3046 4356 non
3078 4304 3331 4367 maneat,
3364 4298 3607 4355 labitur:
3641 4308 3901 4355 autcum

2179 4389 2412 4458 futuris,
2448 4389 2603 4445 velut
2649 4390 2745 4460 qui
2799 4407 2911 4445 non
2964 4390 3166 4457 fuerat,
3200 4389 3436 4445 orietur.
3477 4389 3724 4444 Proinde
3757 4405 3899 4445 cum

2178 4481 2498 4538 secundum
2550 4479 2847 4536 volumina
2880 4486 3208 4551 temporum
3260 4479 3473 4536 locutio
3505 4479 3764 4535 humana
3797 4495 3897 4536 va-

2180 4571 2381 4636 riatur,
2407 4571 2506 4642 qui
2533 4587 2631 4640 per
2655 4569 2814 4624 nulla
2836 4570 3036 4625 deesse
3069 4568 3254 4640 potuit
3281 4575 3376 4623 aut
3401 4573 3592 4640 potest
3615 4572 3714 4624 aut
3736 4573 3900 4639 pote-

2177 4660 2256 4715 rit
2280 4665 2562 4730 tempora,
2587 4676 2720 4715 vera
2743 4660 2813 4713 de
2836 4658 2937 4714 illo
2959 4659 3235 4714 dicuntur
3265 4658 3578 4728 cujuslibet
3609 4659 3898 4730 temporis

2176 4749 2368 4806 verba.
2403 4750 2642 4820 Semper
2697 4749 2893 4820 itaque
2944 4749 3106 4804 audit
3152 4749 3409 4820 Spiritus
3456 4758 3718 4812 sanctus,
3751 4748 3900 4820 quia

2178 4855 2405 4909 semper
2435 4841 2540 4893 scit
2573 4855 2585 4892 :
2620 4855 2752 4909 ergo
2792 4843 2850 4893 et
2889 4837 3077 4904 scivit,
3109 4842 3164 4892 et
3203 4838 3334 4905 scit,
3366 4841 3422 4893 et
3461 4837 3641 4904 sciet;
3683 4855 3750 4893 ac
3795 4854 3899 4907 per

2177 4928 2288 4985 hoc
2313 4933 2370 4984 et
2393 4927 2631 4994 audivit,
2665 4932 2722 4982 et
2753 4926 2937 4994 audit,
2961 4933 3018 4983 et
3048 4925 3246 4982 audiet
3269 4943 3282 4982 :
3308 4925 3446 4999 quia
3477 4928 3628 4983 sicut
3655 4929 3777 4998 jam
3810 4928 3900 4982 di-

2177 5019 2394 5082 ximus,
2428 5017 2536 5072 hoc
2568 5026 2653 5072 est
2682 5016 2768 5071 illi
2801 5015 3004 5072 audire
3032 5017 3185 5087 quod
3215 5015 3384 5085 scire,
3409 5025 3460 5072 et
3488 5017 3638 5073 scire
3666 5016 3751 5072 illi
3787 5017 3900 5074 hoc

2177 5111 2264 5164 est
2293 5106 2447 5178 quod
2481 5122 2628 5162 esse.
2661 5107 2747 5162 Ab
2783 5104 2881 5162 illo
2916 5105 3092 5177 igitur
3125 5104 3364 5172 audivit,
3399 5105 3584 5174 audit,
3611 5110 3668 5160 et
3695 5105 3902 5162 audiet

2175 5215 2208 5254 a
2239 5214 2352 5270 quo
2385 5202 2473 5254 est
2503 5213 2516 5253 :
2552 5197 2624 5252 ab
2660 5196 2756 5252 illo
2788 5202 2878 5251 est
2909 5213 2942 5251 a
2973 5213 3085 5266 quo
3119 5197 3399 5267 procedit.

2245 5288 2300 5342 6.
2333 5287 2435 5342 Hic
2466 5285 2679 5357 aliquis
2714 5285 2956 5342 forsitan
2990 5290 3211 5357 quaerat
3243 5289 3439 5341 utrum
3462 5290 3519 5342 et
3540 5302 3574 5340 a
3596 5284 3738 5341 Filio
3763 5302 3898 5357 pro-

2175 5379 2344 5434 cedat
2391 5378 2642 5449 Spiritus
2675 5381 2933 5432 sanctus.
2970 5375 3148 5432 Filius
3179 5375 3335 5432 enim
3368 5375 3551 5432 solius
3584 5375 3768 5431 Patris
3801 5381 3897 5432 est

2175 5465 2377 5532 Filius,
2403 5474 2456 5522 et
2488 5467 2652 5522 Pater
2683 5466 2868 5522 solius
2902 5464 3030 5522 Filii
3059 5470 3147 5522 est
3175 5469 3342 5522 Pater
3368 5481 3380 5521 :
3404 5466 3662 5538 Spiritus
3691 5474 3888 5520 autem

2175 5565 2410 5613 sanctus
2442 5572 2557 5613 non
2582 5564 2672 5612 est
2704 5557 2879 5613 unius
2911 5572 3110 5612 eorum
3142 5556 3416 5628 Spiritus,
3436 5556 3536 5612 sed
3560 5555 3881 5612 amborum.

364 5641 482 5715 ipse
515 5659 687 5715 quam
719 5644 833 5701 vita
863 5663 988 5718 quae
1019 5648 1079 5704 in
1115 5648 1241 5720 ipso
1271 5650 1393 5720 est;
1428 5650 1481 5706 et
1510 5647 1658 5709 dedit
1693 5648 1834 5710 Filio
1865 5647 2065 5710 habere
2171 5646 2358 5709 Habes
2388 5647 2585 5719 ipsum
2617 5645 2934 5710 Dominum
2961 5645 3267 5721 dicentem,
3300 5646 3415 5704 Non
3443 5647 3590 5706 enim
3628 5660 3716 5704 vos
3747 5648 3886 5704 estis
