4148 6190
265 287 429 347 1889

265 425 369 497 qui
396 423 716 496 loquimini,
735 424 828 479 sed
858 424 1093 495 Spiritus
1124 424 1309 480 Patris
1340 429 1503 482 vestri
1523 430 1618 499 qui
1648 431 1899 501 loquitur
1927 433 1987 488 in

269 515 417 571 vobis
449 514 662 586 (Matth.
696 531 750 585 x,
783 514 875 582 20)
909 530 921 569 :
963 513 1132 570 habes
1174 523 1223 570 et
1259 504 1621 587 Apostolum,
1665 522 1814 576 Misit
1851 523 1988 576 Deus

268 604 548 676 Spiritum
581 602 718 658 Filii
747 605 836 659 sui
864 606 918 658 in
953 603 1115 659 corda
1147 609 1326 660 vestra
1357 605 1563 676 (Galat.
1596 625 1671 676 tv,
1703 609 1780 681 6).
1813 611 1988 667 Num-

273 696 414 766 quid
447 696 564 750 duo
598 700 758 763 sunt,
788 693 936 749 alius
968 694 1178 760 Patris,
1212 694 1361 750 alius
1395 697 1564 753 Filii?
1593 701 1777 755 Absit.
1812 703 1987 757 Unum

275 786 434 842 enim
459 800 675 856 corpus,
698 784 798 852 ait,
821 800 952 839 cum
977 783 1334 855 significaret
1363 787 1678 843 Ecclesiam
1700 807 1712 856 ;
1737 807 1987 863 moxque

273 874 522 944 addidit,
545 883 595 930 et
618 890 761 930 unus
782 875 1042 945 Spiritus.
1069 873 1131 928 Et
1153 874 1280 930 vide
1297 877 1584 945 quomodo
1607 878 1724 933 illic
1750 880 1988 951 impleat

272 964 641 1021 Trinitatem.
675 963 841 1020 Sicut
873 965 1047 1019 vocati
1075 963 1220 1034 estis,
1255 965 1465 1036 inquit,
1492 970 1549 1021 in
1581 984 1693 1024 una
1723 985 1814 1040 spe
1839 987 1987 1026 voca-

272 1057 441 1111 tionis
471 1057 686 1111 vestrae.
719 1055 866 1112 Unus
894 1054 1189 1120 Dominus;
1221 1054 1315 1110 hic
1347 1055 1552 1127 utique
1573 1057 1868 1114 Christum
1901 1060 1988 1116 in-

269 1145 460 1218 telligi
492 1145 674 1201 voluit
709 1162 721 1199 :
755 1151 935 1200 restat
970 1152 1027 1199 ut
1059 1145 1231 1200 etiam
1280 1146 1502 1202 Patrem
1555 1150 1813 1206 nominet
1848 1168 1860 1205 :
1894 1167 1988 1207 se-

274 1235 482 1308 quitur
510 1251 669 1306 ergo,
707 1235 821 1291 Una
847 1234 999 1304 ﬁdes,
1026 1251 1199 1290 unum
1231 1235 1515 1307 Baptisma
1540 1256 1558 1292 :
1591 1255 1732 1294 unus
1763 1241 1904 1296 Deus
1935 1252 1988 1300 et

273 1328 450 1382 Pater
492 1322 762 1391 omnium,
796 1323 892 1394 qui
919 1339 1084 1390 super
1113 1340 1317 1388 omnes,
1349 1333 1399 1380 et
1425 1342 1523 1398 per
1551 1345 1736 1384 omnes
1770 1332 1810 1398 ¹,
1843 1339 1894 1385 et
1925 1331 1986 1387 in

274 1418 534 1471 omnibus
563 1415 720 1471 nobis
749 1413 965 1486 (Ephes.
999 1430 1074 1480 ιν,
1110 1415 1239 1484 Hi).
1273 1415 1410 1470 Cum
1450 1433 1586 1487 ergo
1630 1418 1783 1475 sicut
1833 1437 1986 1477 unus

273 1507 468 1575 Pater,
496 1514 549 1560 et
581 1521 734 1560 unus
765 1504 1072 1573 Dominus,
1097 1505 1154 1559 id
1186 1509 1275 1560 est
1304 1505 1505 1575 Filius,
1531 1508 1612 1564 ita
1641 1509 1717 1564 sit
1745 1515 1800 1565 et
1834 1527 1985 1567 unus

275 1595 568 1666 Spiritus;
598 1596 849 1666 profecto
871 1593 1169 1650 amborum
1203 1599 1291 1650 est
1315 1613 1327 1650 :
1352 1599 1822 1670 quandoquidem
1848 1601 1986 1656 dicit

275 1687 397 1758 ipse
431 1687 692 1741 Christus
721 1685 914 1750 Jesus,
937 1685 1177 1756 Spiritus
1205 1687 1388 1742 Patris
1420 1692 1587 1745 vestri
1610 1693 1706 1762 qui
1737 1692 1985 1763 loquitur

272 1778 331 1829 in
365 1775 550 1835 vobis;
580 1781 636 1830 et
666 1776 806 1830 dicit
840 1776 1169 1846 Apostolus,
1204 1777 1346 1832 Misit
1390 1779 1528 1834 Deus
1557 1780 1826 1849 Spiritum
1858 1783 1986 1838 Filii

271 1867 362 1919 sui
382 1868 441 1919 in
465 1865 633 1920 corda
654 1874 852 1920 vestra.
872 1864 1058 1920 Habes
1083 1865 1196 1920 alio
1221 1866 1341 1921 loco
1360 1869 1629 1924 eumdem
1653 1870 1980 1941 apostolum

274 1955 592 2023 dicentem,
627 1953 688 2009 Si
715 1956 903 2010 autem
938 1953 1182 2026 Spiritus
1211 1957 1330 2025 eius
1359 1957 1456 2029 qui
1493 1961 1772 2015 suscitavit
1797 1963 1983 2016 Jesum

276 2061 347 2102 ea:
373 2047 630 2113 mortuis,
656 2044 870 2100 habitat
901 2045 962 2099 in
992 2046 1142 2101 vobis
1157 2063 1177 2109 ;
1211 2046 1303 2102 hic
1335 2049 1538 2120 utique
1569 2050 1847 2121 Spiritum
1882 2052 1984 2108 Pa-

278 2136 386 2191 tris
435 2135 680 2207 intelligi
731 2134 957 2190 voluit:
992 2136 1060 2190 de
1112 2153 1226 2207 quo
1276 2144 1462 2194 tamen
1513 2139 1626 2195 alio
1667 2139 1790 2196 loco
1821 2141 1983 2208 dicit,

278 2224 540 2294 Quisquis
569 2231 747 2279 autem
779 2222 1044 2294 Spiritum
1076 2223 1283 2280 Christi
1307 2241 1412 2281 non
1443 2226 1621 2296 habet,
1648 2228 1741 2283 hic
1767 2245 1876 2284 non
1907 2234 1986 2285 est

270 2315 393 2384 ejus
423 2315 602 2385 (Rom.
634 2330 755 2379 vm,
782 2315 866 2383 11,
888 2314 966 2382 9).
1000 2314 1068 2369 Et
1099 2314 1284 2371 multa
1331 2315 1446 2372 alia
1485 2321 1626 2373 sunt
1657 2318 1986 2375 testimonia

274 2405 490 2475 quibus
542 2404 648 2460 hoc
699 2403 991 2460 evidenter
1037 2405 1386 2476 ostenditur,
1418 2411 1476 2462 et
1525 2408 1711 2464 Patris
1755 2413 1812 2464 et
1858 2408 1983 2464 Filii

272 2510 404 2548 esse
427 2493 814 2565 Spiritumqui
839 2493 898 2548 in
920 2494 1205 2550 Trinitate
1223 2494 1432 2550 dicitur
1452 2496 1702 2566 Spiritus
1725 2502 1982 2555 sanctus.

342 2583 397 2635 7.
424 2582 540 2638 Nec
563 2583 634 2638 ob
658 2581 814 2637 aliud
839 2582 1110 2637 existimo
1144 2583 1335 2654 ipsum
1368 2584 1562 2640 vocari
1595 2586 1826 2658 proprie
1853 2586 1981 2658 Spi-

271 2673 445 2728 ritum
482 2690 494 2727 :
529 2687 662 2727 cum
714 2672 943 2727 etiamsi
976 2673 1046 2728 de
1076 2673 1317 2740 singulis
1369 2674 1811 2747 interrogemur,
1864 2692 1981 2732 non

269 2764 568 2833 possimus
610 2761 719 2816 nisi
753 2767 808 2816 et
841 2762 1068 2818 Patrem
1101 2768 1158 2817 et
1201 2762 1411 2818 Filium
1454 2763 1721 2834 spiritum
1757 2767 1978 2836 dicere;

268 2851 548 2922 quoniam
591 2850 834 2922 spiritus
865 2857 953 2906 est
985 2851 1138 2906 Deus
1165 2853 1344 2921 (Joan.
1376 2869 1452 2920 ιν,
1486 2854 1598 2924 24),
1634 2855 1688 2909 id
1723 2860 1830 2923 est,
1864 2872 1981 2912 non

268 2959 485 3014 corpus
508 2946 596 2997 est
633 2943 797 3008 Deus,
822 2942 922 2996 sed
954 2940 1216 3010 spiritus.
1241 2943 1401 3006 Quod
1431 2959 1563 3011 ergo
1594 2947 1984 3002 communiter

270 3036 555 3086 vocantur
611 3039 664 3085 et
723 3029 962 3101 singuli,
1023 3030 1131 3085 hoc
1193 3031 1420 3101 pr0prie
1476 3032 1669 3088 vocari
1730 3036 1982 3104 oportuit

269 3138 405 3177 eum
434 3121 531 3191 qui
561 3137 669 3176 non
696 3124 780 3174 est
803 3136 956 3174 unus
979 3135 1201 3184 eorum,
1225 3123 1321 3175 sed
1359 3123 1414 3175 in
1450 3137 1564 3192 quo
1592 3123 1981 3180 communitas

271 3215 518 3282 apparet
539 3213 866 3284 amborum.
884 3210 994 3264 Cur
1012 3225 1142 3278 ergo
1168 3226 1278 3264 non
1299 3211 1610 3266 credamus
1632 3214 1779 3283 quod
1805 3212 1979 3269 etiam

272 3304 345 3357 de
377 3300 524 3356 Filio
558 3301 828 3371 procedat
857 3299 1109 3371 Spiritus
1142 3305 1401 3368 sanctus,
1434 3317 1561 3358 cum
1595 3303 1719 3358 Filii
1753 3321 1981 3376 quoque

269 3393 399 3464 ipse
430 3392 510 3447 sit
539 3391 828 3461 Spiritus?
855 3388 908 3443 Si
941 3389 1096 3445 enim
1131 3407 1242 3445 non
1277 3392 1348 3445 ab
1383 3407 1450 3446 eo
1483 3393 1836 3461 procederet,
1865 3410 1979 3449 non

271 3490 407 3552 post.
482 3477 963 3535 resurrectionem
1032 3495 1094 3534 se
1170 3477 1596 3550 repraesentans
1674 3481 1980 3554 discipulis

269 3572 398 3628 suis
447 3569 802 3625 insufﬂasset
842 3570 1040 3624 dicens
1076 3587 1088 3624 :
1124 3571 1367 3639 Accipite
1413 3571 1683 3642 Spiritum
1729 3580 1979 3628 sanctum

267 3663 376 3728 (td.
429 3676 523 3725 xx,
571 3659 686 3728 22).
739 3657 882 3720 Quid
931 3658 1086 3712 enim
1139 3657 1290 3712 aliud
1341 3658 1689 3728 signiﬁcavit
1732 3659 1833 3716 illa
1881 3661 1980 3716 in-

270 3747 548 3813 sulﬂatio,
584 3746 694 3800 nisi
739 3746 893 3816 quod
946 3747 1220 3816 procedat
1270 3745 1526 3818 Spiritus
1558 3757 1794 3803 sanctus
1825 3754 1882 3804 et
1911 3749 1980 3804 de

271 3837 452 3909 ipso?
480 3839 560 3891 Ad
599 3835 707 3890 hoc
758 3836 1009 3906 pertinet
1056 3837 1230 3892 etiam
1277 3836 1419 3891 illud
1454 3838 1608 3908 quod
1640 3839 1709 3892 de
1742 3837 1983 3894 muliere

275 3943 402 3998 que
437 3926 654 3981 ﬂuxum
689 3925 993 3996 sanguinis
1027 3926 1373 3995 patiebatur,
1399 3926 1515 3981 ait:
1543 3927 1736 3995 Tetigit
1767 3944 1855 3982 me
1882 3929 1984 3983 ati-

272 4015 686 4089 quis;egoenim
707 4018 855 4070 sensi
866 4018 1026 4071 deme
1049 4015 1303 4070 virtutem
1328 4018 1525 4071 exiisse
1548 4017 1699 4086 (Luc.
1726 4034 1843 4086 vui,
1868 4019 1980 4091 46).

274 4105 423 4160 Nam
459 4104 692 4159 virtutis
743 4104 977 4159 nomine
1027 4105 1308 4176 appellari
1341 4106 1512 4161 etiam
1545 4106 1823 4178 Spiritum
1857 4124 1985 4163 san-

277 4198 464 4260 ctum,
491 4197 543 4248 et
579 4209 647 4248 eo
679 4192 802 4248 loco
833 4193 1054 4249 clarum
1085 4200 1192 4262 est,
1227 4195 1323 4249 ubi
1357 4195 1598 4267 angelus
1628 4197 1839 4252 dicenti
1872 4197 1985 4253 Ma-

275 4287 398 4351 riae,
426 4282 696 4351 Quomodo
725 4284 815 4353 ﬁet
846 4283 1014 4349 istud,
1046 4286 1305 4354 quoniam
1335 4286 1519 4340 virum
1549 4301 1656 4340 non
1689 4288 1990 4356 cognosco?

276 4374 602 4444 respondit,
633 4371 868 4443 Spiritus
907 4378 1126 4428 sanctus
1165 4376 1508 4445 superveniet
1548 4377 1606 4430 in
1637 4384 1706 4442 te,
1737 4385 1787 4431 et
1816 4377 1988 4432 virtus

275 4464 555 4517 Attissimi
581 4462 929 4517 obumbrabit
960 4462 1066 4517 tibi
1087 4463 1187 4533 (Id.
1214 4480 1252 4530 ι,
1274 4463 1364 4532 34,
1387 4463 1479 4534 35)
1506 4479 1517 4519 :
1552 4467 1608 4519 et
1639 4464 1759 4535 ipse
1790 4463 1986 4520 Domi-

276 4566 395 4606 nus
440 4550 784 4620 promittens
812 4566 944 4605 eum
978 4550 1306 4622 discipulis,
1339 4551 1443 4621 ait,
1479 4552 1576 4607 Vos
1607 4560 1789 4607 autem
1816 4552 1990 4608 sedete

277 4640 339 4693 in
362 4637 590 4693 cit-itote
619 4654 896 4710 quousque
924 4639 1243 4694 induamini
1262 4640 1466 4695 virtute
1487 4657 1558 4695 ea:
1577 4642 1691 4696 alto
1714 4641 1817 4712 (Id.
1838 4659 1986 4710 xxxv,

279 4729 410 4798 159);
460 4732 518 4782 et
567 4727 798 4797 iterum,
846 4728 1155 4800 Accipietis,
1211 4729 1416 4800 inquit,
1457 4733 1716 4786 virtutem
1754 4732 1993 4803 Spiritus

278 4816 465 4871 sancti
526 4819 1000 4887 supervenientem
1059 4821 1115 4872 in
1165 4833 1276 4883 vos,
1335 4825 1386 4874 et
1436 4821 1590 4874 eritis
1646 4822 1783 4875 mihi
1838 4826 1993 4877 testes

281 4906 426 4977 (Act.
463 4921 501 4972 t,
529 4904 606 4976 8).
641 4905 720 4961 De
750 4905 858 4963 hac
892 4906 1099 4964 virtute
1128 4908 1452 4964 credendus
1481 4917 1566 4964 est
1598 4910 1788 4965 dicere
1819 4926 1995 4966 evan-

280 4993 517 5064 gelista.
586 4996 774 5050 Virtus
839 4996 904 5051 de
967 4995 1070 5050 illo
1131 4996 1334 5061 exibat,
1402 5001 1452 5052 et
1516 5000 1748 5054 sanabat
1812 5014 1996 5055 omnes

280 5083 435 5152 (Luc.
473 5099 548 5150 v1,
585 5083 694 5154 19).

354 5173 408 5226 8.
445 5171 501 5225 Si
535 5187 670 5242 ergo
701 5180 757 5229 et
787 5174 857 5228 de
889 5175 1054 5231 Patre
1079 5184 1132 5229 et
1162 5177 1230 5230 de
1262 5176 1406 5231 Filio
1448 5177 1703 5246 procedit
1743 5178 1995 5248 Spiritus

280 5266 561 5329 sanctus;
614 5277 718 5317 cur
765 5261 947 5318 Filius
995 5263 1158 5330 dixit,
1201 5264 1273 5320 De
1321 5267 1489 5320 Patre
1532 5266 1775 5336 procedit
1818 5266 1991 5335 (Joan.

348 5386 546 5461 I‘Editi,
575 5400 670 5461 per
699 5387 894 5461 omnia
929 5389 992 5438 At
1020 5387 1501 5461 Mss.,_pernomnes
1529 5404 1548 5439 :
1574 5403 1673 5439 nec
1705 5390 1808 5461 nisi
1836 5390 1994 5461 pauci

279 5449 511 5515 addunt.
531 5448 702 5515 nobis,
730 5449 799 5515 in
830 5448 1238 5515 ﬂneiversiculi.
1282 5453 1444 5515 Porro
1481 5455 1532 5501 iu
1566 5467 1741 5515 graeco
1773 5448 1870 5511 est,
1903 5453 1994 5500 dia

276 5512 494 5574 pantdn,
522 5511 739 5578 jiucerti
773 5514 1015 5578 generis;
1040 5517 1091 5562 et
1112 5515 1174 5562 ad
1201 5513 1357 5562 ﬁnem
1383 5511 1594 5576 humin',
1620 5516 1776 5570 vobis,
1795 5516 1920 5578 quia
1942 5515 1995 5578 in

281 5589 408 5691 {per
442 5575 819 5624 consentiebat
853 5576 1069 5638 Vulgata
1122 5579 1170 5624 in
1207 5579 1436 5640 antiquis
1470 5575 1884 5629 Cor-beiensib'ns
1915 5575 1996 5625 Bi-

305 5655 310 5658 ·
343 5653 422 5690 ns.

305 5653 422 5690 ηιιδ.

1526 293 1984 355 TRACTATUS
2031 294 2097 354 Ο.
2146 294 2402 358 CAPUT
2443 296 2598 357 XVI.

3647 304 3804 367 1890

2097 449 2188 500 xv,
2210 434 2349 504 26)?
2375 435 2490 490 Cur
2520 440 2709 504 putas,
2744 432 2854 489 nisi
2891 436 3387 504 quemadmodum
3425 438 3494 492 ad
3529 455 3659 494 eum
3713 457 3810 496 so-

2096 521 2174 577 let
2205 527 2412 581 ret‘erre
2443 530 2501 580 et
2531 525 2676 595 quod
2711 524 2894 594 ipsius
2917 529 3026 590 est,
3053 524 3122 579 de
3152 542 3268 595 quo
3301 531 3356 580 et
3379 525 3504 596 ipse
3529 532 3618 582 est
3642 529 3668 582 ‘t
3691 528 3806 584 Un-

2097 613 2167 666 de
2199 612 2341 668 illnd
2375 619 2465 669 est
2514 613 2670 685 quod
2702 613 2798 678 ait,
2835 618 2958 669 Mea
3000 614 3246 669 doctrina
3281 631 3390 670 non
3434 623 3508 671 est
3541 633 3678 685 mea,
3711 618 3802 672 sed

2095 704 2215 771 ejus
2247 704 2343 774 qui
2373 720 2458 759 me
2489 703 2643 758 misit
2675 706 2853 773 (Joan.
2889 720 2988 772 vn,
3026 703 3132 774 16).
3158 704 3212 757 Si
3247 705 3427 776 igitur
3457 704 3802 776 intelligitur

2097 790 2189 845 hic
2221 794 2345 862 ejus
2386 793 2671 859 doctrina,
2702 809 2872 863 quam
2909 798 3094 847 tamen
3130 793 3273 847 dixit
3305 811 3417 848 non
3470 810 3663 863 suam,
3697 795 3800 849 sed

2099 881 2322 949 Patris;
2358 887 2576 954 quanto
2609 883 2792 953 magis
2823 883 2943 938 illic
2973 883 3392 954 intelligendus
3435 889 3523 940 est
3566 885 3636 940 de
3679 884 3807 957 ipso

2097 973 2404 1039 procedere
2437 972 2685 1041 Spiritus
2717 978 2974 1037 sanctus,
3008 973 3104 1026 ubi
3137 973 3220 1026 sic
3251 973 3350 1038 ait,
3389 974 3461 1028 De
3489 974 3656 1029 Patre
3683 989 3811 1045 pro-

2092 1059 2250 1126 cedit,
2296 1064 2356 1115 ut
2399 1078 2512 1116 non
2554 1061 2790 1126 diceret,
2826 1060 2904 1116 De
2958 1078 3046 1115 me
3098 1078 3211 1115 non
3259 1062 3560 1131 procedit?
3602 1065 3648 1118 A
3694 1080 3808 1132 quo

2094 1153 2288 1203 autem
2310 1148 2484 1204 habet
2504 1149 2684 1205 Filius
2705 1154 2764 1204 ut
2790 1151 2865 1205 sit
2895 1149 3046 1204 Deus
3065 1151 3163 1218 (est
3185 1149 3337 1205 enim
3368 1151 3436 1206 de
3467 1156 3578 1205 Deo
3597 1151 3801 1222 Deus),

2095 1240 2165 1292 ab
2199 1236 2296 1291 illo
2329 1236 2504 1292 habet
2536 1239 2734 1309 utique
2769 1243 2831 1293 ut
2863 1239 3038 1292 etiam
3073 1238 3141 1292 de
3173 1237 3271 1292 illo
3304 1240 3577 1309 procedat
3610 1240 3795 1310 Spiri-

2094 1332 2190 1384 tus
2221 1333 2462 1383 sanctus
2488 1346 2500 1383 :
2525 1345 2589 1383 ac
2622 1345 2720 1398 per
2749 1330 2856 1384 hoc
2885 1329 3135 1400 Spiritus
3167 1338 3403 1384 sanctus
3436 1335 3498 1384 ut
3528 1330 3702 1386 etiam
3724 1332 3793 1386 de

2097 1415 2236 1473 Filio
2271 1419 2565 1489 procedat,
2588 1419 2743 1474 sicut
2778 1418 3027 1488 procedit
3052 1418 3121 1473 de
3155 1418 3340 1487 Patre,
3365 1421 3435 1473 ab
3469 1421 3594 1490 ipso
3625 1420 3804 1476 habet

2093 1508 2281 1562 Patre.

2163 1598 2216 1653 9.
2245 1598 2345 1652 llic
2367 1607 2678 1669 utcumque
2700 1599 2870 1654 etiam
2896 1597 3043 1653 illud
3063 1598 3432 1668 intelligitur,
3458 1603 3740 1670 quantum
3776 1617 3808 1654 a

2093 1685 2308 1740 talibus
2333 1686 2536 1757 quales
2560 1704 2666 1740 nos
2692 1703 2919 1753 sumus,
2944 1685 3190 1757 intelligi
3216 1694 3423 1757 potest,
3449 1703 3551 1740 cur
3574 1703 3689 1740 non
3721 1686 3803 1740 di-

2093 1778 2260 1829 catur
2297 1785 2463 1830 nalus
2495 1792 2642 1840 esse,
2681 1779 2780 1829 sed
2818 1775 3006 1846 potius
3037 1777 3345 1846 procedere
3377 1776 3628 1846 Spiritus
3660 1792 3799 1831 san-

2092 1866 2237 1918 ctus.
2281 1863 2563 1929 Quoniam
2597 1865 2640 1917 si
2673 1873 2724 1918 et
2756 1865 2880 1935 ipse
2911 1863 3091 1918 Filius
3138 1864 3443 1928 diceretur,
3489 1865 3791 1920 amborum

2097 1952 2303 2022 utique
2326 1953 2505 2008 Filius
2527 1953 2835 2015 diceretur.
2860 1955 3014 2025 quod
3040 1954 3529 2009 absurdissimum
3561 1960 3668 2009 est.
3703 1953 3796 2008 Fi—

2097 2043 2212 2099 lius
2245 2045 2454 2115 quippe
2487 2045 2683 2099 nullus
2716 2050 2800 2099 est
2830 2047 3094 2111 duorum,
3129 2044 3240 2099 nisi
3273 2047 3453 2116 patris
3482 2048 3537 2099 et
3572 2044 3794 2099 matris.

2100 2133 2267 2187 Absit
2289 2138 2507 2200 autem,
2533 2140 2597 2189 ut
2619 2134 2766 2189 inter
2807 2139 2981 2189 Deum
3007 2134 3236 2188 Patrem
3273 2139 3330 2189 et
3359 2133 3542 2190 Deum
3590 2133 3802 2188 Filium

2098 2222 2211 2277 tale
2245 2221 2465 2294 aliquid
2490 2224 2875 2294 suspicemur.
2901 2223 3047 2286 Quia
3079 2239 3181 2277 nec
3204 2222 3360 2277 filius
3386 2223 3690 2277 hominum
3725 2221 3806 2277 si-

2100 2311 2216 2366 mul
2241 2319 2295 2366 et
2316 2327 2380 2366 ex
2409 2319 2567 2382 patre
2589 2319 2641 2366 et
2664 2328 2730 2366 ex
2759 2315 2938 2366 matre
2970 2311 3262 2382 procedit:
3296 2312 3390 2366 sed
3428 2328 3559 2365 cum
3596 2312 3652 2365 in
3683 2326 3802 2366 ma-

2098 2408 2244 2458 trem
2284 2401 2541 2474 procedit
2574 2418 2640 2457 ex
2674 2407 2854 2474 patre,
2882 2419 2994 2458 non
3028 2407 3163 2457 tunc
3196 2400 3454 2473 procedit
3485 2417 3551 2455 ex
3576 2405 3801 2469 matre;

2096 2497 2152 2548 et
2189 2509 2321 2546 cum
2355 2494 2411 2547 in
2446 2492 2595 2548 hanc
2641 2492 2828 2548 lucem
2863 2492 3122 2563 procedit
3170 2507 3238 2546 ex
3271 2494 3480 2561 matre,
3513 2507 3626 2546 non
3660 2495 3800 2546 tunc

2097 2582 2356 2652 procedit
2378 2597 2442 2636 ex
2477 2588 2660 2652 patre.
2683 2581 2933 2652 Spiritus
2965 2585 3161 2636 autem
3192 2585 3434 2635 sanctus
3467 2597 3581 2634 non
3606 2580 3676 2635 de
3699 2581 3804 2636 Pa-

2097 2677 2183 2727 tre
2214 2672 2468 2743 procedit
2513 2671 2569 2725 in
2603 2670 2834 2737 Filium,
2864 2677 2919 2725 et
2969 2670 3039 2724 de
3080 2669 3221 2726 Filio
3262 2669 3518 2740 procedit
3549 2670 3618 2724 ab
3665 2686 3806 2724 sau-

2097 2761 2460 2816 ctilicandum
2496 2769 2860 2825 creaturam;
2891 2761 2990 2814 sed
3015 2758 3188 2814 simul
3222 2759 3293 2813 de
3327 2762 3576 2828 utroque
3611 2773 3805 2827 proce-

2096 2850 2177 2905 dit
2212 2867 2224 2905 :
2259 2849 2526 2920 quamvis
2557 2849 2666 2904 hoc
2689 2847 2829 2903 Filio
2865 2851 3030 2903 Pater
3061 2846 3301 2916 dederit,
3328 2851 3391 2902 ut
3419 2848 3807 2918 quemadmo-

2096 2939 2233 2993 dum
2257 2939 2328 2992 de
2361 2954 2442 3003 se,
2467 2938 2546 2992 ita
2583 2938 2651 2991 de
2685 2936 2785 2992 illo
2826 2952 3056 3008 quoque
3090 2938 3385 3008 procedat.
3420 2937 3617 3007 Neque
3649 2936 3805 2991 enim

2096 3044 2404 3100 possumus
2435 3027 2624 3081 dicere
2658 3027 2809 3096 quod
2841 3043 2953 3080 non
2987 3027 3065 3080 sit
3097 3027 3213 3080 vita
3258 3025 3511 3096 Spiritus
3541 3029 3801 3092 sanctus,

2096 3133 2225 3171 cum
2260 3116 2375 3169 vita
2407 3115 2593 3179 Pater,
2625 3115 2742 3168 vita
2773 3114 2848 3168 sit
2884 3113 3084 3168 Filius.
3117 3115 3195 3168 Ac
3227 3129 3328 3185 per
3364 3113 3469 3168 hoc
3509 3113 3660 3170 sicut
3688 3114 3803 3169 Pa-

2095 3208 2181 3260 ter
2211 3220 2345 3259 cum
2378 3203 2586 3258 habeat
2619 3203 2796 3257 vitam
2818 3203 2874 3256 in
2909 3205 3245 3273 semetipso,
3266 3203 3424 3258 dedit
3444 3209 3499 3258 et
3521 3204 3658 3260 Filio
3692 3203 3802 3258 ha-

2097 3294 2230 3349 bere
2261 3294 2436 3347 vitam
2471 3292 2527 3346 in
2554 3292 2867 3361 semetipso
2894 3307 2906 3353 ;
2931 3288 3015 3344 sic
3039 3291 3087 3344 ei
3113 3289 3271 3344 dedit
3292 3290 3468 3346 vitam
3494 3293 3803 3362 procedere

2095 3383 2165 3436 de
2198 3380 2315 3446 illo,
2341 3381 2494 3436 sicut
2517 3380 2778 3451 procedit
2799 3383 2856 3432 et
2876 3379 2945 3432 de
2967 3378 3090 3448 ipso
3113 3377 3214 3448 (α).
3247 3377 3584 3448 Sequuntur
3605 3383 3799 3434 autem

2093 3472 2267 3527 verba
2302 3469 2534 3526 Domini
2585 3469 2866 3524 dicentis:
2899 3469 2964 3522 Et
2993 3481 3114 3538 qua:
3143 3473 3369 3521 ventura
3399 3471 3546 3531 sunt,
3579 3484 3801 3522 annun-

2092 3561 2252 3617 tiabit
2284 3560 2448 3616 vobis.
2483 3559 2582 3613 Ille
2629 3573 2712 3614 me
2758 3556 3104 3625 ctariﬁcabit,
3137 3558 3266 3624 quia
3299 3555 3365 3610 de
3391 3571 3510 3611 meo
3548 3556 3798 3627 accipiet,

2092 3656 2142 3707 et
2190 3648 2548 3705 annuntiabit
2594 3647 2762 3703 vobis.
2797 3646 2993 3701 Omnia
3042 3658 3398 3716 quaecumque
3425 3645 3582 3700 habet
3613 3647 3797 3706 Pater.

2094 3757 2217 3794 mea
2237 3746 2395 3793 sunt:
2409 3739 2694 3808 propterea
2715 3733 2840 3790 dixi
2859 3735 2990 3806 quia
3011 3733 3078 3788 de
3100 3748 3217 3789 meo
3240 3734 3553 3805 accipiet,et
3577 3751 3802 3789 annun-

2096 3831 2255 3886 tiabit
2287 3829 2454 3884 vobis.
2490 3828 2599 3882 Sed
2625 3827 2764 3897 quia
2795 3827 2900 3881 iste
2932 3827 3056 3895 jam
3091 3823 3350 3897 prolixus
3385 3829 3496 3893 est,
3529 3825 3586 3879 in
3620 3824 3799 3880 alium

2096 3926 2232 3978 sunt
2263 3918 2581 3974 differenda
2612 3931 2962 3974 sermonem.

2687 4042 3095 4100 TRACTATUS
3142 4043 3202 4100 C.

2226 4157 2285 4210 In
2318 4154 2556 4224 eiusdem
2590 4153 2837 4210 lectionis
2866 4154 3032 4208 verba
3057 4162 3352 4223 postrema.
3391 4153 3520 4223 Cap.
3558 4169 3675 4220 xvr,

2811 4243 2865 4312 ᾗ.
2901 4242 3092 4297 13-15.

2173 4354 2222 4408 1.
2255 4352 2399 4407 Cum
2451 4351 2811 4422 promitteret
2859 4348 3142 4403 Dominus
3188 4349 3490 4401 venturum
3525 4343 3808 4413 Spit-itum

2101 4447 2392 4507 sanctum,
2444 4439 2655 4495 Docebit
2704 4453 2815 4502 vos,
2864 4437 3074 4506 inquit,
3107 4449 3323 4489 omnem
3347 4436 3666 4492 veritatem;
3698 4432 3810 4498 vel,

2102 4531 2325 4602 quodin
2350 4528 2647 4586 nonnullis
2665 4525 2964 4581 codicibus
2988 4522 3458 4594 legitur,Deducet
3481 4536 3567 4574 vos
3591 4520 3648 4574 in
3662 4521 3816 4574 omni

2103 4623 2362 4675 veritate.
2385 4619 2500 4672 Non
2521 4617 2668 4671 enim
2698 4616 2949 4684 loquetur
2969 4630 3002 4667 a
3023 4613 3326 4682 semetipso,
3349 4609 3438 4664 sed
3459 4623 3812 4680 quaecumque

2104 4708 2319 4772 audiet,
2369 4709 2637 4776 loquetur.
2686 4709 2764 4759 De
2813 4701 3026 4774 quibus
3074 4699 3421 4770 evangelicis
3462 4699 3654 4754 verbis
3688 4699 3812 4767 jam

2108 4799 2261 4872 quod
2295 4796 2531 4854 donavit
2577 4794 2860 4851 Dominus
2899 4793 3322 4862 disputavimus
3358 4807 3370 4845 :
3405 4807 3560 4845 nunc
3591 4807 3657 4845 ea
3689 4804 3813 4860 qua

2107 4895 2437 4961 sequuntur
2491 4886 2793 4943 attendite.
2829 4884 2891 4938 Et
2945 4899 3074 4954 qum
3103 4887 3336 4938 ventura
3389 4888 3538 4944 sunt,
3600 4877 3812 4948 inquit,

2107 4977 2468 5035 annuntiabit
2490 4977 2662 5032 vobis.
2679 4974 2874 5045 Neque
2896 4974 2988 5029 hic
3010 4978 3118 5038 est,
3142 4971 3417 5044 quoniam
3445 4969 3679 5040 planum
3701 4973 3812 5035 est,

2111 5069 2540 5125 immorandum
2575 5082 2589 5120 :
2625 5063 2769 5120 nihil
2799 5065 2956 5119 enim
2987 5062 3156 5118 habet
3188 5057 3547 5132 quaestionis,
3580 5057 3746 5125 cujus
3780 5074 3814 5109 υ.

2111 5159 2276 5214 nobis
2308 5155 2588 5227 expositio
2622 5153 2937 5225 ﬂagitetur.
2962 5151 3070 5206 Sed
3105 5151 3258 5220 quod
3291 5146 3573 5217 adjungit,
3600 5145 3696 5200 Ille
3726 5161 3812 5197 me

2107 5247 2452 5319 clariﬁcabit,
2476 5246 2606 5316 quia
2635 5244 2699 5299 de
2728 5259 2843 5298 meo
2882 5239 3136 5310 accipiet,
3168 5242 3218 5293 et
3248 5235 3608 5292 annuntiabit
3637 5233 3808 5294 vobis.

2109 5356 2224 5396 non
2255 5336 2616 5408 negligenter
2644 5336 2730 5388 est
2754 5331 3194 5386 transeundum.
3220 5327 3381 5392 Quod
3406 5323 3561 5381 enim
3586 5325 3687 5393 ait,
3711 5326 3811 5380 tlte

2109 5445 2194 5484 me
2239 5423 2590 5496 ctariﬁcubit.
2625 5425 2812 5492 potest
2860 5416 3122 5488 intelligi,
3157 5416 3293 5487 quia
3324 5413 3704 5470 ditl‘undendo
3747 5415 3804 5468 iu

2173 5574 2242 5634 (ai
2277 5573 2428 5619 llunc
2458 5569 2634 5634 locum
2666 5579 2694 5614 a
2727 5578 2778 5612 n.
2809 5563 2837 5610 8
2889 5562 3153 5613 transtulit
3188 5562 3412 5628 August.
3447 5561 3500 5609 in
3533 5558 3592 5608 15
3621 5559 3710 5612 lib.
3746 5559 3809 5614 de

2106 5628 2383 5695 Trittttnto,
2418 5647 2529 5694 cup.
2565 5628 2641 5675 ‘27.
