  <div class='ocr_page' id='page_1' title='image "/cluster/home/n/w/nwhite01/storage/ocr_20150623/35/hvd.32044054170956/295.png"; bbox 0 0 4182 6198; ppageno 0'>
   <div class='ocr_carea' id='block_1_1' title="bbox 381 273 531 334">
    <p class='ocr_par' dir='ltr' id='par_1_1' title="bbox 381 273 531 334">
     <span class='ocr_line' id='line_1_1' title="bbox 381 273 531 334; baseline -0.02 0"><span class='ocrx_word' id='word_1_1' title='bbox 381 273 531 334; x_wconf 69' lang='grc'><strong>1891</strong></span> 
     </span>
    </p>
   </div>
   <div class='ocr_carea' id='block_1_2' title="bbox 378 383 2086 464">
    <p class='ocr_par' dir='ltr' id='par_1_2' title="bbox 378 383 2086 464">
     <span class='ocr_line' id='line_1_2' title="bbox 378 383 2086 464; baseline -0.015 0"><span class='ocrx_word' id='word_1_2' title='bbox 378 403 655 464; x_wconf 90' lang='lat' dir='ltr'><strong>cordibus</strong></span> <span class='ocrx_word' id='word_1_3' title='bbox 667 396 1029 457; x_wconf 89' lang='lat' dir='ltr'><strong>credentium</strong></span> <span class='ocrx_word' id='word_1_4' title='bbox 1042 387 1865 464; x_wconf 85' lang='lat' dir='ltr'><strong>charitatem,spiritnalesqne</strong></span> <span class='ocrx_word' id='word_1_5' title='bbox 1879 383 2086 441; x_wconf 83' lang='lat' dir='ltr'><strong>facien-</strong></span> 
     </span>
    </p>
   </div>
   <div class='ocr_carea' id='block_1_3' title="bbox 380 472 2085 564">
    <p class='ocr_par' dir='ltr' id='par_1_3' title="bbox 380 472 2085 564">
     <span class='ocr_line' id='line_1_3' title="bbox 380 472 2085 564; baseline -0.015 -11"><span class='ocrx_word' id='word_1_6' title='bbox 380 498 476 564; x_wconf 91' lang='lat' dir='ltr'><strong>do,</strong></span> <span class='ocrx_word' id='word_1_7' title='bbox 500 490 808 551; x_wconf 99' lang='lat' dir='ltr'><strong>declaravit</strong></span> <span class='ocrx_word' id='word_1_8' title='bbox 832 490 914 545; x_wconf 90' lang='lat' dir='ltr'><strong>eis</strong></span> <span class='ocrx_word' id='word_1_9' title='bbox 936 486 1225 561; x_wconf 89' lang='lat' dir='ltr'><strong>quomodo</strong></span> <span class='ocrx_word' id='word_1_10' title='bbox 1257 483 1437 539; x_wconf 87' lang='lat' dir='ltr'><strong>Filius</strong></span> <span class='ocrx_word' id='word_1_11' title='bbox 1468 481 1622 538; x_wconf 80' lang='lat' dir='ltr'><strong>Patri</strong></span> <span class='ocrx_word' id='word_1_12' title='bbox 1653 482 1803 536; x_wconf 83' lang='lat' dir='ltr'><strong>esset</strong></span> <span class='ocrx_word' id='word_1_13' title='bbox 1827 472 2085 564; x_wconf 79' lang='lat' dir='ltr'><strong>aequalis,</strong></span> 
     </span>
    </p>
   </div>
   <div class='ocr_carea' id='block_1_4' title="bbox 380 563 2084 655">
    <p class='ocr_par' dir='ltr' id='par_1_4' title="bbox 380 563 2084 655">
     <span class='ocr_line' id='line_1_4' title="bbox 380 563 2084 655; baseline -0.015 -15"><span class='ocrx_word' id='word_1_14' title='bbox 380 599 554 655; x_wconf 89' lang='lat' dir='ltr'><strong>quem</strong></span> <span class='ocrx_word' id='word_1_15' title='bbox 578 578 903 637; x_wconf 89' lang='lat' dir='ltr'><strong>secundum</strong></span> <span class='ocrx_word' id='word_1_16' title='bbox 924 590 1155 631; x_wconf 89' lang='lat' dir='ltr'><strong>carnem</strong></span> <span class='ocrx_word' id='word_1_17' title='bbox 1180 572 1343 644; x_wconf 88' lang='lat' dir='ltr'><strong>prius</strong></span> <span class='ocrx_word' id='word_1_18' title='bbox 1363 567 1763 626; x_wconf 90' lang='lat' dir='ltr'><strong>tantummodo</strong></span> <span class='ocrx_word' id='word_1_19' title='bbox 1782 563 2084 627; x_wconf 79' lang='lat' dir='ltr'><strong>noverant,</strong></span> 
     </span>
    </p>
   </div>
   <div class='ocr_carea' id='block_1_5' title="bbox 380 648 2089 733">
    <p class='ocr_par' dir='ltr' id='par_1_5' title="bbox 380 648 2089 733">
     <span class='ocr_line' id='line_1_5' title="bbox 380 648 2089 733; baseline -0.015 -4"><span class='ocrx_word' id='word_1_20' title='bbox 380 648 435 730; x_wconf 72' lang='lat' dir='ltr'><strong>et</strong></span> <span class='ocrx_word' id='word_1_21' title='bbox 457 671 751 728; x_wconf 86' lang='lat' dir='ltr'><strong>hominem</strong></span> <span class='ocrx_word' id='word_1_22' title='bbox 782 668 933 723; x_wconf 82' lang='lat' dir='ltr'><strong>sicut</strong></span> <span class='ocrx_word' id='word_1_23' title='bbox 964 664 1229 721; x_wconf 83' lang='lat' dir='ltr'><strong>homines</strong></span> <span class='ocrx_word' id='word_1_24' title='bbox 1254 661 1610 733; x_wconf 78' lang='lat' dir='ltr'><strong>cogitabant.</strong></span> <span class='ocrx_word' id='word_1_25' title='bbox 1635 655 1736 711; x_wconf 88' lang='lat' dir='ltr'><strong>Vel</strong></span> <span class='ocrx_word' id='word_1_26' title='bbox 1760 658 1933 716; x_wconf 92' lang='lat' dir='ltr'><strong>certe,</strong></span> <span class='ocrx_word' id='word_1_27' title='bbox 1957 648 2089 721; x_wconf 92' lang='lat' dir='ltr'><strong>quia</strong></span> 
     </span>
    </p>
   </div>
   <div class='ocr_carea' id='block_1_6' title="bbox 381 737 2086 836">
    <p class='ocr_par' dir='ltr' id='par_1_6' title="bbox 381 737 2086 836">
     <span class='ocr_line' id='line_1_6' title="bbox 381 737 2086 836; baseline -0.015 -16"><span class='ocrx_word' id='word_1_28' title='bbox 381 779 481 836; x_wconf 88' lang='lat' dir='ltr'><strong>per</strong></span> <span class='ocrx_word' id='word_1_29' title='bbox 504 763 693 833; x_wconf 90' lang='lat' dir='ltr'><strong>ipsam</strong></span> <span class='ocrx_word' id='word_1_30' title='bbox 718 758 1060 814; x_wconf 89' lang='lat' dir='ltr'><strong>charitatem</strong></span> <span class='ocrx_word' id='word_1_31' title='bbox 1084 753 1294 809; x_wconf 83' lang='lat' dir='ltr'><strong>ﬁducia</strong></span> <span class='ocrx_word' id='word_1_32' title='bbox 1317 749 1518 822; x_wconf 83' lang='lat' dir='ltr'><strong>repleti</strong></span> <span class='ocrx_word' id='word_1_33' title='bbox 1536 747 1869 836; x_wconf 72' lang='lat' dir='ltr'><strong>‘,ettimore</strong></span> <span class='ocrx_word' id='word_1_34' title='bbox 1887 737 2086 836; x_wconf 80' lang='lat' dir='ltr'><strong>depul-</strong></span> 
     </span>
    </p>
   </div>
   <div class='ocr_carea' id='block_1_7' title="bbox 382 832 2088 923">
    <p class='ocr_par' dir='ltr' id='par_1_7' title="bbox 382 832 2088 923">
     <span class='ocr_line' id='line_1_7' title="bbox 382 832 2088 923; baseline -0.015 -14"><span class='ocrx_word' id='word_1_35' title='bbox 382 832 469 923; x_wconf 72' lang='lat' dir='ltr'><strong>so,</strong></span> <span class='ocrx_word' id='word_1_36' title='bbox 491 832 985 907; x_wconf 88' lang='lat' dir='ltr'><strong>annuntiaverunt</strong></span> <span class='ocrx_word' id='word_1_37' title='bbox 1015 843 1355 899; x_wconf 88' lang='lat' dir='ltr'><strong>hominibus</strong></span> <span class='ocrx_word' id='word_1_38' title='bbox 1374 839 1705 902; x_wconf 82' lang='lat' dir='ltr'><strong>Christum;</strong></span> <span class='ocrx_word' id='word_1_39' title='bbox 1738 851 1803 889; x_wconf 86' lang='lat' dir='ltr'><strong>ac</strong></span> <span class='ocrx_word' id='word_1_40' title='bbox 1826 833 1907 888; x_wconf 88' lang='lat' dir='ltr'><strong>sic</strong></span> <span class='ocrx_word' id='word_1_41' title='bbox 1933 832 2088 885; x_wconf 86' lang='lat' dir='ltr'><strong>fama</strong></span> 
     </span>
    </p>
   </div>
   <div class='ocr_carea' id='block_1_8' title="bbox 382 919 2088 1013">
    <p class='ocr_par' dir='ltr' id='par_1_8' title="bbox 382 919 2088 1013">
     <span class='ocr_line' id='line_1_8' title="bbox 382 919 2088 1013; baseline -0.014 -16"><span class='ocrx_word' id='word_1_42' title='bbox 382 919 509 1013; x_wconf 82' lang='lat' dir='ltr'><strong>ejus</strong></span> <span class='ocrx_word' id='word_1_43' title='bbox 540 940 753 996; x_wconf 72' lang='lat' dir='ltr'><strong>diffusa</strong></span> <span class='ocrx_word' id='word_1_44' title='bbox 772 942 861 993; x_wconf 88' lang='lat' dir='ltr'><strong>est</strong></span> <span class='ocrx_word' id='word_1_45' title='bbox 890 940 1005 991; x_wconf 92' lang='lat' dir='ltr'><strong>toto</strong></span> <span class='ocrx_word' id='word_1_46' title='bbox 1030 933 1164 989; x_wconf 84' lang='lat' dir='ltr'><strong>orbe</strong></span> <span class='ocrx_word' id='word_1_47' title='bbox 1196 937 1506 987; x_wconf 90' lang='lat' dir='ltr'><strong>terrarum.</strong></span> <span class='ocrx_word' id='word_1_48' title='bbox 1534 925 1604 982; x_wconf 91' lang='lat' dir='ltr'><strong>Ut</strong></span> <span class='ocrx_word' id='word_1_49' title='bbox 1635 929 1717 980; x_wconf 88' lang='lat' dir='ltr'><strong>sic</strong></span> <span class='ocrx_word' id='word_1_50' title='bbox 1740 922 1971 1013; x_wconf 28' lang='lat' dir='ltr'><strong>dixe-rit,</strong></span> 
     </span>
    </p>
   </div>
   <div class='ocr_carea' id='block_1_9' title="bbox 384 1007 2087 1097">
    <p class='ocr_par' dir='ltr' id='par_1_9' title="bbox 384 1007 2087 1097">
     <span class='ocr_line' id='line_1_9' title="bbox 384 1007 2087 1097; baseline -0.014 -12"><span class='ocrx_word' id='word_1_51' title='bbox 384 1007 469 1085; x_wconf 59' lang='lat' dir='ltr'><strong>uie</strong></span> <span class='ocrx_word' id='word_1_52' title='bbox 498 1026 851 1097; x_wconf 84' lang='lat' dir='ltr'><strong>clariﬁcabit,</strong></span> <span class='ocrx_word' id='word_1_53' title='bbox 880 1029 1158 1095; x_wconf 89' lang='lat' dir='ltr'><strong>tanquam</strong></span> <span class='ocrx_word' id='word_1_54' title='bbox 1192 1021 1407 1075; x_wconf 83' lang='lat' dir='ltr'><strong>diceret</strong></span> <span class='ocrx_word' id='word_1_55' title='bbox 1433 1034 1445 1072; x_wconf 92' lang='lat'>:</span> <span class='ocrx_word' id='word_1_56' title='bbox 1471 1015 1572 1071; x_wconf 87' lang='lat' dir='ltr'><strong>Ille</strong></span> <span class='ocrx_word' id='word_1_57' title='bbox 1592 1014 1755 1071; x_wconf 86' lang='lat' dir='ltr'><strong>vobis</strong></span> <span class='ocrx_word' id='word_1_58' title='bbox 1777 1011 1996 1067; x_wconf 79' lang='lat' dir='ltr'><strong>auferet</strong></span> <span class='ocrx_word' id='word_1_59' title='bbox 2016 1007 2087 1097; x_wconf 81' lang='lat' dir='ltr'><strong>ti-</strong></span> 
     </span>
    </p>
   </div>
   <div class='ocr_carea' id='block_1_10' title="bbox 385 1095 2089 1185">
    <p class='ocr_par' dir='ltr' id='par_1_10' title="bbox 385 1095 2089 1185">
     <span class='ocr_line' id='line_1_10' title="bbox 385 1095 2089 1185; baseline -0.014 -11"><span class='ocrx_word' id='word_1_60' title='bbox 385 1095 716 1185; x_wconf 32' lang='lat' dir='ltr'><strong>morem,_et</strong></span> <span class='ocrx_word' id='word_1_61' title='bbox 743 1114 906 1171; x_wconf 91' lang='lat' dir='ltr'><strong>dabit</strong></span> <span class='ocrx_word' id='word_1_62' title='bbox 948 1126 1231 1175; x_wconf 88' lang='lat' dir='ltr'><strong>amorem,</strong></span> <span class='ocrx_word' id='word_1_63' title='bbox 1266 1124 1380 1181; x_wconf 90' lang='lat' dir='ltr'><strong>quo</strong></span> <span class='ocrx_word' id='word_1_64' title='bbox 1413 1121 1501 1162; x_wconf 91' lang='lat' dir='ltr'><strong>me</strong></span> <span class='ocrx_word' id='word_1_65' title='bbox 1542 1103 1839 1160; x_wconf 82' lang='lat' dir='ltr'><strong>ardentius</strong></span> <span class='ocrx_word' id='word_1_66' title='bbox 1884 1095 2089 1171; x_wconf 66' lang='lat' dir='ltr'><strong>prtedi-</strong></span> 
     </span>
    </p>
   </div>
   <div class='ocr_carea' id='block_1_11' title="bbox 382 1191 2088 1280">
    <p class='ocr_par' dir='ltr' id='par_1_11' title="bbox 382 1191 2088 1280">
     <span class='ocr_line' id='line_1_11' title="bbox 382 1191 2088 1280; baseline -0.015 -14"><span class='ocrx_word' id='word_1_67' title='bbox 382 1206 805 1280; x_wconf 75' lang='lat' dir='ltr'><strong>cantes,gloriss</strong></span> <span class='ocrx_word' id='word_1_68' title='bbox 826 1220 965 1260; x_wconf 69' lang='lat' dir='ltr'><strong>mea:</strong></span> <span class='ocrx_word' id='word_1_69' title='bbox 979 1219 1079 1275; x_wconf 90' lang='lat' dir='ltr'><strong>per</strong></span> <span class='ocrx_word' id='word_1_70' title='bbox 1098 1206 1282 1256; x_wconf 90' lang='lat' dir='ltr'><strong>totum</strong></span> <span class='ocrx_word' id='word_1_71' title='bbox 1303 1198 1587 1253; x_wconf 88' lang='lat' dir='ltr'><strong>mundum</strong></span> <span class='ocrx_word' id='word_1_72' title='bbox 1602 1191 1818 1249; x_wconf 88' lang='lat' dir='ltr'><strong>dabitis</strong></span> <span class='ocrx_word' id='word_1_73' title='bbox 1832 1192 2088 1253; x_wconf 89' lang='lat' dir='ltr'><strong>odorem,</strong></span> 
     </span>
    </p>
   </div>
   <div class='ocr_carea' id='block_1_12' title="bbox 384 1279 2093 1354">
    <p class='ocr_par' dir='ltr' id='par_1_12' title="bbox 384 1279 2093 1354">
     <span class='ocr_line' id='line_1_12' title="bbox 384 1279 2093 1354; baseline -0.014 0"><span class='ocrx_word' id='word_1_74' title='bbox 384 1279 870 1354; x_wconf 84' lang='lat' dir='ltr'><strong>commendabilis</strong></span> <span class='ocrx_word' id='word_1_75' title='bbox 922 1294 1215 1349; x_wconf 89' lang='lat' dir='ltr'><strong>honorem.</strong></span> <span class='ocrx_word' id='word_1_76' title='bbox 1250 1288 1410 1352; x_wconf 87' lang='lat' dir='ltr'><strong>Quod</strong></span> <span class='ocrx_word' id='word_1_77' title='bbox 1461 1284 1614 1341; x_wconf 92' lang='lat' dir='ltr'><strong>enim</strong></span> <span class='ocrx_word' id='word_1_78' title='bbox 1662 1279 1835 1337; x_wconf 89' lang='lat' dir='ltr'><strong>futuri</strong></span> <span class='ocrx_word' id='word_1_79' title='bbox 1871 1280 2093 1333; x_wconf 80' lang='lat' dir='ltr'><strong>fuerant</strong></span> 
     </span>
    </p>
   </div>
   <div class='ocr_carea' id='block_1_13' title="bbox 379 1368 2093 1460">
    <p class='ocr_par' dir='ltr' id='par_1_13' title="bbox 379 1368 2093 1460">
     <span class='ocr_line' id='line_1_13' title="bbox 379 1368 2093 1460; baseline -0.013 -16"><span class='ocrx_word' id='word_1_80' title='bbox 379 1390 440 1444; x_wconf 93' lang='lat' dir='ltr'><strong>in</strong></span> <span class='ocrx_word' id='word_1_81' title='bbox 464 1388 686 1460; x_wconf 86' lang='lat' dir='ltr'><strong>Spiritu</strong></span> <span class='ocrx_word' id='word_1_82' title='bbox 720 1387 940 1454; x_wconf 88' lang='lat' dir='ltr'><strong>sancto,</strong></span> <span class='ocrx_word' id='word_1_83' title='bbox 964 1383 1074 1438; x_wconf 90' lang='lat' dir='ltr'><strong>hoc</strong></span> <span class='ocrx_word' id='word_1_84' title='bbox 1098 1380 1368 1436; x_wconf 88' lang='lat' dir='ltr'><strong>eumdem</strong></span> <span class='ocrx_word' id='word_1_85' title='bbox 1393 1377 1675 1448; x_wconf 85' lang='lat' dir='ltr'><strong>Spiritum</strong></span> <span class='ocrx_word' id='word_1_86' title='bbox 1700 1371 1841 1427; x_wconf 82' lang='lat' dir='ltr'><strong>dixit</strong></span> <span class='ocrx_word' id='word_1_87' title='bbox 1863 1382 1990 1425; x_wconf 82' lang='lat' dir='ltr'><strong>esse</strong></span> <span class='ocrx_word' id='word_1_88' title='bbox 2014 1368 2093 1460; x_wconf 33' lang='lat' dir='ltr'><strong>fas</strong></span> 
     </span>
    </p>
   </div>
   <div class='ocr_carea' id='block_1_14' title="bbox 382 1458 2094 1547">
    <p class='ocr_par' dir='ltr' id='par_1_14' title="bbox 382 1458 2094 1547">
     <span class='ocr_line' id='line_1_14' title="bbox 382 1458 2094 1547; baseline -0.012 -14"><span class='ocrx_word' id='word_1_89' title='bbox 382 1458 615 1533; x_wconf 14' lang='lat' dir='ltr'><strong>clurﬁum</strong></span> <span class='ocrx_word' id='word_1_90' title='bbox 642 1493 655 1532; x_wconf 89' lang='lat'><strong>:</strong></span> <span class='ocrx_word' id='word_1_91' title='bbox 683 1473 857 1547; x_wconf 85' lang='lat' dir='ltr'><strong>quale</strong></span> <span class='ocrx_word' id='word_1_92' title='bbox 887 1477 971 1528; x_wconf 86' lang='lat' dir='ltr'><strong>est</strong></span> <span class='ocrx_word' id='word_1_93' title='bbox 1001 1472 1175 1527; x_wconf 87' lang='lat' dir='ltr'><strong>etiam</strong></span> <span class='ocrx_word' id='word_1_94' title='bbox 1212 1469 1378 1536; x_wconf 82' lang='lat' dir='ltr'><strong>illud,</strong></span> <span class='ocrx_word' id='word_1_95' title='bbox 1404 1468 1517 1523; x_wconf 83' lang='lat' dir='ltr'><strong>Non</strong></span> <span class='ocrx_word' id='word_1_96' title='bbox 1548 1468 1694 1521; x_wconf 85' lang='lat' dir='ltr'><strong>enim</strong></span> <span class='ocrx_word' id='word_1_97' title='bbox 1724 1478 1813 1519; x_wconf 86' lang='lat' dir='ltr'><strong>vos</strong></span> <span class='ocrx_word' id='word_1_98' title='bbox 1844 1462 1970 1516; x_wconf 82' lang='lat' dir='ltr'><strong>estis</strong></span> <span class='ocrx_word' id='word_1_99' title='bbox 1996 1458 2094 1529; x_wconf 97' lang='lat' dir='ltr'><strong>qui</strong></span> 
     </span>
    </p>
   </div>
   <div class='ocr_carea' id='block_1_15' title="bbox 386 1552 2094 1636">
    <p class='ocr_par' dir='ltr' id='par_1_15' title="bbox 386 1552 2094 1636">
     <span class='ocr_line' id='line_1_15' title="bbox 386 1552 2094 1636; baseline -0.011 -16"><span class='ocrx_word' id='word_1_100' title='bbox 386 1566 699 1636; x_wconf 79' lang='lat' dir='ltr'><strong>loquimini,</strong></span> <span class='ocrx_word' id='word_1_101' title='bbox 729 1562 819 1620; x_wconf 85' lang='lat' dir='ltr'><strong>sed</strong></span> <span class='ocrx_word' id='word_1_102' title='bbox 848 1562 1089 1634; x_wconf 76' lang='lat' dir='ltr'><strong>Spiritus</strong></span> <span class='ocrx_word' id='word_1_103' title='bbox 1121 1558 1307 1614; x_wconf 79' lang='lat' dir='ltr'><strong>Patris</strong></span> <span class='ocrx_word' id='word_1_104' title='bbox 1338 1559 1507 1613; x_wconf 80' lang='lat' dir='ltr'><strong>vestri</strong></span> <span class='ocrx_word' id='word_1_105' title='bbox 1535 1557 1624 1627; x_wconf 82' lang='lat' dir='ltr'><strong>qui</strong></span> <span class='ocrx_word' id='word_1_106' title='bbox 1650 1554 1891 1624; x_wconf 86' lang='lat' dir='ltr'><strong>loquitur</strong></span> <span class='ocrx_word' id='word_1_107' title='bbox 1916 1552 1975 1605; x_wconf 89' lang='lat' dir='ltr'><strong>in</strong></span> <span class='ocrx_word' id='word_1_108' title='bbox 2006 1562 2094 1602; x_wconf 86' lang='lat' dir='ltr'><strong>vo-</strong></span> 
     </span>
    </p>
   </div>
   <div class='ocr_carea' id='block_1_16' title="bbox 387 1639 2095 1725">
    <p class='ocr_par' dir='ltr' id='par_1_16' title="bbox 387 1639 2095 1725">
     <span class='ocr_line' id='line_1_16' title="bbox 387 1639 2095 1725; baseline -0.01 -16"><span class='ocrx_word' id='word_1_109' title='bbox 387 1658 465 1709; x_wconf 82' lang='lat' dir='ltr'><strong>bis</strong></span> <span class='ocrx_word' id='word_1_110' title='bbox 496 1654 711 1725; x_wconf 76' lang='lat' dir='ltr'><strong>(Matth.</strong></span> <span class='ocrx_word' id='word_1_111' title='bbox 740 1670 800 1723; x_wconf 83' lang='lat' dir='ltr'><strong>x,</strong></span> <span class='ocrx_word' id='word_1_112' title='bbox 829 1653 943 1724; x_wconf 86' lang='lat'><strong>20).</strong></span> <span class='ocrx_word' id='word_1_113' title='bbox 978 1650 1230 1705; x_wconf 86' lang='lat' dir='ltr'><strong>Verbum</strong></span> <span class='ocrx_word' id='word_1_114' title='bbox 1263 1648 1473 1719; x_wconf 84' lang='lat' dir='ltr'><strong>quippe</strong></span> <span class='ocrx_word' id='word_1_115' title='bbox 1516 1660 1768 1717; x_wconf 60' lang='lat' dir='ltr'><strong>graecum</strong></span> <span class='ocrx_word' id='word_1_116' title='bbox 1810 1639 1963 1712; x_wconf 92' lang='lat' dir='ltr'><strong>quod</strong></span> <span class='ocrx_word' id='word_1_117' title='bbox 2005 1640 2095 1693; x_wconf 81' lang='lat' dir='ltr'><strong>est</strong></span> 
     </span>
    </p>
   </div>
   <div class='ocr_carea' id='block_1_17' title="bbox 386 1728 2095 1812">
    <p class='ocr_par' dir='ltr' id='par_1_17' title="bbox 386 1728 2095 1812">
     <span class='ocr_line' id='line_1_17' title="bbox 386 1728 2095 1812; baseline -0.008 -16"><span class='ocrx_word' id='word_1_118' title='bbox 386 1741 617 1812; x_wconf 74' lang='grc' dir='ltr'><strong>δοξάσει,</strong></span> <span class='ocrx_word' id='word_1_119' title='bbox 644 1744 792 1799; x_wconf 88' lang='lat' dir='ltr'><strong>alius</strong></span> <span class='ocrx_word' id='word_1_120' title='bbox 812 1739 1159 1811; x_wconf 77' lang='lat' dir='ltr'><strong>ctariﬁcabit,</strong></span> <span class='ocrx_word' id='word_1_121' title='bbox 1192 1738 1343 1794; x_wconf 87' lang='lat' dir='ltr'><strong>alius</strong></span> <span class='ocrx_word' id='word_1_122' title='bbox 1362 1735 1711 1808; x_wconf 83' lang='lat' dir='ltr'><strong>gloriﬁcabit,</strong></span> <span class='ocrx_word' id='word_1_123' title='bbox 1735 1730 1897 1787; x_wconf 86' lang='lat' dir='ltr'><strong>latini</strong></span> <span class='ocrx_word' id='word_1_124' title='bbox 1919 1728 2095 1785; x_wconf 89' lang='lat' dir='ltr'><strong>inter-</strong></span> 
     </span>
    </p>
   </div>
   <div class='ocr_carea' id='block_1_18' title="bbox 386 1824 2094 1906">
    <p class='ocr_par' dir='ltr' id='par_1_18' title="bbox 386 1824 2094 1906">
     <span class='ocr_line' id='line_1_18' title="bbox 386 1824 2094 1906; baseline -0.01 -17"><span class='ocrx_word' id='word_1_125' title='bbox 386 1840 576 1906; x_wconf 89' lang='lat' dir='ltr'><strong>pretes</strong></span> <span class='ocrx_word' id='word_1_126' title='bbox 606 1833 667 1888; x_wconf 90' lang='lat' dir='ltr'><strong>in</strong></span> <span class='ocrx_word' id='word_1_127' title='bbox 697 1850 802 1889; x_wconf 84' lang='lat' dir='ltr'><strong>sua</strong></span> <span class='ocrx_word' id='word_1_128' title='bbox 832 1832 1082 1903; x_wconf 90' lang='lat' dir='ltr'><strong>quisque</strong></span> <span class='ocrx_word' id='word_1_129' title='bbox 1114 1828 1493 1884; x_wconf 82' lang='lat' dir='ltr'><strong>translatione</strong></span> <span class='ocrx_word' id='word_1_130' title='bbox 1544 1824 1865 1896; x_wconf 91' lang='lat' dir='ltr'><strong>posuerunt</strong></span> <span class='ocrx_word' id='word_1_131' title='bbox 1898 1836 1911 1875; x_wconf 88' lang='lat'><strong>:</strong></span> <span class='ocrx_word' id='word_1_132' title='bbox 1946 1834 2094 1889; x_wconf 87' lang='lat' dir='ltr'><strong>quo-</strong></span> 
     </span>
    </p>
   </div>
   <div class='ocr_carea' id='block_1_19' title="bbox 386 1911 2096 1996">
    <p class='ocr_par' dir='ltr' id='par_1_19' title="bbox 386 1911 2096 1996">
     <span class='ocr_line' id='line_1_19' title="bbox 386 1911 2096 1996; baseline -0.011 -16"><span class='ocrx_word' id='word_1_133' title='bbox 386 1924 541 1979; x_wconf 83' lang='lat' dir='ltr'><strong>niam</strong></span> <span class='ocrx_word' id='word_1_134' title='bbox 592 1922 719 1996; x_wconf 88' lang='lat' dir='ltr'><strong>ipsa</strong></span> <span class='ocrx_word' id='word_1_135' title='bbox 750 1938 876 1993; x_wconf 72' lang='lat' dir='ltr'><strong>quas</strong></span> <span class='ocrx_word' id='word_1_136' title='bbox 925 1934 1106 1992; x_wconf 71' lang='lat' dir='ltr'><strong>graece</strong></span> <span class='ocrx_word' id='word_1_137' title='bbox 1137 1918 1350 1973; x_wconf 88' lang='lat' dir='ltr'><strong>dicitur</strong></span> <span class='ocrx_word' id='word_1_138' title='bbox 1385 1911 1533 1983; x_wconf 78' lang='grc' dir='ltr'>δόξα,</span> <span class='ocrx_word' id='word_1_139' title='bbox 1566 1913 1721 1968; x_wconf 89' lang='lat' dir='ltr'><strong>unde</strong></span> <span class='ocrx_word' id='word_1_140' title='bbox 1753 1912 1975 1967; x_wconf 89' lang='lat' dir='ltr'><strong>dictum</strong></span> <span class='ocrx_word' id='word_1_141' title='bbox 2008 1912 2096 1962; x_wconf 90' lang='lat' dir='ltr'><strong>est</strong></span> 
     </span>
    </p>
   </div>
   <div class='ocr_carea' id='block_1_20' title="bbox 386 1996 2092 2082">
    <p class='ocr_par' dir='ltr' id='par_1_20' title="bbox 386 1996 2092 2082">
     <span class='ocr_line' id='line_1_20' title="bbox 386 1996 2092 2082; baseline -0.009 -13"><span class='ocrx_word' id='word_1_142' title='bbox 386 2014 625 2070; x_wconf 89' lang='lat' dir='ltr'><strong>verbum</strong></span> <span class='ocrx_word' id='word_1_143' title='bbox 645 2009 879 2082; x_wconf 78' lang='grc' dir='ltr'><strong>δοξάσει,</strong></span> <span class='ocrx_word' id='word_1_144' title='bbox 903 2019 957 2067; x_wconf 91' lang='lat' dir='ltr'><strong>et</strong></span> <span class='ocrx_word' id='word_1_145' title='bbox 978 2009 1213 2066; x_wconf 84' lang='lat' dir='ltr'><strong>claritas</strong></span> <span class='ocrx_word' id='word_1_146' title='bbox 1245 2009 1655 2078; x_wconf 82' lang='lat' dir='ltr'><strong>interpretatur</strong></span> <span class='ocrx_word' id='word_1_147' title='bbox 1676 2007 1734 2058; x_wconf 88' lang='lat' dir='ltr'><strong>et</strong></span> <span class='ocrx_word' id='word_1_148' title='bbox 1755 1996 2092 2073; x_wconf 83' lang='lat' dir='ltr'><strong>gloria.Glo-</strong></span> 
     </span>
    </p>
   </div>
   <div class='ocr_carea' id='block_1_21' title="bbox 387 2090 2091 2175">
    <p class='ocr_par' dir='ltr' id='par_1_21' title="bbox 387 2090 2091 2175">
     <span class='ocr_line' id='line_1_21' title="bbox 387 2090 2091 2175; baseline -0.01 -16"><span class='ocrx_word' id='word_1_149' title='bbox 387 2105 473 2160; x_wconf 90' lang='lat' dir='ltr'><strong>ria</strong></span> <span class='ocrx_word' id='word_1_150' title='bbox 503 2120 760 2175; x_wconf 87' lang='lat' dir='ltr'><strong>namque</strong></span> <span class='ocrx_word' id='word_1_151' title='bbox 792 2104 858 2158; x_wconf 80' lang='lat' dir='ltr'><strong>fit</strong></span> <span class='ocrx_word' id='word_1_152' title='bbox 878 2101 1127 2173; x_wconf 88' lang='lat' dir='ltr'><strong>quisque</strong></span> <span class='ocrx_word' id='word_1_153' title='bbox 1157 2099 1369 2167; x_wconf 88' lang='lat' dir='ltr'><strong>clarus,</strong></span> <span class='ocrx_word' id='word_1_154' title='bbox 1393 2101 1449 2152; x_wconf 92' lang='lat' dir='ltr'><strong>et</strong></span> <span class='ocrx_word' id='word_1_155' title='bbox 1479 2094 1741 2151; x_wconf 86' lang='lat' dir='ltr'><strong>claritate</strong></span> <span class='ocrx_word' id='word_1_156' title='bbox 1772 2090 2091 2163; x_wconf 89' lang='lat' dir='ltr'><strong>gloriosus;</strong></span> 
     </span>
    </p>
   </div>
   <div class='ocr_carea' id='block_1_22' title="bbox 387 2180 2094 2265">
    <p class='ocr_par' dir='ltr' id='par_1_22' title="bbox 387 2180 2094 2265">
     <span class='ocr_line' id='line_1_22' title="bbox 387 2180 2094 2265; baseline -0.011 -14"><span class='ocrx_word' id='word_1_157' title='bbox 387 2210 454 2251; x_wconf 87' lang='lat' dir='ltr'><strong>ac</strong></span> <span class='ocrx_word' id='word_1_158' title='bbox 486 2210 584 2265; x_wconf 91' lang='lat' dir='ltr'><strong>per</strong></span> <span class='ocrx_word' id='word_1_159' title='bbox 617 2194 722 2249; x_wconf 91' lang='lat' dir='ltr'><strong>hoc</strong></span> <span class='ocrx_word' id='word_1_160' title='bbox 755 2190 909 2264; x_wconf 89' lang='lat' dir='ltr'><strong>quod</strong></span> <span class='ocrx_word' id='word_1_161' title='bbox 942 2195 1190 2261; x_wconf 90' lang='lat' dir='ltr'><strong>utroque</strong></span> <span class='ocrx_word' id='word_1_162' title='bbox 1221 2189 1394 2244; x_wconf 90' lang='lat' dir='ltr'><strong>verbo</strong></span> <span class='ocrx_word' id='word_1_163' title='bbox 1426 2184 1813 2257; x_wconf 80' lang='lat' dir='ltr'><strong>significatur,</strong></span> <span class='ocrx_word' id='word_1_164' title='bbox 1838 2180 2094 2252; x_wconf 89' lang='lat' dir='ltr'><strong>idipsum</strong></span> 
     </span>
    </p>
   </div>
   <div class='ocr_carea' id='block_1_23' title="bbox 387 2268 2093 2347">
    <p class='ocr_par' dir='ltr' id='par_1_23' title="bbox 387 2268 2093 2347">
     <span class='ocr_line' id='line_1_23' title="bbox 387 2268 2093 2347; baseline -0.009 -7"><span class='ocrx_word' id='word_1_165' title='bbox 387 2284 667 2342; x_wconf 84' lang='lat' dir='ltr'><strong>est.Sicut</strong></span> <span class='ocrx_word' id='word_1_166' title='bbox 687 2287 885 2339; x_wconf 89' lang='lat' dir='ltr'><strong>autem</strong></span> <span class='ocrx_word' id='word_1_167' title='bbox 908 2281 1259 2337; x_wconf 83' lang='lat' dir='ltr'><strong>definierunt</strong></span> <span class='ocrx_word' id='word_1_168' title='bbox 1286 2277 1510 2347; x_wconf 83' lang='lat' dir='ltr'><strong>antiqui</strong></span> <span class='ocrx_word' id='word_1_169' title='bbox 1534 2275 1725 2331; x_wconf 72' lang='lat' dir='ltr'><strong>latina:</strong></span> <span class='ocrx_word' id='word_1_170' title='bbox 1749 2273 1957 2343; x_wconf 75' lang='lat' dir='ltr'><strong>lingua:</strong></span> <span class='ocrx_word' id='word_1_171' title='bbox 1971 2268 2093 2327; x_wconf 85' lang='lat' dir='ltr'><strong>cla-</strong></span> 
     </span>
    </p>
   </div>
   <div class='ocr_carea' id='block_1_24' title="bbox 387 2361 2096 2442">
    <p class='ocr_par' dir='ltr' id='par_1_24' title="bbox 387 2361 2096 2442">
     <span class='ocr_line' id='line_1_24' title="bbox 387 2361 2096 2442; baseline -0.009 -13"><span class='ocrx_word' id='word_1_172' title='bbox 387 2373 604 2430; x_wconf 88' lang='lat' dir='ltr'><strong>rissimi</strong></span> <span class='ocrx_word' id='word_1_173' title='bbox 653 2379 941 2431; x_wconf 88' lang='lat' dir='ltr'><strong>auctores,</strong></span> <span class='ocrx_word' id='word_1_174' title='bbox 973 2369 1158 2442; x_wconf 87' lang='lat' dir='ltr'><strong>gloria</strong></span> <span class='ocrx_word' id='word_1_175' title='bbox 1188 2372 1277 2425; x_wconf 91' lang='lat' dir='ltr'><strong>est</strong></span> <span class='ocrx_word' id='word_1_176' title='bbox 1307 2369 1583 2439; x_wconf 79' lang='lat' dir='ltr'><strong>frequens</strong></span> <span class='ocrx_word' id='word_1_177' title='bbox 1611 2365 1680 2419; x_wconf 89' lang='lat' dir='ltr'><strong>de</strong></span> <span class='ocrx_word' id='word_1_178' title='bbox 1710 2362 1906 2434; x_wconf 87' lang='lat' dir='ltr'><strong>aliquo</strong></span> <span class='ocrx_word' id='word_1_179' title='bbox 1940 2361 2096 2415; x_wconf 87' lang='lat' dir='ltr'><strong>fama</strong></span> 
     </span>
    </p>
   </div>
   <div class='ocr_carea' id='block_1_25' title="bbox 385 2448 2093 2527">
    <p class='ocr_par' dir='ltr' id='par_1_25' title="bbox 385 2448 2093 2527">
     <span class='ocr_line' id='line_1_25' title="bbox 385 2448 2093 2527; baseline -0.009 -9"><span class='ocrx_word' id='word_1_180' title='bbox 385 2479 519 2519; x_wconf 90' lang='lat' dir='ltr'><strong>cum</strong></span> <span class='ocrx_word' id='word_1_181' title='bbox 551 2462 741 2519; x_wconf 87' lang='lat' dir='ltr'><strong>laude.</strong></span> <span class='ocrx_word' id='word_1_182' title='bbox 768 2461 903 2527; x_wconf 66' lang='lat' dir='ltr'><strong>Quae</strong></span> <span class='ocrx_word' id='word_1_183' title='bbox 922 2476 1054 2516; x_wconf 88' lang='lat' dir='ltr'><strong>cum</strong></span> <span class='ocrx_word' id='word_1_184' title='bbox 1078 2463 1166 2515; x_wconf 91' lang='lat' dir='ltr'><strong>est</strong></span> <span class='ocrx_word' id='word_1_185' title='bbox 1197 2458 1256 2513; x_wconf 92' lang='lat' dir='ltr'><strong>in</strong></span> <span class='ocrx_word' id='word_1_186' title='bbox 1289 2459 1395 2513; x_wconf 91' lang='lat' dir='ltr'><strong>hoc</strong></span> <span class='ocrx_word' id='word_1_187' title='bbox 1429 2455 1647 2511; x_wconf 89' lang='lat' dir='ltr'><strong>mundo</strong></span> <span class='ocrx_word' id='word_1_188' title='bbox 1671 2454 1820 2509; x_wconf 89' lang='lat' dir='ltr'><strong>facta</strong></span> <span class='ocrx_word' id='word_1_189' title='bbox 1842 2451 1911 2505; x_wconf 91' lang='lat' dir='ltr'><strong>de</strong></span> <span class='ocrx_word' id='word_1_190' title='bbox 1932 2448 2093 2503; x_wconf 92' lang='lat' dir='ltr'><strong>Chri-</strong></span> 
     </span>
    </p>
   </div>
   <div class='ocr_carea' id='block_1_26' title="bbox 386 2540 2093 2620">
    <p class='ocr_par' dir='ltr' id='par_1_26' title="bbox 386 2540 2093 2620">
     <span class='ocr_line' id='line_1_26' title="bbox 386 2540 2093 2620; baseline -0.01 -11"><span class='ocrx_word' id='word_1_191' title='bbox 386 2559 498 2620; x_wconf 86' lang='lat' dir='ltr'><strong>sto,</strong></span> <span class='ocrx_word' id='word_1_192' title='bbox 519 2569 634 2609; x_wconf 91' lang='lat' dir='ltr'><strong>non</strong></span> <span class='ocrx_word' id='word_1_193' title='bbox 659 2552 886 2609; x_wconf 87' lang='lat' dir='ltr'><strong>Christo</strong></span> <span class='ocrx_word' id='word_1_194' title='bbox 908 2549 1194 2606; x_wconf 86' lang='lat' dir='ltr'><strong>credenda</strong></span> <span class='ocrx_word' id='word_1_195' title='bbox 1214 2555 1299 2604; x_wconf 89' lang='lat' dir='ltr'><strong>est</strong></span> <span class='ocrx_word' id='word_1_196' title='bbox 1330 2560 1607 2617; x_wconf 87' lang='lat' dir='ltr'><strong>magnum</strong></span> <span class='ocrx_word' id='word_1_197' title='bbox 1641 2540 1859 2612; x_wconf 89' lang='lat' dir='ltr'><strong>aliquid</strong></span> <span class='ocrx_word' id='word_1_198' title='bbox 1892 2543 2093 2595; x_wconf 89' lang='lat' dir='ltr'><strong>contu-</strong></span> 
     </span>
    </p>
   </div>
   <div class='ocr_carea' id='block_1_27' title="bbox 386 2628 2094 2715">
    <p class='ocr_par' dir='ltr' id='par_1_27' title="bbox 386 2628 2094 2715">
     <span class='ocr_line' id='line_1_27' title="bbox 386 2628 2094 2715; baseline -0.009 -18"><span class='ocrx_word' id='word_1_199' title='bbox 386 2642 547 2715; x_wconf 82' lang='lat' dir='ltr'><strong>lisse,</strong></span> <span class='ocrx_word' id='word_1_200' title='bbox 569 2643 671 2699; x_wconf 84' lang='lat' dir='ltr'><strong>sed</strong></span> <span class='ocrx_word' id='word_1_201' title='bbox 706 2641 947 2697; x_wconf 90' lang='lat' dir='ltr'><strong>mundo.</strong></span> <span class='ocrx_word' id='word_1_202' title='bbox 974 2644 1199 2695; x_wconf 86' lang='lat' dir='ltr'><strong>Bonum</strong></span> <span class='ocrx_word' id='word_1_203' title='bbox 1222 2637 1375 2694; x_wconf 91' lang='lat' dir='ltr'><strong>enim</strong></span> <span class='ocrx_word' id='word_1_204' title='bbox 1406 2636 1662 2702; x_wconf 77' lang='lat' dir='ltr'><strong>laudare,</strong></span> <span class='ocrx_word' id='word_1_205' title='bbox 1688 2648 1804 2687; x_wconf 90' lang='lat' dir='ltr'><strong>non</strong></span> <span class='ocrx_word' id='word_1_206' title='bbox 1835 2628 2094 2697; x_wconf 80' lang='lat' dir='ltr'><strong>laudato,</strong></span> 
     </span>
    </p>
   </div>
   <div class='ocr_carea' id='block_1_28' title="bbox 388 2729 1184 2800">
    <p class='ocr_par' dir='ltr' id='par_1_28' title="bbox 388 2729 1184 2800">
     <span class='ocr_line' id='line_1_28' title="bbox 388 2729 1184 2800; baseline -0.005 -13"><span class='ocrx_word' id='word_1_207' title='bbox 388 2732 487 2787; x_wconf 88' lang='lat' dir='ltr'><strong>sed</strong></span> <span class='ocrx_word' id='word_1_208' title='bbox 520 2730 900 2787; x_wconf 87' lang='lat' dir='ltr'><strong>laudantibus</strong></span> <span class='ocrx_word' id='word_1_209' title='bbox 932 2729 1184 2800; x_wconf 86' lang='lat' dir='ltr'><strong>prodest.</strong></span> 
     </span>
    </p>
   </div>
   <div class='ocr_carea' id='block_1_29' title="bbox 458 2809 2095 2888">
    <p class='ocr_par' dir='ltr' id='par_1_29' title="bbox 458 2809 2095 2888">
     <span class='ocr_line' id='line_1_29' title="bbox 458 2809 2095 2888; baseline -0.01 -10"><span class='ocrx_word' id='word_1_210' title='bbox 458 2826 511 2877; x_wconf 83' lang='lat'><strong>2.</strong></span> <span class='ocrx_word' id='word_1_211' title='bbox 546 2823 647 2878; x_wconf 85' lang='lat' dir='ltr'><strong>Est</strong></span> <span class='ocrx_word' id='word_1_212' title='bbox 675 2824 870 2876; x_wconf 89' lang='lat' dir='ltr'><strong>autem</strong></span> <span class='ocrx_word' id='word_1_213' title='bbox 902 2818 1079 2874; x_wconf 90' lang='lat' dir='ltr'><strong>etiam</strong></span> <span class='ocrx_word' id='word_1_214' title='bbox 1113 2816 1258 2873; x_wconf 87' lang='lat' dir='ltr'><strong>falsa</strong></span> <span class='ocrx_word' id='word_1_215' title='bbox 1288 2815 1494 2888; x_wconf 83' lang='lat' dir='ltr'><strong>gloria,</strong></span> <span class='ocrx_word' id='word_1_216' title='bbox 1524 2812 1759 2885; x_wconf 90' lang='lat' dir='ltr'><strong>quando</strong></span> <span class='ocrx_word' id='word_1_217' title='bbox 1791 2809 2095 2866; x_wconf 87' lang='lat' dir='ltr'><strong>laudantes</strong></span> 
     </span>
    </p>
   </div>
   <div class='ocr_carea' id='block_1_30' title="bbox 386 2898 2097 2979">
    <p class='ocr_par' dir='ltr' id='par_1_30' title="bbox 386 2898 2097 2979">
     <span class='ocr_line' id='line_1_30' title="bbox 386 2898 2097 2979; baseline -0.012 -7"><span class='ocrx_word' id='word_1_218' title='bbox 386 2928 579 2972; x_wconf 89' lang='lat' dir='ltr'><strong>errore</strong></span> <span class='ocrx_word' id='word_1_219' title='bbox 610 2910 913 2979; x_wconf 87' lang='lat' dir='ltr'><strong>falluntur,</strong></span> <span class='ocrx_word' id='word_1_220' title='bbox 936 2908 1055 2965; x_wconf 83' lang='lat' dir='ltr'><strong>sive</strong></span> <span class='ocrx_word' id='word_1_221' title='bbox 1080 2908 1137 2963; x_wconf 91' lang='lat' dir='ltr'><strong>in</strong></span> <span class='ocrx_word' id='word_1_222' title='bbox 1161 2908 1354 2975; x_wconf 88' lang='lat' dir='ltr'><strong>rebus,</strong></span> <span class='ocrx_word' id='word_1_223' title='bbox 1379 2904 1498 2961; x_wconf 90' lang='lat' dir='ltr'><strong>sive</strong></span> <span class='ocrx_word' id='word_1_224' title='bbox 1529 2906 1587 2961; x_wconf 91' lang='lat' dir='ltr'><strong>in</strong></span> <span class='ocrx_word' id='word_1_225' title='bbox 1621 2901 1982 2969; x_wconf 89' lang='lat' dir='ltr'><strong>hominibus,</strong></span> <span class='ocrx_word' id='word_1_226' title='bbox 2014 2898 2097 2956; x_wconf 88' lang='lat' dir='ltr'><strong>si-</strong></span> 
     </span>
    </p>
   </div>
   <div class='ocr_carea' id='block_1_31' title="bbox 385 2993 2097 3073">
    <p class='ocr_par' dir='ltr' id='par_1_31' title="bbox 385 2993 2097 3073">
     <span class='ocr_line' id='line_1_31' title="bbox 385 2993 2097 3073; baseline -0.009 -13"><span class='ocrx_word' id='word_1_227' title='bbox 385 3022 452 3061; x_wconf 92' lang='lat' dir='ltr'><strong>ve</strong></span> <span class='ocrx_word' id='word_1_228' title='bbox 473 3003 531 3059; x_wconf 92' lang='lat' dir='ltr'><strong>in</strong></span> <span class='ocrx_word' id='word_1_229' title='bbox 552 3002 995 3073; x_wconf 84' lang='lat' dir='ltr'><strong>utrisque.Nam</strong></span> <span class='ocrx_word' id='word_1_230' title='bbox 1019 2999 1079 3055; x_wconf 91' lang='lat' dir='ltr'><strong>in</strong></span> <span class='ocrx_word' id='word_1_231' title='bbox 1103 3000 1275 3054; x_wconf 84' lang='lat' dir='ltr'><strong>rebus</strong></span> <span class='ocrx_word' id='word_1_232' title='bbox 1306 2993 1857 3065; x_wconf 86' lang='lat' dir='ltr'><strong>falluntur,quando</strong></span> <span class='ocrx_word' id='word_1_233' title='bbox 1888 2993 2097 3063; x_wconf 89' lang='lat' dir='ltr'><strong>putant</strong></span> 
     </span>
    </p>
   </div>
   <div class='ocr_carea' id='block_1_32' title="bbox 384 3085 2092 3163">
    <p class='ocr_par' dir='ltr' id='par_1_32' title="bbox 384 3085 2092 3163">
     <span class='ocr_line' id='line_1_32' title="bbox 384 3085 2092 3163; baseline -0.009 -11"><span class='ocrx_word' id='word_1_234' title='bbox 384 3096 441 3151; x_wconf 91' lang='lat' dir='ltr'><strong>id</strong></span> <span class='ocrx_word' id='word_1_235' title='bbox 469 3099 687 3152; x_wconf 89' lang='lat' dir='ltr'><strong>bonum</strong></span> <span class='ocrx_word' id='word_1_236' title='bbox 711 3109 840 3149; x_wconf 88' lang='lat' dir='ltr'><strong>esse</strong></span> <span class='ocrx_word' id='word_1_237' title='bbox 861 3092 1013 3163; x_wconf 90' lang='lat' dir='ltr'><strong>quod</strong></span> <span class='ocrx_word' id='word_1_238' title='bbox 1039 3088 1259 3145; x_wconf 87' lang='lat' dir='ltr'><strong>malum</strong></span> <span class='ocrx_word' id='word_1_239' title='bbox 1285 3092 1373 3145; x_wconf 91' lang='lat' dir='ltr'><strong>est</strong></span> <span class='ocrx_word' id='word_1_240' title='bbox 1397 3103 1411 3143; x_wconf 87' lang='lat'>:</span> <span class='ocrx_word' id='word_1_241' title='bbox 1438 3087 1493 3143; x_wconf 92' lang='lat' dir='ltr'><strong>in</strong></span> <span class='ocrx_word' id='word_1_242' title='bbox 1520 3085 1853 3142; x_wconf 89' lang='lat' dir='ltr'><strong>hominibus</strong></span> <span class='ocrx_word' id='word_1_243' title='bbox 1884 3087 2092 3150; x_wconf 90' lang='lat' dir='ltr'><strong>autem,</strong></span> 
     </span>
    </p>
   </div>
   <div class='ocr_carea' id='block_1_33' title="bbox 388 3173 2093 3262">
    <p class='ocr_par' dir='ltr' id='par_1_33' title="bbox 388 3173 2093 3262">
     <span class='ocr_line' id='line_1_33' title="bbox 388 3173 2093 3262; baseline -0.01 -16"><span class='ocrx_word' id='word_1_244' title='bbox 388 3189 619 3262; x_wconf 88' lang='lat' dir='ltr'><strong>quando</strong></span> <span class='ocrx_word' id='word_1_245' title='bbox 669 3189 877 3258; x_wconf 90' lang='lat' dir='ltr'><strong>putant</strong></span> <span class='ocrx_word' id='word_1_246' title='bbox 906 3200 1040 3241; x_wconf 90' lang='lat' dir='ltr'><strong>eum</strong></span> <span class='ocrx_word' id='word_1_247' title='bbox 1085 3183 1301 3239; x_wconf 91' lang='lat' dir='ltr'><strong>bonum</strong></span> <span class='ocrx_word' id='word_1_248' title='bbox 1334 3196 1465 3237; x_wconf 90' lang='lat' dir='ltr'><strong>esse</strong></span> <span class='ocrx_word' id='word_1_249' title='bbox 1496 3178 1594 3251; x_wconf 89' lang='lat' dir='ltr'><strong>qui</strong></span> <span class='ocrx_word' id='word_1_250' title='bbox 1642 3177 1831 3232; x_wconf 83' lang='lat' dir='ltr'><strong>malus</strong></span> <span class='ocrx_word' id='word_1_251' title='bbox 1863 3178 1953 3230; x_wconf 85' lang='lat' dir='ltr'><strong>est</strong></span> <span class='ocrx_word' id='word_1_252' title='bbox 1985 3191 1998 3230; x_wconf 90' lang='lat'><strong>:</strong></span> <span class='ocrx_word' id='word_1_253' title='bbox 2034 3173 2093 3229; x_wconf 92' lang='lat' dir='ltr'><strong>in</strong></span> 
     </span>
    </p>
   </div>
   <div class='ocr_carea' id='block_1_34' title="bbox 387 3265 2097 3349">
    <p class='ocr_par' dir='ltr' id='par_1_34' title="bbox 387 3265 2097 3349">
     <span class='ocr_line' id='line_1_34' title="bbox 387 3265 2097 3349; baseline -0.009 -15"><span class='ocrx_word' id='word_1_254' title='bbox 387 3280 656 3349; x_wconf 90' lang='lat' dir='ltr'><strong>utrisque</strong></span> <span class='ocrx_word' id='word_1_255' title='bbox 676 3291 831 3343; x_wconf 89' lang='lat' dir='ltr'><strong>vero,</strong></span> <span class='ocrx_word' id='word_1_256' title='bbox 847 3274 1077 3345; x_wconf 87' lang='lat' dir='ltr'><strong>quando</strong></span> <span class='ocrx_word' id='word_1_257' title='bbox 1097 3278 1154 3328; x_wconf 88' lang='lat' dir='ltr'><strong>et</strong></span> <span class='ocrx_word' id='word_1_258' title='bbox 1174 3272 1232 3328; x_wconf 90' lang='lat' dir='ltr'><strong>id</strong></span> <span class='ocrx_word' id='word_1_259' title='bbox 1257 3270 1411 3342; x_wconf 89' lang='lat' dir='ltr'><strong>quod</strong></span> <span class='ocrx_word' id='word_1_260' title='bbox 1436 3274 1526 3325; x_wconf 88' lang='lat' dir='ltr'><strong>est</strong></span> <span class='ocrx_word' id='word_1_261' title='bbox 1548 3268 1773 3336; x_wconf 84' lang='lat' dir='ltr'><strong>vitium,</strong></span> <span class='ocrx_word' id='word_1_262' title='bbox 1791 3265 1972 3321; x_wconf 89' lang='lat' dir='ltr'><strong>virtus</strong></span> <span class='ocrx_word' id='word_1_263' title='bbox 1995 3280 2097 3336; x_wconf 83' lang='lat' dir='ltr'><strong>pu-</strong></span> 
     </span>
    </p>
   </div>
   <div class='ocr_carea' id='block_1_35' title="bbox 388 3355 2096 3438">
    <p class='ocr_par' dir='ltr' id='par_1_35' title="bbox 388 3355 2096 3438">
     <span class='ocr_line' id='line_1_35' title="bbox 388 3355 2096 3438; baseline -0.01 -13"><span class='ocrx_word' id='word_1_264' title='bbox 388 3376 537 3425; x_wconf 86' lang='lat' dir='ltr'><strong>tatur</strong></span> <span class='ocrx_word' id='word_1_265' title='bbox 570 3385 582 3424; x_wconf 93' lang='lat'><strong>:</strong></span> <span class='ocrx_word' id='word_1_266' title='bbox 616 3371 674 3423; x_wconf 91' lang='lat' dir='ltr'><strong>et</strong></span> <span class='ocrx_word' id='word_1_267' title='bbox 700 3367 825 3438; x_wconf 90' lang='lat' dir='ltr'><strong>ipse</strong></span> <span class='ocrx_word' id='word_1_268' title='bbox 854 3365 951 3435; x_wconf 91' lang='lat' dir='ltr'><strong>qui</strong></span> <span class='ocrx_word' id='word_1_269' title='bbox 1002 3366 1239 3436; x_wconf 89' lang='lat' dir='ltr'><strong>prepter</strong></span> <span class='ocrx_word' id='word_1_270' title='bbox 1280 3360 1392 3417; x_wconf 89' lang='lat' dir='ltr'><strong>hoc</strong></span> <span class='ocrx_word' id='word_1_271' title='bbox 1440 3358 1733 3422; x_wconf 90' lang='lat' dir='ltr'><strong>laudatur,</strong></span> <span class='ocrx_word' id='word_1_272' title='bbox 1763 3373 1877 3411; x_wconf 91' lang='lat' dir='ltr'><strong>non</strong></span> <span class='ocrx_word' id='word_1_273' title='bbox 1923 3355 2096 3410; x_wconf 87' lang='lat' dir='ltr'><strong>habet</strong></span> 
     </span>
    </p>
   </div>
   <div class='ocr_carea' id='block_1_36' title="bbox 385 3445 2095 3531">
    <p class='ocr_par' dir='ltr' id='par_1_36' title="bbox 385 3445 2095 3531">
     <span class='ocr_line' id='line_1_36' title="bbox 385 3445 2095 3531; baseline -0.008 -16"><span class='ocrx_word' id='word_1_274' title='bbox 385 3459 535 3531; x_wconf 90' lang='lat' dir='ltr'><strong>quod</strong></span> <span class='ocrx_word' id='word_1_275' title='bbox 584 3461 842 3529; x_wconf 87' lang='lat' dir='ltr'><strong>putatur,</strong></span> <span class='ocrx_word' id='word_1_276' title='bbox 878 3456 995 3511; x_wconf 78' lang='lat' dir='ltr'><strong>sive</strong></span> <span class='ocrx_word' id='word_1_277' title='bbox 1028 3455 1099 3509; x_wconf 88' lang='lat' dir='ltr'><strong>sit</strong></span> <span class='ocrx_word' id='word_1_278' title='bbox 1132 3454 1342 3521; x_wconf 90' lang='lat' dir='ltr'><strong>bonus,</strong></span> <span class='ocrx_word' id='word_1_279' title='bbox 1374 3451 1493 3507; x_wconf 89' lang='lat' dir='ltr'><strong>sive</strong></span> <span class='ocrx_word' id='word_1_280' title='bbox 1524 3449 1597 3504; x_wconf 91' lang='lat' dir='ltr'><strong>sit</strong></span> <span class='ocrx_word' id='word_1_281' title='bbox 1628 3446 1838 3503; x_wconf 90' lang='lat' dir='ltr'><strong>malus.</strong></span> <span class='ocrx_word' id='word_1_282' title='bbox 1872 3445 2095 3502; x_wconf 89' lang='lat' dir='ltr'><strong>Donare</strong></span> 
     </span>
    </p>
   </div>
   <div class='ocr_carea' id='block_1_37' title="bbox 386 3538 2093 3621">
    <p class='ocr_par' dir='ltr' id='par_1_37' title="bbox 386 3538 2093 3621">
     <span class='ocr_line' id='line_1_37' title="bbox 386 3538 2093 3621; baseline -0.008 -16"><span class='ocrx_word' id='word_1_283' title='bbox 386 3550 603 3621; x_wconf 85' lang='lat' dir='ltr'><strong>quippe</strong></span> <span class='ocrx_word' id='word_1_284' title='bbox 626 3563 717 3604; x_wconf 86' lang='lat' dir='ltr'><strong>res</strong></span> <span class='ocrx_word' id='word_1_285' title='bbox 740 3561 880 3602; x_wconf 84' lang='lat' dir='ltr'><strong>suas</strong></span> <span class='ocrx_word' id='word_1_286' title='bbox 903 3543 1309 3611; x_wconf 88' lang='lat' dir='ltr'><strong>histrionibus,</strong></span> <span class='ocrx_word' id='word_1_287' title='bbox 1332 3540 1543 3596; x_wconf 86' lang='lat' dir='ltr'><strong>vitium</strong></span> <span class='ocrx_word' id='word_1_288' title='bbox 1566 3542 1653 3594; x_wconf 90' lang='lat' dir='ltr'><strong>est</strong></span> <span class='ocrx_word' id='word_1_289' title='bbox 1676 3538 1953 3607; x_wconf 88' lang='lat' dir='ltr'><strong>immane,</strong></span> <span class='ocrx_word' id='word_1_290' title='bbox 1978 3550 2093 3591; x_wconf 90' lang='lat' dir='ltr'><strong>non</strong></span> 
     </span>
    </p>
   </div>
   <div class='ocr_carea' id='block_1_38' title="bbox 384 3627 2095 3702">
    <p class='ocr_par' dir='ltr' id='par_1_38' title="bbox 384 3627 2095 3702">
     <span class='ocr_line' id='line_1_38' title="bbox 384 3627 2095 3702; baseline -0.007 -9"><span class='ocrx_word' id='word_1_291' title='bbox 384 3639 570 3694; x_wconf 87' lang='lat' dir='ltr'><strong>virtus</strong></span> <span class='ocrx_word' id='word_1_292' title='bbox 604 3654 618 3693; x_wconf 88' lang='lat'>:</span> <span class='ocrx_word' id='word_1_293' title='bbox 651 3640 708 3693; x_wconf 90' lang='lat' dir='ltr'><strong>et</strong></span> <span class='ocrx_word' id='word_1_294' title='bbox 737 3635 901 3693; x_wconf 89' lang='lat' dir='ltr'><strong>scitis</strong></span> <span class='ocrx_word' id='word_1_295' title='bbox 932 3636 1003 3689; x_wconf 91' lang='lat' dir='ltr'><strong>de</strong></span> <span class='ocrx_word' id='word_1_296' title='bbox 1033 3632 1248 3689; x_wconf 83' lang='lat' dir='ltr'><strong>talibus</strong></span> <span class='ocrx_word' id='word_1_297' title='bbox 1280 3646 1457 3702; x_wconf 89' lang='lat' dir='ltr'><strong>quam</strong></span> <span class='ocrx_word' id='word_1_298' title='bbox 1505 3630 1581 3685; x_wconf 87' lang='lat' dir='ltr'><strong>sit</strong></span> <span class='ocrx_word' id='word_1_299' title='bbox 1619 3629 1893 3700; x_wconf 83' lang='lat' dir='ltr'><strong>frequens</strong></span> <span class='ocrx_word' id='word_1_300' title='bbox 1940 3627 2095 3682; x_wconf 88' lang='lat' dir='ltr'><strong>fama</strong></span> 
     </span>
    </p>
   </div>
   <div class='ocr_carea' id='block_1_39' title="bbox 386 3722 2095 3796">
    <p class='ocr_par' dir='ltr' id='par_1_39' title="bbox 386 3722 2095 3796">
     <span class='ocr_line' id='line_1_39' title="bbox 386 3722 2095 3796; baseline -0.006 -12"><span class='ocrx_word' id='word_1_301' title='bbox 386 3746 521 3785; x_wconf 91' lang='lat' dir='ltr'><strong>cum</strong></span> <span class='ocrx_word' id='word_1_302' title='bbox 550 3728 757 3794; x_wconf 84' lang='lat' dir='ltr'><strong>laude;</strong></span> <span class='ocrx_word' id='word_1_303' title='bbox 790 3725 947 3796; x_wconf 89' lang='lat' dir='ltr'><strong>quia,</strong></span> <span class='ocrx_word' id='word_1_304' title='bbox 973 3724 1122 3778; x_wconf 90' lang='lat' dir='ltr'><strong>sicut</strong></span> <span class='ocrx_word' id='word_1_305' title='bbox 1148 3722 1433 3793; x_wconf 89' lang='lat' dir='ltr'><strong>scriptum</strong></span> <span class='ocrx_word' id='word_1_306' title='bbox 1458 3724 1567 3789; x_wconf 89' lang='lat' dir='ltr'><strong>est,</strong></span> <span class='ocrx_word' id='word_1_307' title='bbox 1590 3722 1880 3776; x_wconf 81' lang='lat' dir='ltr'><strong>Laudatur</strong></span> <span class='ocrx_word' id='word_1_308' title='bbox 1906 3732 2095 3790; x_wconf 79' lang='lat' dir='ltr'><strong>pecca-</strong></span> 
     </span>
    </p>
   </div>
   <div class='ocr_carea' id='block_1_40' title="bbox 392 3806 2095 3883">
    <p class='ocr_par' dir='ltr' id='par_1_40' title="bbox 392 3806 2095 3883">
     <span class='ocr_line' id='line_1_40' title="bbox 392 3806 2095 3883; baseline -0.005 -12"><span class='ocrx_word' id='word_1_309' title='bbox 392 3825 476 3875; x_wconf 84' lang='lat' dir='ltr'><strong>tor</strong></span> <span class='ocrx_word' id='word_1_310' title='bbox 498 3819 557 3872; x_wconf 84' lang='lat' dir='ltr'><strong>in</strong></span> <span class='ocrx_word' id='word_1_311' title='bbox 576 3814 867 3871; x_wconf 78' lang='lat' dir='ltr'><strong>desideriis</strong></span> <span class='ocrx_word' id='word_1_312' title='bbox 896 3812 1103 3869; x_wconf 56' lang='lat' dir='ltr'><strong>animm</strong></span> <span class='ocrx_word' id='word_1_313' title='bbox 1122 3827 1257 3878; x_wconf 71' lang='lat' dir='ltr'><strong>suae,</strong></span> <span class='ocrx_word' id='word_1_314' title='bbox 1280 3820 1331 3867; x_wconf 86' lang='lat' dir='ltr'><strong>et</strong></span> <span class='ocrx_word' id='word_1_315' title='bbox 1352 3812 1446 3883; x_wconf 83' lang='lat' dir='ltr'><strong>qui</strong></span> <span class='ocrx_word' id='word_1_316' title='bbox 1467 3811 1661 3881; x_wconf 84' lang='lat' dir='ltr'><strong>iniqua</strong></span> <span class='ocrx_word' id='word_1_317' title='bbox 1684 3811 1845 3878; x_wconf 82' lang='lat' dir='ltr'><strong>gerit,</strong></span> <span class='ocrx_word' id='word_1_318' title='bbox 1874 3806 2095 3863; x_wconf 82' lang='lat' dir='ltr'><strong>benedi-</strong></span> 
     </span>
    </p>
   </div>
   <div class='ocr_carea' id='block_1_41' title="bbox 392 3896 2093 3975">
    <p class='ocr_par' dir='ltr' id='par_1_41' title="bbox 392 3896 2093 3975">
     <span class='ocr_line' id='line_1_41' title="bbox 392 3896 2093 3975; baseline -0.005 -14"><span class='ocrx_word' id='word_1_319' title='bbox 392 3909 538 3962; x_wconf 83' lang='lat' dir='ltr'><strong>citur</strong></span> <span class='ocrx_word' id='word_1_320' title='bbox 558 3904 728 3975; x_wconf 81' lang='lat' dir='ltr'><strong>(Psal.</strong></span> <span class='ocrx_word' id='word_1_321' title='bbox 756 3920 835 3973; x_wconf 66' lang='grc' dir='ltr'><strong>ιχ,</strong></span> <span class='ocrx_word' id='word_1_322' title='bbox 860 3902 936 3973; x_wconf 89' lang='grc'><strong>3).</strong></span> <span class='ocrx_word' id='word_1_323' title='bbox 961 3901 1062 3956; x_wconf 83' lang='lat' dir='ltr'><strong>llic</strong></span> <span class='ocrx_word' id='word_1_324' title='bbox 1096 3901 1425 3957; x_wconf 89' lang='lat' dir='ltr'><strong>laudatores</strong></span> <span class='ocrx_word' id='word_1_325' title='bbox 1458 3917 1572 3955; x_wconf 93' lang='lat' dir='ltr'><strong>non</strong></span> <span class='ocrx_word' id='word_1_326' title='bbox 1606 3899 1878 3955; x_wconf 87' lang='lat' dir='ltr'><strong>falluntur</strong></span> <span class='ocrx_word' id='word_1_327' title='bbox 1900 3898 1960 3953; x_wconf 89' lang='lat' dir='ltr'><strong>in</strong></span> <span class='ocrx_word' id='word_1_328' title='bbox 1988 3896 2093 3953; x_wconf 82' lang='lat' dir='ltr'><strong>ho-</strong></span> 
     </span>
    </p>
   </div>
   <div class='ocr_carea' id='block_1_42' title="bbox 393 3988 2094 4060">
    <p class='ocr_par' dir='ltr' id='par_1_42' title="bbox 393 3988 2094 4060">
     <span class='ocr_line' id='line_1_42' title="bbox 393 3988 2094 4060; baseline -0.006 -9"><span class='ocrx_word' id='word_1_329' title='bbox 393 3996 672 4060; x_wconf 89' lang='lat' dir='ltr'><strong>minibus,</strong></span> <span class='ocrx_word' id='word_1_330' title='bbox 697 3994 797 4048; x_wconf 90' lang='lat' dir='ltr'><strong>sed</strong></span> <span class='ocrx_word' id='word_1_331' title='bbox 820 3993 879 4046; x_wconf 91' lang='lat' dir='ltr'><strong>in</strong></span> <span class='ocrx_word' id='word_1_332' title='bbox 904 3992 1115 4046; x_wconf 88' lang='lat' dir='ltr'><strong>rebus:</strong></span> <span class='ocrx_word' id='word_1_333' title='bbox 1144 3989 1357 4045; x_wconf 88' lang='lat' dir='ltr'><strong>malum</strong></span> <span class='ocrx_word' id='word_1_334' title='bbox 1392 3994 1477 4044; x_wconf 89' lang='lat' dir='ltr'><strong>est</strong></span> <span class='ocrx_word' id='word_1_335' title='bbox 1507 3988 1661 4044; x_wconf 92' lang='lat' dir='ltr'><strong>enim</strong></span> <span class='ocrx_word' id='word_1_336' title='bbox 1694 3990 1842 4060; x_wconf 90' lang='lat' dir='ltr'><strong>quod</strong></span> <span class='ocrx_word' id='word_1_337' title='bbox 1875 3990 2094 4043; x_wconf 87' lang='lat' dir='ltr'><strong>bonum</strong></span> 
     </span>
    </p>
   </div>
   <div class='ocr_carea' id='block_1_43' title="bbox 392 4077 2100 4149">
    <p class='ocr_par' dir='ltr' id='par_1_43' title="bbox 392 4077 2100 4149">
     <span class='ocr_line' id='line_1_43' title="bbox 392 4077 2100 4149; baseline -0.006 -8"><span class='ocrx_word' id='word_1_338' title='bbox 392 4099 520 4141; x_wconf 87' lang='lat' dir='ltr'><strong>esse</strong></span> <span class='ocrx_word' id='word_1_339' title='bbox 543 4082 807 4139; x_wconf 89' lang='lat' dir='ltr'><strong>credunt.</strong></span> <span class='ocrx_word' id='word_1_340' title='bbox 832 4079 921 4135; x_wconf 86' lang='lat' dir='ltr'><strong>Illi</strong></span> <span class='ocrx_word' id='word_1_341' title='bbox 946 4087 1135 4135; x_wconf 90' lang='lat' dir='ltr'><strong>autem</strong></span> <span class='ocrx_word' id='word_1_342' title='bbox 1161 4079 1257 4149; x_wconf 89' lang='lat' dir='ltr'><strong>qui</strong></span> <span class='ocrx_word' id='word_1_343' title='bbox 1283 4078 1389 4134; x_wconf 90' lang='lat' dir='ltr'><strong>hoc</strong></span> <span class='ocrx_word' id='word_1_344' title='bbox 1414 4077 1566 4133; x_wconf 90' lang='lat' dir='ltr'><strong>malo</strong></span> <span class='ocrx_word' id='word_1_345' title='bbox 1590 4077 1914 4148; x_wconf 83' lang='lat' dir='ltr'><strong>largitionis</strong></span> <span class='ocrx_word' id='word_1_346' title='bbox 1940 4078 2100 4131; x_wconf 85' lang='lat' dir='ltr'><strong>vitio-</strong></span> 
     </span>
    </p>
   </div>
   <div class='ocr_carea' id='block_1_44' title="bbox 391 4166 2099 4242">
    <p class='ocr_par' dir='ltr' id='par_1_44' title="bbox 391 4166 2099 4242">
     <span class='ocr_line' id='line_1_44' title="bbox 391 4166 2099 4242; baseline -0.005 -11"><span class='ocrx_word' id='word_1_347' title='bbox 391 4176 439 4232; x_wconf 90' lang='lat' dir='ltr'><strong>si</strong></span> <span class='ocrx_word' id='word_1_348' title='bbox 474 4177 632 4242; x_wconf 88' lang='lat' dir='ltr'><strong>sunt,</strong></span> <span class='ocrx_word' id='word_1_349' title='bbox 663 4171 809 4229; x_wconf 83' lang='lat' dir='ltr'><strong>tales</strong></span> <span class='ocrx_word' id='word_1_350' title='bbox 842 4170 1043 4241; x_wconf 89' lang='lat' dir='ltr'><strong>utique</strong></span> <span class='ocrx_word' id='word_1_351' title='bbox 1075 4172 1232 4234; x_wconf 90' lang='lat' dir='ltr'><strong>sunt,</strong></span> <span class='ocrx_word' id='word_1_352' title='bbox 1267 4166 1468 4239; x_wconf 86' lang='lat' dir='ltr'><strong>quales</strong></span> <span class='ocrx_word' id='word_1_353' title='bbox 1499 4184 1595 4223; x_wconf 89' lang='lat' dir='ltr'><strong>eos</strong></span> <span class='ocrx_word' id='word_1_354' title='bbox 1626 4166 1683 4221; x_wconf 88' lang='lat' dir='ltr'><strong>hi</strong></span> <span class='ocrx_word' id='word_1_355' title='bbox 1718 4168 1819 4238; x_wconf 92' lang='lat' dir='ltr'><strong>qui</strong></span> <span class='ocrx_word' id='word_1_356' title='bbox 1856 4166 2099 4222; x_wconf 81' lang='lat' dir='ltr'><strong>laudant</strong></span> 
     </span>
    </p>
   </div>
   <div class='ocr_carea' id='block_1_45' title="bbox 392 4255 2093 4335">
    <p class='ocr_par' dir='ltr' id='par_1_45' title="bbox 392 4255 2093 4335">
     <span class='ocr_line' id='line_1_45' title="bbox 392 4255 2093 4335; baseline -0.008 -13"><span class='ocrx_word' id='word_1_357' title='bbox 392 4282 508 4322; x_wconf 93' lang='lat' dir='ltr'><strong>non</strong></span> <span class='ocrx_word' id='word_1_358' title='bbox 539 4263 916 4335; x_wconf 88' lang='lat' dir='ltr'><strong>suspicantur</strong></span> <span class='ocrx_word' id='word_1_359' title='bbox 946 4275 1093 4326; x_wconf 87' lang='lat' dir='ltr'><strong>esse,</strong></span> <span class='ocrx_word' id='word_1_360' title='bbox 1128 4258 1225 4313; x_wconf 86' lang='lat' dir='ltr'><strong>sed</strong></span> <span class='ocrx_word' id='word_1_361' title='bbox 1255 4265 1518 4315; x_wconf 89' lang='lat' dir='ltr'><strong>cernunt.</strong></span> <span class='ocrx_word' id='word_1_362' title='bbox 1554 4256 1728 4312; x_wconf 85' lang='lat' dir='ltr'><strong>Porro</strong></span> <span class='ocrx_word' id='word_1_363' title='bbox 1760 4257 1808 4312; x_wconf 89' lang='lat' dir='ltr'><strong>si</strong></span> <span class='ocrx_word' id='word_1_364' title='bbox 1841 4272 1902 4311; x_wconf 89' lang='lat' dir='ltr'><strong>se</strong></span> <span class='ocrx_word' id='word_1_365' title='bbox 1933 4255 2093 4327; x_wconf 89' lang='lat' dir='ltr'><strong>quis-</strong></span> 
     </span>
    </p>
   </div>
   <div class='ocr_carea' id='block_1_46' title="bbox 392 4344 2093 4427">
    <p class='ocr_par' dir='ltr' id='par_1_46' title="bbox 392 4344 2093 4427">
     <span class='ocr_line' id='line_1_46' title="bbox 392 4344 2093 4427; baseline -0.007 -16"><span class='ocrx_word' id='word_1_366' title='bbox 392 4370 569 4427; x_wconf 89' lang='lat' dir='ltr'><strong>quam</strong></span> <span class='ocrx_word' id='word_1_367' title='bbox 611 4354 839 4424; x_wconf 88' lang='lat' dir='ltr'><strong>justum</strong></span> <span class='ocrx_word' id='word_1_368' title='bbox 870 4351 1073 4422; x_wconf 83' lang='lat' dir='ltr'><strong>lingat,</strong></span> <span class='ocrx_word' id='word_1_369' title='bbox 1104 4357 1157 4404; x_wconf 90' lang='lat' dir='ltr'><strong>et</strong></span> <span class='ocrx_word' id='word_1_370' title='bbox 1191 4365 1302 4405; x_wconf 91' lang='lat' dir='ltr'><strong>non</strong></span> <span class='ocrx_word' id='word_1_371' title='bbox 1338 4347 1435 4416; x_wconf 88' lang='lat' dir='ltr'><strong>sit,</strong></span> <span class='ocrx_word' id='word_1_372' title='bbox 1469 4346 1569 4403; x_wconf 92' lang='lat' dir='ltr'><strong>sed</strong></span> <span class='ocrx_word' id='word_1_373' title='bbox 1604 4350 1781 4401; x_wconf 88' lang='lat' dir='ltr'><strong>totum</strong></span> <span class='ocrx_word' id='word_1_374' title='bbox 1816 4344 2093 4416; x_wconf 87' lang='lat' dir='ltr'><strong>quidquid</strong></span> 
     </span>
    </p>
   </div>
   <div class='ocr_carea' id='block_1_47' title="bbox 391 4436 2094 4509">
    <p class='ocr_par' dir='ltr' id='par_1_47' title="bbox 391 4436 2094 4509">
     <span class='ocr_line' id='line_1_47' title="bbox 391 4436 2094 4509; baseline -0.006 -7"><span class='ocrx_word' id='word_1_375' title='bbox 391 4461 587 4501; x_wconf 89' lang='lat' dir='ltr'><strong>coram</strong></span> <span class='ocrx_word' id='word_1_376' title='bbox 608 4442 946 4499; x_wconf 88' lang='lat' dir='ltr'><strong>hominibus</strong></span> <span class='ocrx_word' id='word_1_377' title='bbox 969 4438 1342 4496; x_wconf 87' lang='lat' dir='ltr'><strong>laudabiliter</strong></span> <span class='ocrx_word' id='word_1_378' title='bbox 1362 4453 1531 4509; x_wconf 87' lang='lat' dir='ltr'><strong>agere</strong></span> <span class='ocrx_word' id='word_1_379' title='bbox 1553 4436 1799 4504; x_wconf 90' lang='lat' dir='ltr'><strong>videtur,</strong></span> <span class='ocrx_word' id='word_1_380' title='bbox 1822 4453 1935 4491; x_wconf 90' lang='lat' dir='ltr'><strong>non</strong></span> <span class='ocrx_word' id='word_1_381' title='bbox 1961 4439 2094 4507; x_wconf 83' lang='lat' dir='ltr'><strong>agat</strong></span> 
     </span>
    </p>
   </div>
   <div class='ocr_carea' id='block_1_48' title="bbox 390 4524 2094 4608">
    <p class='ocr_par' dir='ltr' id='par_1_48' title="bbox 390 4524 2094 4608">
     <span class='ocr_line' id='line_1_48' title="bbox 390 4524 2094 4608; baseline -0.006 -18"><span class='ocrx_word' id='word_1_382' title='bbox 390 4543 624 4608; x_wconf 84' lang='lat' dir='ltr'><strong>propter</strong></span> <span class='ocrx_word' id='word_1_383' title='bbox 653 4534 857 4597; x_wconf 91' lang='lat' dir='ltr'><strong>Deum,</strong></span> <span class='ocrx_word' id='word_1_384' title='bbox 892 4532 997 4586; x_wconf 89' lang='lat' dir='ltr'><strong>hoc</strong></span> <span class='ocrx_word' id='word_1_385' title='bbox 1029 4537 1109 4586; x_wconf 92' lang='lat' dir='ltr'><strong>est</strong></span> <span class='ocrx_word' id='word_1_386' title='bbox 1144 4534 1377 4601; x_wconf 89' lang='lat' dir='ltr'><strong>propter</strong></span> <span class='ocrx_word' id='word_1_387' title='bbox 1404 4543 1598 4583; x_wconf 89' lang='lat' dir='ltr'><strong>veram</strong></span> <span class='ocrx_word' id='word_1_388' title='bbox 1643 4526 1957 4596; x_wconf 88' lang='lat' dir='ltr'><strong>justitiam,</strong></span> <span class='ocrx_word' id='word_1_389' title='bbox 1990 4524 2094 4580; x_wconf 89' lang='lat' dir='ltr'><strong>sed</strong></span> 
     </span>
    </p>
   </div>
   <div class='ocr_carea' id='block_1_49' title="bbox 390 4614 2092 4695">
    <p class='ocr_par' dir='ltr' id='par_1_49' title="bbox 390 4614 2092 4695">
     <span class='ocr_line' id='line_1_49' title="bbox 390 4614 2092 4695; baseline -0.006 -15"><span class='ocrx_word' id='word_1_390' title='bbox 390 4624 575 4680; x_wconf 90' lang='lat' dir='ltr'><strong>solam</strong></span> <span class='ocrx_word' id='word_1_391' title='bbox 610 4627 825 4695; x_wconf 69' lang='lat' dir='ltr'><strong>quaerat</strong></span> <span class='ocrx_word' id='word_1_392' title='bbox 853 4626 909 4676; x_wconf 91' lang='lat' dir='ltr'><strong>et</strong></span> <span class='ocrx_word' id='word_1_393' title='bbox 938 4619 1142 4692; x_wconf 86' lang='lat' dir='ltr'><strong>diligat</strong></span> <span class='ocrx_word' id='word_1_394' title='bbox 1181 4619 1251 4673; x_wconf 92' lang='lat' dir='ltr'><strong>ab</strong></span> <span class='ocrx_word' id='word_1_395' title='bbox 1307 4617 1637 4673; x_wconf 90' lang='lat' dir='ltr'><strong>hominibus</strong></span> <span class='ocrx_word' id='word_1_396' title='bbox 1692 4616 1973 4688; x_wconf 89' lang='lat' dir='ltr'><strong>gloriam:</strong></span> <span class='ocrx_word' id='word_1_397' title='bbox 2010 4614 2092 4669; x_wconf 89' lang='lat' dir='ltr'><strong>illi</strong></span> 
     </span>
    </p>
   </div>
   <div class='ocr_carea' id='block_1_50' title="bbox 389 4704 2090 4781">
    <p class='ocr_par' dir='ltr' id='par_1_50' title="bbox 389 4704 2090 4781">
     <span class='ocr_line' id='line_1_50' title="bbox 389 4704 2090 4781; baseline -0.005 -14"><span class='ocrx_word' id='word_1_398' title='bbox 389 4715 577 4767; x_wconf 87' lang='lat' dir='ltr'><strong>autem</strong></span> <span class='ocrx_word' id='word_1_399' title='bbox 611 4711 765 4781; x_wconf 89' lang='lat' dir='ltr'><strong>apud</strong></span> <span class='ocrx_word' id='word_1_400' title='bbox 797 4725 943 4780; x_wconf 90' lang='lat' dir='ltr'><strong>quos</strong></span> <span class='ocrx_word' id='word_1_401' title='bbox 975 4709 1249 4779; x_wconf 89' lang='lat' dir='ltr'><strong>frequens</strong></span> <span class='ocrx_word' id='word_1_402' title='bbox 1277 4710 1367 4761; x_wconf 91' lang='lat' dir='ltr'><strong>est</strong></span> <span class='ocrx_word' id='word_1_403' title='bbox 1396 4706 1522 4777; x_wconf 87' lang='lat' dir='ltr'><strong>ejus</strong></span> <span class='ocrx_word' id='word_1_404' title='bbox 1553 4706 1708 4761; x_wconf 88' lang='lat' dir='ltr'><strong>fama</strong></span> <span class='ocrx_word' id='word_1_405' title='bbox 1733 4722 1865 4760; x_wconf 91' lang='lat' dir='ltr'><strong>cum</strong></span> <span class='ocrx_word' id='word_1_406' title='bbox 1899 4704 2090 4772; x_wconf 89' lang='lat' dir='ltr'><strong>laude,</strong></span> 
     </span>
    </p>
   </div>
   <div class='ocr_carea' id='block_1_51' title="bbox 392 4794 2091 4870">
    <p class='ocr_par' dir='ltr' id='par_1_51' title="bbox 392 4794 2091 4870">
     <span class='ocr_line' id='line_1_51' title="bbox 392 4794 2091 4870; baseline -0.005 -15"><span class='ocrx_word' id='word_1_407' title='bbox 392 4815 509 4857; x_wconf 91' lang='lat' dir='ltr'><strong>non</strong></span> <span class='ocrx_word' id='word_1_408' title='bbox 529 4815 661 4855; x_wconf 90' lang='lat' dir='ltr'><strong>eum</strong></span> <span class='ocrx_word' id='word_1_409' title='bbox 697 4802 899 4870; x_wconf 88' lang='lat' dir='ltr'><strong>putent</strong></span> <span class='ocrx_word' id='word_1_410' title='bbox 928 4796 1041 4853; x_wconf 90' lang='lat' dir='ltr'><strong>nisi</strong></span> <span class='ocrx_word' id='word_1_411' title='bbox 1072 4802 1304 4866; x_wconf 87' lang='lat' dir='ltr'><strong>propter</strong></span> <span class='ocrx_word' id='word_1_412' title='bbox 1335 4795 1518 4850; x_wconf 92' lang='lat' dir='ltr'><strong>Deum</strong></span> <span class='ocrx_word' id='word_1_413' title='bbox 1548 4794 1919 4850; x_wconf 79' lang='lat' dir='ltr'><strong>laudabiliter</strong></span> <span class='ocrx_word' id='word_1_414' title='bbox 1940 4794 2091 4847; x_wconf 82' lang='lat' dir='ltr'><strong>vive-</strong></span> 
     </span>
    </p>
   </div>
   <div class='ocr_carea' id='block_1_52' title="bbox 389 4882 2090 4957">
    <p class='ocr_par' dir='ltr' id='par_1_52' title="bbox 389 4882 2090 4957">
     <span class='ocr_line' id='line_1_52' title="bbox 389 4882 2090 4957; baseline -0.006 -10"><span class='ocrx_word' id='word_1_415' title='bbox 389 4906 469 4957; x_wconf 89' lang='lat' dir='ltr'><strong>re,</strong></span> <span class='ocrx_word' id='word_1_416' title='bbox 494 4905 607 4947; x_wconf 90' lang='lat' dir='ltr'><strong>non</strong></span> <span class='ocrx_word' id='word_1_417' title='bbox 632 4887 912 4942; x_wconf 85' lang='lat' dir='ltr'><strong>falluntur</strong></span> <span class='ocrx_word' id='word_1_418' title='bbox 933 4886 992 4942; x_wconf 91' lang='lat' dir='ltr'><strong>in</strong></span> <span class='ocrx_word' id='word_1_419' title='bbox 1016 4894 1096 4952; x_wconf 89' lang='lat' dir='ltr'><strong>re’,</strong></span> <span class='ocrx_word' id='word_1_420' title='bbox 1122 4885 1222 4940; x_wconf 89' lang='lat' dir='ltr'><strong>sed</strong></span> <span class='ocrx_word' id='word_1_421' title='bbox 1248 4884 1525 4940; x_wconf 86' lang='lat' dir='ltr'><strong>falluntur</strong></span> <span class='ocrx_word' id='word_1_422' title='bbox 1556 4884 1614 4938; x_wconf 90' lang='lat' dir='ltr'><strong>in</strong></span> <span class='ocrx_word' id='word_1_423' title='bbox 1646 4883 1903 4939; x_wconf 89' lang='lat' dir='ltr'><strong>homine.</strong></span> <span class='ocrx_word' id='word_1_424' title='bbox 1929 4882 2090 4945; x_wconf 89' lang='lat' dir='ltr'><strong>Quod</strong></span> 
     </span>
    </p>
   </div>
   <div class='ocr_carea' id='block_1_53' title="bbox 389 4971 2092 5043">
    <p class='ocr_par' dir='ltr' id='par_1_53' title="bbox 389 4971 2092 5043">
     <span class='ocr_line' id='line_1_53' title="bbox 389 4971 2092 5043; baseline -0.007 -6"><span class='ocrx_word' id='word_1_425' title='bbox 389 4981 546 5037; x_wconf 90' lang='lat' dir='ltr'><strong>enim</strong></span> <span class='ocrx_word' id='word_1_426' title='bbox 578 4978 795 5034; x_wconf 89' lang='lat' dir='ltr'><strong>bonum</strong></span> <span class='ocrx_word' id='word_1_427' title='bbox 818 4991 947 5033; x_wconf 87' lang='lat' dir='ltr'><strong>esse</strong></span> <span class='ocrx_word' id='word_1_428' title='bbox 967 4974 1231 5041; x_wconf 89' lang='lat' dir='ltr'><strong>credunt,</strong></span> <span class='ocrx_word' id='word_1_429' title='bbox 1254 4977 1343 5029; x_wconf 88' lang='lat' dir='ltr'><strong>est</strong></span> <span class='ocrx_word' id='word_1_430' title='bbox 1374 4973 1587 5028; x_wconf 90' lang='lat' dir='ltr'><strong>bonum</strong></span> <span class='ocrx_word' id='word_1_431' title='bbox 1614 4990 1626 5039; x_wconf 90' lang='lat'>;</span> <span class='ocrx_word' id='word_1_432' title='bbox 1660 4972 1762 5026; x_wconf 89' lang='lat' dir='ltr'><strong>sed</strong></span> <span class='ocrx_word' id='word_1_433' title='bbox 1785 4987 1957 5043; x_wconf 89' lang='lat' dir='ltr'><strong>quem</strong></span> <span class='ocrx_word' id='word_1_434' title='bbox 1985 4971 2092 5026; x_wconf 90' lang='lat' dir='ltr'><strong>bo-</strong></span> 
     </span>
    </p>
   </div>
   <div class='ocr_carea' id='block_1_54' title="bbox 390 5061 2089 5131">
    <p class='ocr_par' dir='ltr' id='par_1_54' title="bbox 390 5061 2089 5131">
     <span class='ocr_line' id='line_1_54' title="bbox 390 5061 2089 5131; baseline -0.008 -2"><span class='ocrx_word' id='word_1_435' title='bbox 390 5088 533 5129; x_wconf 90' lang='lat' dir='ltr'><strong>num</strong></span> <span class='ocrx_word' id='word_1_436' title='bbox 582 5085 704 5128; x_wconf 88' lang='lat' dir='ltr'><strong>esse</strong></span> <span class='ocrx_word' id='word_1_437' title='bbox 750 5066 1015 5131; x_wconf 88' lang='lat' dir='ltr'><strong>credunt,</strong></span> <span class='ocrx_word' id='word_1_438' title='bbox 1051 5082 1161 5120; x_wconf 89' lang='lat' dir='ltr'><strong>non</strong></span> <span class='ocrx_word' id='word_1_439' title='bbox 1200 5069 1290 5119; x_wconf 86' lang='lat' dir='ltr'><strong>est</strong></span> <span class='ocrx_word' id='word_1_440' title='bbox 1321 5062 1527 5119; x_wconf 83' lang='lat' dir='ltr'><strong>bonus.</strong></span> <span class='ocrx_word' id='word_1_441' title='bbox 1563 5062 1723 5127; x_wconf 87' lang='lat' dir='ltr'><strong>Quod</strong></span> <span class='ocrx_word' id='word_1_442' title='bbox 1757 5061 1803 5116; x_wconf 87' lang='lat' dir='ltr'><strong>si</strong></span> <span class='ocrx_word' id='word_1_443' title='bbox 1836 5065 2089 5131; x_wconf 89' lang='lat' dir='ltr'><strong>putetur,</strong></span> 
     </span>
    </p>
   </div>
   <div class='ocr_carea' id='block_1_55' title="bbox 389 5151 2089 5233">
    <p class='ocr_par' dir='ltr' id='par_1_55' title="bbox 389 5151 2089 5233">
     <span class='ocr_line' id='line_1_55' title="bbox 389 5151 2089 5233; baseline -0.006 -16"><span class='ocrx_word' id='word_1_444' title='bbox 389 5161 544 5218; x_wconf 77' lang='lat' dir='ltr'><strong>verbi</strong></span> <span class='ocrx_word' id='word_1_445' title='bbox 568 5159 775 5233; x_wconf 90' lang='lat' dir='ltr'><strong>gratia,</strong></span> <span class='ocrx_word' id='word_1_446' title='bbox 792 5158 1008 5213; x_wconf 91' lang='lat' dir='ltr'><strong>bonum</strong></span> <span class='ocrx_word' id='word_1_447' title='bbox 1030 5156 1243 5210; x_wconf 88' lang='lat' dir='ltr'><strong>artium</strong></span> <span class='ocrx_word' id='word_1_448' title='bbox 1266 5152 1471 5226; x_wconf 84' lang='lat' dir='ltr'><strong>peritia</strong></span> <span class='ocrx_word' id='word_1_449' title='bbox 1486 5152 1867 5224; x_wconf 89' lang='lat' dir='ltr'><strong>magioarum,</strong></span> <span class='ocrx_word' id='word_1_450' title='bbox 1884 5151 2089 5207; x_wconf 88' lang='lat' dir='ltr'><strong>etdum</strong></span> 
     </span>
    </p>
   </div>
   <div class='ocr_carea' id='block_1_56' title="bbox 390 5241 2092 5323">
    <p class='ocr_par' dir='ltr' id='par_1_56' title="bbox 390 5241 2092 5323">
     <span class='ocr_line' id='line_1_56' title="bbox 390 5241 2092 5323; baseline -0.005 -17"><span class='ocrx_word' id='word_1_451' title='bbox 390 5252 637 5323; x_wconf 86' lang='lat' dir='ltr'><strong>quisque</strong></span> <span class='ocrx_word' id='word_1_452' title='bbox 668 5249 916 5321; x_wconf 88' lang='lat' dir='ltr'><strong>patriam</strong></span> <span class='ocrx_word' id='word_1_453' title='bbox 939 5245 1213 5303; x_wconf 91' lang='lat' dir='ltr'><strong>liberasse</strong></span> <span class='ocrx_word' id='word_1_454' title='bbox 1234 5244 1451 5301; x_wconf 86' lang='lat' dir='ltr'><strong>eisdem</strong></span> <span class='ocrx_word' id='word_1_455' title='bbox 1478 5258 1622 5316; x_wconf 88' lang='lat' dir='ltr'><strong>quas</strong></span> <span class='ocrx_word' id='word_1_456' title='bbox 1645 5242 1883 5298; x_wconf 89' lang='lat' dir='ltr'><strong>omnino</strong></span> <span class='ocrx_word' id='word_1_457' title='bbox 1906 5241 2092 5297; x_wconf 88' lang='lat' dir='ltr'><strong>nescit</strong></span> 
     </span>
    </p>
   </div>
   <div class='ocr_carea' id='block_1_57' title="bbox 391 5332 2089 5409">
    <p class='ocr_par' dir='ltr' id='par_1_57' title="bbox 391 5332 2089 5409">
     <span class='ocr_line' id='line_1_57' title="bbox 391 5332 2089 5409; baseline -0.006 -13"><span class='ocrx_word' id='word_1_458' title='bbox 391 5340 613 5396; x_wconf 88' lang='lat' dir='ltr'><strong>artibus</strong></span> <span class='ocrx_word' id='word_1_459' title='bbox 644 5340 920 5409; x_wconf 89' lang='lat' dir='ltr'><strong>creditur,</strong></span> <span class='ocrx_word' id='word_1_460' title='bbox 946 5336 1303 5408; x_wconf 86' lang='lat' dir='ltr'><strong>frequentem</strong></span> <span class='ocrx_word' id='word_1_461' title='bbox 1328 5350 1460 5390; x_wconf 91' lang='lat' dir='ltr'><strong>cum</strong></span> <span class='ocrx_word' id='word_1_462' title='bbox 1496 5333 1666 5389; x_wconf 89' lang='lat' dir='ltr'><strong>laude</strong></span> <span class='ocrx_word' id='word_1_463' title='bbox 1698 5332 1933 5400; x_wconf 90' lang='lat' dir='ltr'><strong>famam,</strong></span> <span class='ocrx_word' id='word_1_464' title='bbox 1958 5346 2089 5403; x_wconf 63' lang='lat' dir='ltr'><strong>quas</strong></span> 
     </span>
    </p>
   </div>
   <div class='ocr_carea' id='block_1_58' title="bbox 391 5424 2086 5499">
    <p class='ocr_par' dir='ltr' id='par_1_58' title="bbox 391 5424 2086 5499">
     <span class='ocr_line' id='line_1_58' title="bbox 391 5424 2086 5499; baseline -0.004 -17"><span class='ocrx_word' id='word_1_465' title='bbox 391 5428 575 5499; x_wconf 81' lang='lat' dir='ltr'><strong>gloria</strong></span> <span class='ocrx_word' id='word_1_466' title='bbox 595 5429 831 5485; x_wconf 84' lang='lat' dir='ltr'><strong>definita</strong></span> <span class='ocrx_word' id='word_1_467' title='bbox 851 5432 961 5494; x_wconf 88' lang='lat' dir='ltr'><strong>est,</strong></span> <span class='ocrx_word' id='word_1_468' title='bbox 976 5428 1127 5498; x_wconf 85' lang='lat' dir='ltr'><strong>apud</strong></span> <span class='ocrx_word' id='word_1_469' title='bbox 1154 5426 1417 5484; x_wconf 86' lang='lat' dir='ltr'><strong>homines</strong></span> <span class='ocrx_word' id='word_1_470' title='bbox 1441 5424 1649 5496; x_wconf 91' lang='lat' dir='ltr'><strong>impios</strong></span> <span class='ocrx_word' id='word_1_471' title='bbox 1672 5426 2086 5493; x_wconf 85' lang='lat' dir='ltr'><strong>consequatur;</strong></span> 
     </span>
    </p>
   </div>
   <div class='ocr_carea' id='block_1_59' title="bbox 428 5558 2092 5678">
    <p class='ocr_par' dir='ltr' id='par_1_59' title="bbox 428 5558 2092 5678">
     <span class='ocr_line' id='line_1_59' title="bbox 428 5558 2092 5678; baseline -0.006 -62"><span class='ocrx_word' id='word_1_472' title='bbox 428 5564 735 5678; x_wconf 49' lang='grc' dir='ltr'><strong>(ἑτεροειιοοτ</strong></span> <span class='ocrx_word' id='word_1_473' title='bbox 756 5562 899 5627; x_wconf 65' lang='grc' dir='ltr'><strong>Μαι..</strong></span> <span class='ocrx_word' id='word_1_474' title='bbox 933 5563 1053 5627; x_wconf 81' lang='lat' dir='ltr'><strong>quia</strong></span> <span class='ocrx_word' id='word_1_475' title='bbox 1091 5576 1185 5626; x_wconf 81' lang='lat' dir='ltr'><strong>per</strong></span> <span class='ocrx_word' id='word_1_476' title='bbox 1216 5562 1382 5626; x_wconf 83' lang='lat' dir='ltr'><strong>ipsum</strong></span> <span class='ocrx_word' id='word_1_477' title='bbox 1414 5560 1671 5613; x_wconf 81' lang='lat' dir='ltr'><strong>charitate</strong></span> <span class='ocrx_word' id='word_1_478' title='bbox 1699 5574 1761 5609; x_wconf 88' lang='lat' dir='ltr'><strong>ao</strong></span> <span class='ocrx_word' id='word_1_479' title='bbox 1790 5558 1984 5622; x_wconf 78' lang='lat' dir='ltr'><strong>ﬁducia</strong></span> <span class='ocrx_word' id='word_1_480' title='bbox 2012 5572 2092 5607; x_wconf 85' lang='lat' dir='ltr'><strong>re-</strong></span> 
     </span>
    </p>
   </div>
   <div class='ocr_carea' id='block_1_60' title="bbox 386 5642 541 5693">
    <p class='ocr_par' dir='ltr' id='par_1_60' title="bbox 386 5642 541 5693">
     <span class='ocr_line' id='line_1_60' title="bbox 386 5642 541 5693; baseline -0.006 -17"><span class='ocrx_word' id='word_1_481' title='bbox 386 5642 541 5693; x_wconf 74' lang='lat' dir='ltr'><strong>preti.</strong></span> 
     </span>
    </p>
   </div>
   <div class='ocr_carea' id='block_1_61' title="bbox 1324 246 2939 321">
    <p class='ocr_par' dir='ltr' id='par_1_61' title="bbox 1324 246 2939 321">
     <span class='ocr_line' id='line_1_61' title="bbox 1324 246 2939 321; baseline -0.007 -2"><span class='ocrx_word' id='word_1_482' title='bbox 1324 258 1403 319; x_wconf 84' lang='grc' dir='ltr'><strong>ΙΝ</strong></span> <span class='ocrx_word' id='word_1_483' title='bbox 1446 254 1775 319; x_wconf 77' lang='lat' dir='ltr'><strong>JOANNIS</strong></span> <span class='ocrx_word' id='word_1_484' title='bbox 1821 246 2353 321; x_wconf 79' lang='lat' dir='ltr'><strong>EVANGELIUM,</strong></span> <span class='ocrx_word' id='word_1_485' title='bbox 2402 248 2465 309; x_wconf 92' lang='lat' dir='ltr'><strong>S.</strong></span> <span class='ocrx_word' id='word_1_486' title='bbox 2513 248 2939 313; x_wconf 80' lang='lat' dir='ltr'><strong>AUGUSTINI</strong></span> 
     </span>
    </p>
   </div>
   <div class='ocr_carea' id='block_1_62' title="bbox 3745 247 3898 307">
    <p class='ocr_par' dir='ltr' id='par_1_62' title="bbox 3745 247 3898 307">
     <span class='ocr_line' id='line_1_62' title="bbox 3745 247 3898 307; baseline 0 -1"><span class='ocrx_word' id='word_1_487' title='bbox 3745 247 3898 307; x_wconf 71' lang='lat'><strong>1892</strong></span> 
     </span>
    </p>
   </div>
   <div class='ocr_carea' id='block_1_63' title="bbox 2197 379 3902 455">
    <p class='ocr_par' dir='ltr' id='par_1_63' title="bbox 2197 379 3902 455">
     <span class='ocr_line' id='line_1_63' title="bbox 2197 379 3902 455; baseline -0.002 -16"><span class='ocrx_word' id='word_1_488' title='bbox 2197 386 2391 439; x_wconf 86' lang='lat' dir='ltr'><strong>errant</strong></span> <span class='ocrx_word' id='word_1_489' title='bbox 2422 383 2479 439; x_wconf 91' lang='lat' dir='ltr'><strong>in</strong></span> <span class='ocrx_word' id='word_1_490' title='bbox 2514 388 2759 455; x_wconf 89' lang='lat' dir='ltr'><strong>utroque</strong></span> <span class='ocrx_word' id='word_1_491' title='bbox 2790 384 2890 455; x_wconf 89' lang='lat' dir='ltr'><strong>qui</strong></span> <span class='ocrx_word' id='word_1_492' title='bbox 2920 382 3161 438; x_wconf 86' lang='lat' dir='ltr'><strong>laudant</strong></span> <span class='ocrx_word' id='word_1_493' title='bbox 3193 383 3285 438; x_wconf 88' lang='lat' dir='ltr'><strong>:et</strong></span> <span class='ocrx_word' id='word_1_494' title='bbox 3316 379 3375 436; x_wconf 91' lang='lat' dir='ltr'><strong>in</strong></span> <span class='ocrx_word' id='word_1_495' title='bbox 3406 396 3467 437; x_wconf 90' lang='lat' dir='ltr'><strong>re</strong></span> <span class='ocrx_word' id='word_1_496' title='bbox 3496 379 3737 447; x_wconf 88' lang='lat' dir='ltr'><strong>scilicet,</strong></span> <span class='ocrx_word' id='word_1_497' title='bbox 3762 379 3902 452; x_wconf 91' lang='lat' dir='ltr'><strong>quia</strong></span> 
     </span>
    </p>
   </div>
   <div class='ocr_carea' id='block_1_64' title="bbox 2197 470 3905 545">
    <p class='ocr_par' dir='ltr' id='par_1_64' title="bbox 2197 470 3905 545">
     <span class='ocr_line' id='line_1_64' title="bbox 2197 470 3905 545; baseline -0.001 -18"><span class='ocrx_word' id='word_1_498' title='bbox 2197 472 2254 527; x_wconf 92' lang='lat' dir='ltr'><strong>id</strong></span> <span class='ocrx_word' id='word_1_499' title='bbox 2279 473 2431 545; x_wconf 91' lang='lat' dir='ltr'><strong>quod</strong></span> <span class='ocrx_word' id='word_1_500' title='bbox 2455 474 2668 530; x_wconf 89' lang='lat' dir='ltr'><strong>malum</strong></span> <span class='ocrx_word' id='word_1_501' title='bbox 2691 478 2799 541; x_wconf 88' lang='lat' dir='ltr'><strong>est,</strong></span> <span class='ocrx_word' id='word_1_502' title='bbox 2825 472 3041 528; x_wconf 91' lang='lat' dir='ltr'><strong>bonum</strong></span> <span class='ocrx_word' id='word_1_503' title='bbox 3068 474 3308 544; x_wconf 88' lang='lat' dir='ltr'><strong>putant;</strong></span> <span class='ocrx_word' id='word_1_504' title='bbox 3332 475 3383 527; x_wconf 91' lang='lat' dir='ltr'><strong>et</strong></span> <span class='ocrx_word' id='word_1_505' title='bbox 3409 470 3468 525; x_wconf 88' lang='lat' dir='ltr'><strong>in</strong></span> <span class='ocrx_word' id='word_1_506' title='bbox 3492 470 3747 537; x_wconf 89' lang='lat' dir='ltr'><strong>homine,</strong></span> <span class='ocrx_word' id='word_1_507' title='bbox 3769 470 3905 541; x_wconf 89' lang='lat' dir='ltr'><strong>quia</strong></span> 
     </span>
    </p>
   </div>
   <div class='ocr_carea' id='block_1_65' title="bbox 2198 559 3905 636">
    <p class='ocr_par' dir='ltr' id='par_1_65' title="bbox 2198 559 3905 636">
     <span class='ocr_line' id='line_1_65' title="bbox 2198 559 3905 636; baseline -0.001 -19"><span class='ocrx_word' id='word_1_508' title='bbox 2198 579 2314 617; x_wconf 91' lang='lat' dir='ltr'><strong>non</strong></span> <span class='ocrx_word' id='word_1_509' title='bbox 2347 572 2431 619; x_wconf 91' lang='lat' dir='ltr'><strong>est</strong></span> <span class='ocrx_word' id='word_1_510' title='bbox 2462 565 2613 635; x_wconf 91' lang='lat' dir='ltr'><strong>quod</strong></span> <span class='ocrx_word' id='word_1_511' title='bbox 2648 568 2876 636; x_wconf 86' lang='lat' dir='ltr'><strong>putant.</strong></span> <span class='ocrx_word' id='word_1_512' title='bbox 2913 564 3273 633; x_wconf 86' lang='lat' dir='ltr'><strong>Quapropter</strong></span> <span class='ocrx_word' id='word_1_513' title='bbox 3306 560 3445 617; x_wconf 83' lang='lat' dir='ltr'><strong>falsa</strong></span> <span class='ocrx_word' id='word_1_514' title='bbox 3474 566 3563 618; x_wconf 88' lang='lat' dir='ltr'><strong>est</strong></span> <span class='ocrx_word' id='word_1_515' title='bbox 3592 563 3651 616; x_wconf 91' lang='lat' dir='ltr'><strong>in</strong></span> <span class='ocrx_word' id='word_1_516' title='bbox 3682 559 3776 617; x_wconf 88' lang='lat' dir='ltr'><strong>his</strong></span> <span class='ocrx_word' id='word_1_517' title='bbox 3808 561 3905 617; x_wconf 91' lang='lat' dir='ltr'><strong>tri-</strong></span> 
     </span>
    </p>
   </div>
   <div class='ocr_carea' id='block_1_66' title="bbox 2199 650 3904 726">
    <p class='ocr_par' dir='ltr' id='par_1_66' title="bbox 2199 650 3904 726">
     <span class='ocr_line' id='line_1_66' title="bbox 2199 650 3904 726; baseline -0.001 -19"><span class='ocrx_word' id='word_1_518' title='bbox 2199 651 2305 708; x_wconf 91' lang='lat' dir='ltr'><strong>bus</strong></span> <span class='ocrx_word' id='word_1_519' title='bbox 2334 656 2647 725; x_wconf 84' lang='lat' dir='ltr'><strong>generibus</strong></span> <span class='ocrx_word' id='word_1_520' title='bbox 2678 654 2883 726; x_wconf 88' lang='lat' dir='ltr'><strong>gloria.</strong></span> <span class='ocrx_word' id='word_1_521' title='bbox 2909 656 3046 709; x_wconf 84' lang='lat' dir='ltr'><strong>Cum</strong></span> <span class='ocrx_word' id='word_1_522' title='bbox 3073 657 3267 708; x_wconf 90' lang='lat' dir='ltr'><strong>autem</strong></span> <span class='ocrx_word' id='word_1_523' title='bbox 3290 652 3359 707; x_wconf 89' lang='lat' dir='ltr'><strong>de</strong></span> <span class='ocrx_word' id='word_1_524' title='bbox 3380 650 3575 722; x_wconf 91' lang='lat' dir='ltr'><strong>aliquo</strong></span> <span class='ocrx_word' id='word_1_525' title='bbox 3597 668 3699 723; x_wconf 88' lang='lat' dir='ltr'><strong>per</strong></span> <span class='ocrx_word' id='word_1_526' title='bbox 3719 651 3904 708; x_wconf 91' lang='lat' dir='ltr'><strong>Deum</strong></span> 
     </span>
    </p>
   </div>
   <div class='ocr_carea' id='block_1_67' title="bbox 2191 741 3908 815">
    <p class='ocr_par' dir='ltr' id='par_1_67' title="bbox 2191 741 3908 815">
     <span class='ocr_line' id='line_1_67' title="bbox 2191 741 3908 815; baseline -0.001 -18"><span class='ocrx_word' id='word_1_527' title='bbox 2191 746 2247 797; x_wconf 90' lang='lat' dir='ltr'><strong>et</strong></span> <span class='ocrx_word' id='word_1_528' title='bbox 2280 747 2513 815; x_wconf 90' lang='lat' dir='ltr'><strong>propter</strong></span> <span class='ocrx_word' id='word_1_529' title='bbox 2544 744 2725 799; x_wconf 88' lang='lat' dir='ltr'><strong>Deum</strong></span> <span class='ocrx_word' id='word_1_530' title='bbox 2750 745 2938 814; x_wconf 84' lang='lat' dir='ltr'><strong>justo,</strong></span> <span class='ocrx_word' id='word_1_531' title='bbox 2962 742 3071 798; x_wconf 90' lang='lat' dir='ltr'><strong>hoc</strong></span> <span class='ocrx_word' id='word_1_532' title='bbox 3100 748 3191 798; x_wconf 88' lang='lat' dir='ltr'><strong>est</strong></span> <span class='ocrx_word' id='word_1_533' title='bbox 3220 743 3499 798; x_wconf 88' lang='lat' dir='ltr'><strong>veraciter</strong></span> <span class='ocrx_word' id='word_1_534' title='bbox 3522 741 3707 811; x_wconf 86' lang='lat' dir='ltr'><strong>justo,</strong></span> <span class='ocrx_word' id='word_1_535' title='bbox 3728 758 3908 798; x_wconf 87' lang='lat' dir='ltr'><strong>causa</strong></span> 
     </span>
    </p>
   </div>
   <div class='ocr_carea' id='block_1_68' title="bbox 2193 831 3909 904">
    <p class='ocr_par' dir='ltr' id='par_1_68' title="bbox 2193 831 3909 904">
     <span class='ocr_line' id='line_1_68' title="bbox 2193 831 3909 904; baseline 0.001 -18"><span class='ocrx_word' id='word_1_536' title='bbox 2193 831 2375 902; x_wconf 89' lang='lat' dir='ltr'><strong>ipsius</strong></span> <span class='ocrx_word' id='word_1_537' title='bbox 2399 832 2642 903; x_wconf 72' lang='lat' dir='ltr'><strong>justitia:</strong></span> <span class='ocrx_word' id='word_1_538' title='bbox 2695 834 2973 904; x_wconf 86' lang='lat' dir='ltr'><strong>frequens</strong></span> <span class='ocrx_word' id='word_1_539' title='bbox 3020 838 3111 889; x_wconf 89' lang='lat' dir='ltr'><strong>est</strong></span> <span class='ocrx_word' id='word_1_540' title='bbox 3156 833 3309 887; x_wconf 87' lang='lat' dir='ltr'><strong>fama</strong></span> <span class='ocrx_word' id='word_1_541' title='bbox 3357 849 3490 888; x_wconf 90' lang='lat' dir='ltr'><strong>cum</strong></span> <span class='ocrx_word' id='word_1_542' title='bbox 3537 831 3737 899; x_wconf 88' lang='lat' dir='ltr'><strong>laude;</strong></span> <span class='ocrx_word' id='word_1_543' title='bbox 3770 848 3909 887; x_wconf 87' lang='lat' dir='ltr'><strong>vera</strong></span> 
     </span>
    </p>
   </div>
   <div class='ocr_carea' id='block_1_69' title="bbox 2197 922 3912 995">
    <p class='ocr_par' dir='ltr' id='par_1_69' title="bbox 2197 922 3912 995">
     <span class='ocr_line' id='line_1_69' title="bbox 2197 922 3912 995; baseline -0.001 -18"><span class='ocrx_word' id='word_1_544' title='bbox 2197 922 2433 993; x_wconf 91' lang='lat' dir='ltr'><strong>quidem</strong></span> <span class='ocrx_word' id='word_1_545' title='bbox 2464 923 2653 995; x_wconf 89' lang='lat' dir='ltr'><strong>gloria</strong></span> <span class='ocrx_word' id='word_1_546' title='bbox 2681 930 2804 991; x_wconf 91' lang='lat' dir='ltr'><strong>est;</strong></span> <span class='ocrx_word' id='word_1_547' title='bbox 2838 940 2952 978; x_wconf 91' lang='lat' dir='ltr'><strong>non</strong></span> <span class='ocrx_word' id='word_1_548' title='bbox 2985 928 3183 979; x_wconf 90' lang='lat' dir='ltr'><strong>tamen</strong></span> <span class='ocrx_word' id='word_1_549' title='bbox 3206 938 3271 978; x_wconf 90' lang='lat' dir='ltr'><strong>ea</strong></span> <span class='ocrx_word' id='word_1_550' title='bbox 3292 923 3646 979; x_wconf 90' lang='lat' dir='ltr'><strong>credendum</strong></span> <span class='ocrx_word' id='word_1_551' title='bbox 3669 928 3758 979; x_wconf 89' lang='lat' dir='ltr'><strong>est</strong></span> <span class='ocrx_word' id='word_1_552' title='bbox 3778 923 3912 977; x_wconf 87' lang='lat' dir='ltr'><strong>bea-</strong></span> 
     </span>
    </p>
   </div>
   <div class='ocr_carea' id='block_1_70' title="bbox 2198 1013 3913 1085">
    <p class='ocr_par' dir='ltr' id='par_1_70' title="bbox 2198 1013 3913 1085">
     <span class='ocr_line' id='line_1_70' title="bbox 2198 1013 3913 1085; baseline 0 -18"><span class='ocrx_word' id='word_1_553' title='bbox 2198 1013 2405 1069; x_wconf 81' lang='lat' dir='ltr'><strong>tificari</strong></span> <span class='ocrx_word' id='word_1_554' title='bbox 2425 1014 2680 1084; x_wconf 91' lang='lat' dir='ltr'><strong>justum,</strong></span> <span class='ocrx_word' id='word_1_555' title='bbox 2696 1016 2791 1070; x_wconf 87' lang='lat' dir='ltr'><strong>sed</strong></span> <span class='ocrx_word' id='word_1_556' title='bbox 2815 1014 3193 1071; x_wconf 86' lang='lat' dir='ltr'><strong>laudantibus</strong></span> <span class='ocrx_word' id='word_1_557' title='bbox 3213 1014 3629 1085; x_wconf 88' lang='lat' dir='ltr'><strong>gratulandum</strong></span> <span class='ocrx_word' id='word_1_558' title='bbox 3653 1014 3913 1084; x_wconf 90' lang='lat' dir='ltr'><strong>est,quia</strong></span> 
     </span>
    </p>
   </div>
   <div class='ocr_carea' id='block_1_71' title="bbox 2199 1104 3908 1177">
    <p class='ocr_par' dir='ltr' id='par_1_71' title="bbox 2199 1104 3908 1177">
     <span class='ocr_line' id='line_1_71' title="bbox 2199 1104 3908 1177; baseline 0.002 -20"><span class='ocrx_word' id='word_1_559' title='bbox 2199 1110 2350 1159; x_wconf 88' lang='lat' dir='ltr'><strong>recte</strong></span> <span class='ocrx_word' id='word_1_560' title='bbox 2370 1104 2659 1174; x_wconf 86' lang='lat' dir='ltr'><strong>judicant,</strong></span> <span class='ocrx_word' id='word_1_561' title='bbox 2685 1112 2737 1162; x_wconf 93' lang='lat' dir='ltr'><strong>et</strong></span> <span class='ocrx_word' id='word_1_562' title='bbox 2759 1104 3013 1177; x_wconf 89' lang='lat' dir='ltr'><strong>diligunt</strong></span> <span class='ocrx_word' id='word_1_563' title='bbox 3037 1105 3287 1174; x_wconf 88' lang='lat' dir='ltr'><strong>justum.</strong></span> <span class='ocrx_word' id='word_1_564' title='bbox 3312 1106 3537 1169; x_wconf 91' lang='lat' dir='ltr'><strong>Quanto</strong></span> <span class='ocrx_word' id='word_1_565' title='bbox 3562 1104 3749 1177; x_wconf 90' lang='lat' dir='ltr'><strong>magis</strong></span> <span class='ocrx_word' id='word_1_566' title='bbox 3770 1121 3908 1177; x_wconf 88' lang='lat' dir='ltr'><strong>ergo</strong></span> 
     </span>
    </p>
   </div>
   <div class='ocr_carea' id='block_1_72' title="bbox 2199 1192 3909 1268">
    <p class='ocr_par' dir='ltr' id='par_1_72' title="bbox 2199 1192 3909 1268">
     <span class='ocr_line' id='line_1_72' title="bbox 2199 1192 3909 1268; baseline 0.002 -19"><span class='ocrx_word' id='word_1_567' title='bbox 2199 1192 2482 1250; x_wconf 89' lang='lat' dir='ltr'><strong>Dominus</strong></span> <span class='ocrx_word' id='word_1_568' title='bbox 2503 1195 2790 1257; x_wconf 90' lang='lat' dir='ltr'><strong>Christus,</strong></span> <span class='ocrx_word' id='word_1_569' title='bbox 2817 1212 2933 1251; x_wconf 89' lang='lat' dir='ltr'><strong>non</strong></span> <span class='ocrx_word' id='word_1_570' title='bbox 2955 1195 3089 1263; x_wconf 85' lang='lat' dir='ltr'><strong>sibi,</strong></span> <span class='ocrx_word' id='word_1_571' title='bbox 3112 1195 3210 1251; x_wconf 89' lang='lat' dir='ltr'><strong>sed</strong></span> <span class='ocrx_word' id='word_1_572' title='bbox 3235 1194 3320 1251; x_wconf 89' lang='lat' dir='ltr'><strong>eis</strong></span> <span class='ocrx_word' id='word_1_573' title='bbox 3340 1196 3555 1266; x_wconf 88' lang='lat' dir='ltr'><strong>proluit</strong></span> <span class='ocrx_word' id='word_1_574' title='bbox 3576 1195 3755 1268; x_wconf 81' lang='lat' dir='ltr'><strong>gloria</strong></span> <span class='ocrx_word' id='word_1_575' title='bbox 3775 1213 3909 1261; x_wconf 84' lang='lat' dir='ltr'><strong>sua,</strong></span> 
     </span>
    </p>
   </div>
   <div class='ocr_carea' id='block_1_73' title="bbox 2201 1284 3054 1357">
    <p class='ocr_par' dir='ltr' id='par_1_73' title="bbox 2201 1284 3054 1357">
     <span class='ocr_line' id='line_1_73' title="bbox 2201 1284 3054 1357; baseline 0.001 -17"><span class='ocrx_word' id='word_1_576' title='bbox 2201 1284 2417 1355; x_wconf 88' lang='lat' dir='ltr'><strong>quibus</strong></span> <span class='ocrx_word' id='word_1_577' title='bbox 2452 1286 2663 1357; x_wconf 88' lang='lat' dir='ltr'><strong>profuit</strong></span> <span class='ocrx_word' id='word_1_578' title='bbox 2695 1290 2877 1343; x_wconf 89' lang='lat' dir='ltr'><strong>morte</strong></span> <span class='ocrx_word' id='word_1_579' title='bbox 2907 1284 3054 1343; x_wconf 70' lang='lat' dir='ltr'><strong>sua?</strong></span> 
     </span>
    </p>
   </div>
   <div class='ocr_carea' id='block_1_74' title="bbox 2270 1374 3910 1449">
    <p class='ocr_par' dir='ltr' id='par_1_74' title="bbox 2270 1374 3910 1449">
     <span class='ocr_line' id='line_1_74' title="bbox 2270 1374 3910 1449; baseline 0.005 -22"><span class='ocrx_word' id='word_1_580' title='bbox 2270 1374 2323 1427; x_wconf 92' lang='lat'><strong>3.</strong></span> <span class='ocrx_word' id='word_1_581' title='bbox 2356 1374 2463 1429; x_wconf 91' lang='lat' dir='ltr'><strong>Sed</strong></span> <span class='ocrx_word' id='word_1_582' title='bbox 2512 1391 2629 1431; x_wconf 91' lang='lat' dir='ltr'><strong>non</strong></span> <span class='ocrx_word' id='word_1_583' title='bbox 2679 1379 2769 1432; x_wconf 89' lang='lat' dir='ltr'><strong>est</strong></span> <span class='ocrx_word' id='word_1_584' title='bbox 2806 1392 2938 1432; x_wconf 86' lang='lat' dir='ltr'><strong>vera</strong></span> <span class='ocrx_word' id='word_1_585' title='bbox 2986 1376 3114 1446; x_wconf 80' lang='lat' dir='ltr'><strong>ejus</strong></span> <span class='ocrx_word' id='word_1_586' title='bbox 3164 1376 3317 1447; x_wconf 91' lang='lat' dir='ltr'><strong>apud</strong></span> <span class='ocrx_word' id='word_1_587' title='bbox 3369 1375 3671 1433; x_wconf 81' lang='lat' dir='ltr'><strong>haereticos</strong></span> <span class='ocrx_word' id='word_1_588' title='bbox 3700 1377 3910 1449; x_wconf 85' lang='lat' dir='ltr'><strong>gloria,</strong></span> 
     </span>
    </p>
   </div>
   <div class='ocr_carea' id='block_1_75' title="bbox 2200 1465 3914 1538">
    <p class='ocr_par' dir='ltr' id='par_1_75' title="bbox 2200 1465 3914 1538">
     <span class='ocr_line' id='line_1_75' title="bbox 2200 1465 3914 1538; baseline 0.004 -20"><span class='ocrx_word' id='word_1_589' title='bbox 2200 1465 2349 1536; x_wconf 89' lang='lat' dir='ltr'><strong>apud</strong></span> <span class='ocrx_word' id='word_1_590' title='bbox 2386 1482 2533 1537; x_wconf 87' lang='lat' dir='ltr'><strong>quos</strong></span> <span class='ocrx_word' id='word_1_591' title='bbox 2564 1471 2759 1524; x_wconf 89' lang='lat' dir='ltr'><strong>tamen</strong></span> <span class='ocrx_word' id='word_1_592' title='bbox 2792 1468 3153 1538; x_wconf 89' lang='lat' dir='ltr'><strong>frequentem</strong></span> <span class='ocrx_word' id='word_1_593' title='bbox 3187 1468 3402 1523; x_wconf 87' lang='lat' dir='ltr'><strong>famam</strong></span> <span class='ocrx_word' id='word_1_594' title='bbox 3433 1468 3661 1524; x_wconf 88' lang='lat' dir='ltr'><strong>videtur</strong></span> <span class='ocrx_word' id='word_1_595' title='bbox 3699 1468 3914 1524; x_wconf 86' lang='lat' dir='ltr'><strong>habere</strong></span> 
     </span>
    </p>
   </div>
   <div class='ocr_carea' id='block_1_76' title="bbox 2203 1552 3912 1628">
    <p class='ocr_par' dir='ltr' id='par_1_76' title="bbox 2203 1552 3912 1628">
     <span class='ocr_line' id='line_1_76' title="bbox 2203 1552 3912 1628; baseline 0.004 -21"><span class='ocrx_word' id='word_1_596' title='bbox 2203 1568 2335 1608; x_wconf 91' lang='lat' dir='ltr'><strong>cum</strong></span> <span class='ocrx_word' id='word_1_597' title='bbox 2368 1552 2557 1610; x_wconf 91' lang='lat' dir='ltr'><strong>laude.</strong></span> <span class='ocrx_word' id='word_1_598' title='bbox 2581 1556 2703 1613; x_wconf 85' lang='lat' dir='ltr'><strong>Non</strong></span> <span class='ocrx_word' id='word_1_599' title='bbox 2736 1560 2825 1613; x_wconf 90' lang='lat' dir='ltr'><strong>est</strong></span> <span class='ocrx_word' id='word_1_600' title='bbox 2854 1555 2977 1612; x_wconf 65' lang='lat' dir='ltr'><strong>haec</strong></span> <span class='ocrx_word' id='word_1_601' title='bbox 3008 1572 3141 1611; x_wconf 91' lang='lat' dir='ltr'><strong>vera</strong></span> <span class='ocrx_word' id='word_1_602' title='bbox 3169 1555 3373 1626; x_wconf 86' lang='lat' dir='ltr'><strong>gloria,</strong></span> <span class='ocrx_word' id='word_1_603' title='bbox 3396 1557 3534 1627; x_wconf 90' lang='lat' dir='ltr'><strong>quia</strong></span> <span class='ocrx_word' id='word_1_604' title='bbox 3565 1558 3625 1612; x_wconf 91' lang='lat' dir='ltr'><strong>in</strong></span> <span class='ocrx_word' id='word_1_605' title='bbox 3658 1562 3912 1628; x_wconf 87' lang='lat' dir='ltr'><strong>utroque</strong></span> 
     </span>
    </p>
   </div>
   <div class='ocr_carea' id='block_1_77' title="bbox 2204 1642 3912 1718">
    <p class='ocr_par' dir='ltr' id='par_1_77' title="bbox 2204 1642 3912 1718">
     <span class='ocr_line' id='line_1_77' title="bbox 2204 1642 3912 1718; baseline 0.004 -21"><span class='ocrx_word' id='word_1_606' title='bbox 2204 1642 2484 1700; x_wconf 90' lang='lat' dir='ltr'><strong>falluntur</strong></span> <span class='ocrx_word' id='word_1_607' title='bbox 2518 1660 2531 1700; x_wconf 88' lang='lat'><strong>:</strong></span> <span class='ocrx_word' id='word_1_608' title='bbox 2567 1662 2703 1701; x_wconf 88' lang='lat' dir='ltr'><strong>nam</strong></span> <span class='ocrx_word' id='word_1_609' title='bbox 2736 1651 2792 1703; x_wconf 90' lang='lat' dir='ltr'><strong>et</strong></span> <span class='ocrx_word' id='word_1_610' title='bbox 2822 1646 3039 1702; x_wconf 90' lang='lat' dir='ltr'><strong>bonum</strong></span> <span class='ocrx_word' id='word_1_611' title='bbox 3089 1650 3299 1717; x_wconf 89' lang='lat' dir='ltr'><strong>putant</strong></span> <span class='ocrx_word' id='word_1_612' title='bbox 3346 1662 3469 1704; x_wconf 90' lang='lat' dir='ltr'><strong>esse</strong></span> <span class='ocrx_word' id='word_1_613' title='bbox 3501 1648 3655 1718; x_wconf 91' lang='lat' dir='ltr'><strong>quod</strong></span> <span class='ocrx_word' id='word_1_614' title='bbox 3688 1647 3912 1704; x_wconf 89' lang='lat' dir='ltr'><strong>bonum</strong></span> 
     </span>
    </p>
   </div>
   <div class='ocr_carea' id='block_1_78' title="bbox 2203 1735 3912 1809">
    <p class='ocr_par' dir='ltr' id='par_1_78' title="bbox 2203 1735 3912 1809">
     <span class='ocr_line' id='line_1_78' title="bbox 2203 1735 3912 1809; baseline 0.004 -22"><span class='ocrx_word' id='word_1_615' title='bbox 2203 1749 2315 1789; x_wconf 92' lang='lat' dir='ltr'><strong>non</strong></span> <span class='ocrx_word' id='word_1_616' title='bbox 2347 1739 2453 1804; x_wconf 90' lang='lat' dir='ltr'><strong>est,</strong></span> <span class='ocrx_word' id='word_1_617' title='bbox 2487 1742 2540 1791; x_wconf 91' lang='lat' dir='ltr'><strong>et</strong></span> <span class='ocrx_word' id='word_1_618' title='bbox 2569 1735 2864 1792; x_wconf 88' lang='lat' dir='ltr'><strong>Christum</strong></span> <span class='ocrx_word' id='word_1_619' title='bbox 2908 1740 3117 1807; x_wconf 90' lang='lat' dir='ltr'><strong>putant</strong></span> <span class='ocrx_word' id='word_1_620' title='bbox 3146 1752 3276 1793; x_wconf 91' lang='lat' dir='ltr'><strong>esse</strong></span> <span class='ocrx_word' id='word_1_621' title='bbox 3305 1738 3456 1809; x_wconf 89' lang='lat' dir='ltr'><strong>quod</strong></span> <span class='ocrx_word' id='word_1_622' title='bbox 3489 1737 3753 1792; x_wconf 86' lang='lat' dir='ltr'><strong>Christus</strong></span> <span class='ocrx_word' id='word_1_623' title='bbox 3791 1753 3912 1793; x_wconf 89' lang='lat' dir='ltr'><strong>non</strong></span> 
     </span>
    </p>
   </div>
   <div class='ocr_carea' id='block_1_79' title="bbox 2204 1824 3913 1899">
    <p class='ocr_par' dir='ltr' id='par_1_79' title="bbox 2204 1824 3913 1899">
     <span class='ocr_line' id='line_1_79' title="bbox 2204 1824 3913 1899; baseline 0.002 -20"><span class='ocrx_word' id='word_1_624' title='bbox 2204 1827 2312 1880; x_wconf 92' lang='lat' dir='ltr'><strong>est.</strong></span> <span class='ocrx_word' id='word_1_625' title='bbox 2347 1824 2724 1897; x_wconf 90' lang='lat' dir='ltr'><strong>Unigcnitum</strong></span> <span class='ocrx_word' id='word_1_626' title='bbox 2757 1826 2912 1881; x_wconf 91' lang='lat' dir='ltr'><strong>enim</strong></span> <span class='ocrx_word' id='word_1_627' title='bbox 2941 1826 3153 1881; x_wconf 87' lang='lat' dir='ltr'><strong>Filium</strong></span> <span class='ocrx_word' id='word_1_628' title='bbox 3202 1827 3485 1899; x_wconf 70' lang='lat' dir='ltr'><strong>aequalem</strong></span> <span class='ocrx_word' id='word_1_629' title='bbox 3522 1845 3635 1883; x_wconf 92' lang='lat' dir='ltr'><strong>non</strong></span> <span class='ocrx_word' id='word_1_630' title='bbox 3666 1842 3795 1884; x_wconf 86' lang='lat' dir='ltr'><strong>esse</strong></span> <span class='ocrx_word' id='word_1_631' title='bbox 3822 1828 3913 1897; x_wconf 83' lang='lat' dir='ltr'><strong>gi-</strong></span> 
     </span>
    </p>
   </div>
   <div class='ocr_carea' id='block_1_80' title="bbox 2204 1916 3914 1989">
    <p class='ocr_par' dir='ltr' id='par_1_80' title="bbox 2204 1916 3914 1989">
     <span class='ocr_line' id='line_1_80' title="bbox 2204 1916 3914 1989; baseline 0.002 -20"><span class='ocrx_word' id='word_1_632' title='bbox 2204 1916 2426 1985; x_wconf 89' lang='lat' dir='ltr'><strong>gnenti,</strong></span> <span class='ocrx_word' id='word_1_633' title='bbox 2452 1933 2564 1972; x_wconf 92' lang='lat' dir='ltr'><strong>non</strong></span> <span class='ocrx_word' id='word_1_634' title='bbox 2588 1922 2676 1973; x_wconf 89' lang='lat' dir='ltr'><strong>est</strong></span> <span class='ocrx_word' id='word_1_635' title='bbox 2697 1916 2916 1973; x_wconf 90' lang='lat' dir='ltr'><strong>bonum</strong></span> <span class='ocrx_word' id='word_1_636' title='bbox 2942 1933 2954 1971; x_wconf 90' lang='lat'><strong>:</strong></span> <span class='ocrx_word' id='word_1_637' title='bbox 2982 1918 3341 1989; x_wconf 86' lang='lat' dir='ltr'><strong>unigenitum</strong></span> <span class='ocrx_word' id='word_1_638' title='bbox 3365 1917 3465 1974; x_wconf 90' lang='lat' dir='ltr'><strong>Dei</strong></span> <span class='ocrx_word' id='word_1_639' title='bbox 3488 1918 3696 1974; x_wconf 83' lang='lat' dir='ltr'><strong>Filium</strong></span> <span class='ocrx_word' id='word_1_640' title='bbox 3726 1918 3914 1975; x_wconf 82' lang='lat' dir='ltr'><strong>homi-</strong></span> 
     </span>
    </p>
   </div>
   <div class='ocr_carea' id='block_1_81' title="bbox 2205 2008 3918 2077">
    <p class='ocr_par' dir='ltr' id='par_1_81' title="bbox 2205 2008 3918 2077">
     <span class='ocr_line' id='line_1_81' title="bbox 2205 2008 3918 2077; baseline 0.002 -16"><span class='ocrx_word' id='word_1_641' title='bbox 2205 2022 2338 2062; x_wconf 89' lang='lat' dir='ltr'><strong>nem</strong></span> <span class='ocrx_word' id='word_1_642' title='bbox 2363 2012 2589 2064; x_wconf 88' lang='lat' dir='ltr'><strong>tantum</strong></span> <span class='ocrx_word' id='word_1_643' title='bbox 2614 2024 2762 2077; x_wconf 88' lang='lat' dir='ltr'><strong>esse,</strong></span> <span class='ocrx_word' id='word_1_644' title='bbox 2789 2024 2905 2064; x_wconf 90' lang='lat' dir='ltr'><strong>non</strong></span> <span class='ocrx_word' id='word_1_645' title='bbox 2928 2008 3133 2077; x_wconf 87' lang='lat' dir='ltr'><strong>Deum,</strong></span> <span class='ocrx_word' id='word_1_646' title='bbox 3158 2025 3273 2065; x_wconf 90' lang='lat' dir='ltr'><strong>non</strong></span> <span class='ocrx_word' id='word_1_647' title='bbox 3298 2015 3383 2065; x_wconf 87' lang='lat' dir='ltr'><strong>est</strong></span> <span class='ocrx_word' id='word_1_648' title='bbox 3415 2010 3631 2065; x_wconf 91' lang='lat' dir='ltr'><strong>bonum</strong></span> <span class='ocrx_word' id='word_1_649' title='bbox 3657 2028 3670 2065; x_wconf 88' lang='lat'><strong>:</strong></span> <span class='ocrx_word' id='word_1_650' title='bbox 3696 2009 3918 2066; x_wconf 84' lang='lat' dir='ltr'><strong>Verita-</strong></span> 
     </span>
    </p>
   </div>
   <div class='ocr_carea' id='block_1_82' title="bbox 2204 2096 3912 2169">
    <p class='ocr_par' dir='ltr' id='par_1_82' title="bbox 2204 2096 3912 2169">
     <span class='ocr_line' id='line_1_82' title="bbox 2204 2096 3912 2169; baseline 0.002 -19"><span class='ocrx_word' id='word_1_651' title='bbox 2204 2096 2280 2151; x_wconf 92' lang='lat' dir='ltr'><strong>tis</strong></span> <span class='ocrx_word' id='word_1_652' title='bbox 2311 2113 2543 2155; x_wconf 90' lang='lat' dir='ltr'><strong>carnem</strong></span> <span class='ocrx_word' id='word_1_653' title='bbox 2575 2115 2691 2154; x_wconf 91' lang='lat' dir='ltr'><strong>non</strong></span> <span class='ocrx_word' id='word_1_654' title='bbox 2722 2114 2853 2155; x_wconf 80' lang='lat' dir='ltr'><strong>esse</strong></span> <span class='ocrx_word' id='word_1_655' title='bbox 2884 2114 3071 2154; x_wconf 90' lang='lat' dir='ltr'><strong>veram</strong></span> <span class='ocrx_word' id='word_1_656' title='bbox 3104 2114 3362 2169; x_wconf 92' lang='lat' dir='ltr'><strong>carnem,</strong></span> <span class='ocrx_word' id='word_1_657' title='bbox 3397 2116 3511 2157; x_wconf 91' lang='lat' dir='ltr'><strong>non</strong></span> <span class='ocrx_word' id='word_1_658' title='bbox 3542 2105 3631 2157; x_wconf 90' lang='lat' dir='ltr'><strong>est</strong></span> <span class='ocrx_word' id='word_1_659' title='bbox 3668 2099 3912 2156; x_wconf 91' lang='lat' dir='ltr'><strong>bonum.</strong></span> 
     </span>
    </p>
   </div>
   <div class='ocr_carea' id='block_1_83' title="bbox 2204 2184 3918 2259">
    <p class='ocr_par' dir='ltr' id='par_1_83' title="bbox 2204 2184 3918 2259">
     <span class='ocr_line' id='line_1_83' title="bbox 2204 2184 3918 2259; baseline 0.003 -20"><span class='ocrx_word' id='word_1_660' title='bbox 2204 2184 2422 2243; x_wconf 85' lang='lat' dir='ltr'><strong>Horum</strong></span> <span class='ocrx_word' id='word_1_661' title='bbox 2442 2187 2618 2244; x_wconf 91' lang='lat' dir='ltr'><strong>trium</strong></span> <span class='ocrx_word' id='word_1_662' title='bbox 2633 2205 2757 2259; x_wconf 71' lang='lat' dir='ltr'><strong>quas</strong></span> <span class='ocrx_word' id='word_1_663' title='bbox 2773 2187 2911 2251; x_wconf 84' lang='lat' dir='ltr'><strong>dixi,</strong></span> <span class='ocrx_word' id='word_1_664' title='bbox 2930 2190 3182 2259; x_wconf 89' lang='lat' dir='ltr'><strong>primum</strong></span> <span class='ocrx_word' id='word_1_665' title='bbox 3198 2190 3690 2259; x_wconf 88' lang='lat' dir='ltr'><strong>sentiuntAriani,</strong></span> <span class='ocrx_word' id='word_1_666' title='bbox 3706 2206 3918 2246; x_wconf 90' lang='lat' dir='ltr'><strong>secun-</strong></span> 
     </span>
    </p>
   </div>
   <div class='ocr_carea' id='block_1_84' title="bbox 2202 2277 3911 2352">
    <p class='ocr_par' dir='ltr' id='par_1_84' title="bbox 2202 2277 3911 2352">
     <span class='ocr_line' id='line_1_84' title="bbox 2202 2277 3911 2352; baseline 0.002 -19"><span class='ocrx_word' id='word_1_667' title='bbox 2202 2277 2336 2333; x_wconf 91' lang='lat' dir='ltr'><strong>dum</strong></span> <span class='ocrx_word' id='word_1_668' title='bbox 2361 2278 2713 2349; x_wconf 90' lang='lat' dir='ltr'><strong>Photiniani,</strong></span> <span class='ocrx_word' id='word_1_669' title='bbox 2731 2279 2966 2336; x_wconf 88' lang='lat' dir='ltr'><strong>tertium</strong></span> <span class='ocrx_word' id='word_1_670' title='bbox 2991 2279 3316 2337; x_wconf 72' lang='lat' dir='ltr'><strong>Manichzei.</strong></span> <span class='ocrx_word' id='word_1_671' title='bbox 3342 2280 3451 2335; x_wconf 90' lang='lat' dir='ltr'><strong>Sed</strong></span> <span class='ocrx_word' id='word_1_672' title='bbox 3476 2281 3613 2352; x_wconf 88' lang='lat' dir='ltr'><strong>quia</strong></span> <span class='ocrx_word' id='word_1_673' title='bbox 3634 2287 3691 2337; x_wconf 90' lang='lat' dir='ltr'><strong>et</strong></span> <span class='ocrx_word' id='word_1_674' title='bbox 3709 2296 3911 2338; x_wconf 86' lang='lat' dir='ltr'><strong>eorum</strong></span> 
     </span>
    </p>
   </div>
   <div class='ocr_carea' id='block_1_85' title="bbox 2204 2367 3920 2441">
    <p class='ocr_par' dir='ltr' id='par_1_85' title="bbox 2204 2367 3920 2441">
     <span class='ocr_line' id='line_1_85' title="bbox 2204 2367 3920 2441; baseline 0.001 -16"><span class='ocrx_word' id='word_1_675' title='bbox 2204 2367 2353 2425; x_wconf 88' lang='lat' dir='ltr'><strong>nihil</strong></span> <span class='ocrx_word' id='word_1_676' title='bbox 2374 2373 2463 2425; x_wconf 91' lang='lat' dir='ltr'><strong>est</strong></span> <span class='ocrx_word' id='word_1_677' title='bbox 2486 2370 2728 2438; x_wconf 89' lang='lat' dir='ltr'><strong>bonum,</strong></span> <span class='ocrx_word' id='word_1_678' title='bbox 2751 2373 2807 2425; x_wconf 90' lang='lat' dir='ltr'><strong>et</strong></span> <span class='ocrx_word' id='word_1_679' title='bbox 2827 2370 3092 2425; x_wconf 88' lang='lat' dir='ltr'><strong>Christus</strong></span> <span class='ocrx_word' id='word_1_680' title='bbox 3126 2370 3272 2425; x_wconf 91' lang='lat' dir='ltr'><strong>nihil</strong></span> <span class='ocrx_word' id='word_1_681' title='bbox 3299 2375 3389 2426; x_wconf 87' lang='lat' dir='ltr'><strong>est</strong></span> <span class='ocrx_word' id='word_1_682' title='bbox 3410 2387 3640 2441; x_wconf 86' lang='lat' dir='ltr'><strong>eorum,</strong></span> <span class='ocrx_word' id='word_1_683' title='bbox 3663 2371 3720 2426; x_wconf 90' lang='lat' dir='ltr'><strong>in</strong></span> <span class='ocrx_word' id='word_1_684' title='bbox 3755 2377 3920 2426; x_wconf 89' lang='lat' dir='ltr'><strong>utro-</strong></span> 
     </span>
    </p>
   </div>
   <div class='ocr_carea' id='block_1_86' title="bbox 2203 2459 3917 2535">
    <p class='ocr_par' dir='ltr' id='par_1_86' title="bbox 2203 2459 3917 2535">
     <span class='ocr_line' id='line_1_86' title="bbox 2203 2459 3917 2535; baseline 0.001 -19"><span class='ocrx_word' id='word_1_685' title='bbox 2203 2476 2315 2535; x_wconf 92' lang='lat' dir='ltr'><strong>que</strong></span> <span class='ocrx_word' id='word_1_686' title='bbox 2340 2459 2772 2517; x_wconf 73' lang='lat' dir='ltr'><strong>fallunturmec</strong></span> <span class='ocrx_word' id='word_1_687' title='bbox 2798 2463 2937 2517; x_wconf 87' lang='lat' dir='ltr'><strong>dant</strong></span> <span class='ocrx_word' id='word_1_688' title='bbox 2960 2476 3150 2518; x_wconf 88' lang='lat' dir='ltr'><strong>veram</strong></span> <span class='ocrx_word' id='word_1_689' title='bbox 3173 2460 3420 2533; x_wconf 87' lang='lat' dir='ltr'><strong>gloriam</strong></span> <span class='ocrx_word' id='word_1_690' title='bbox 3436 2462 3685 2530; x_wconf 86' lang='lat' dir='ltr'><strong>Christo,</strong></span> <span class='ocrx_word' id='word_1_691' title='bbox 3702 2479 3917 2534; x_wconf 87' lang='lat' dir='ltr'><strong>quam-</strong></span> 
     </span>
    </p>
   </div>
   <div class='ocr_carea' id='block_1_87' title="bbox 2201 2550 3921 2623">
    <p class='ocr_par' dir='ltr' id='par_1_87' title="bbox 2201 2550 3921 2623">
     <span class='ocr_line' id='line_1_87' title="bbox 2201 2550 3921 2623; baseline 0.003 -19"><span class='ocrx_word' id='word_1_692' title='bbox 2201 2550 2288 2606; x_wconf 89' lang='lat' dir='ltr'><strong>vis</strong></span> <span class='ocrx_word' id='word_1_693' title='bbox 2318 2552 2467 2621; x_wconf 82' lang='lat' dir='ltr'><strong>apud</strong></span> <span class='ocrx_word' id='word_1_694' title='bbox 2498 2567 2597 2607; x_wconf 91' lang='lat' dir='ltr'><strong>eos</strong></span> <span class='ocrx_word' id='word_1_695' title='bbox 2628 2568 2757 2609; x_wconf 87' lang='lat' dir='ltr'><strong>esse</strong></span> <span class='ocrx_word' id='word_1_696' title='bbox 2786 2552 3057 2608; x_wconf 88' lang='lat' dir='ltr'><strong>videntur</strong></span> <span class='ocrx_word' id='word_1_697' title='bbox 3105 2568 3238 2607; x_wconf 91' lang='lat' dir='ltr'><strong>cum</strong></span> <span class='ocrx_word' id='word_1_698' title='bbox 3289 2552 3463 2608; x_wconf 90' lang='lat' dir='ltr'><strong>laude</strong></span> <span class='ocrx_word' id='word_1_699' title='bbox 3513 2553 3785 2623; x_wconf 88' lang='lat' dir='ltr'><strong>frequens</strong></span> <span class='ocrx_word' id='word_1_700' title='bbox 3828 2554 3921 2609; x_wconf 87' lang='lat' dir='ltr'><strong>fa-</strong></span> 
     </span>
    </p>
   </div>
   <div class='ocr_carea' id='block_1_88' title="bbox 2204 2640 3920 2714">
    <p class='ocr_par' dir='ltr' id='par_1_88' title="bbox 2204 2640 3920 2714">
     <span class='ocr_line' id='line_1_88' title="bbox 2204 2640 3920 2714; baseline 0.001 -17"><span class='ocrx_word' id='word_1_701' title='bbox 2204 2657 2299 2697; x_wconf 91' lang='lat' dir='ltr'><strong>ma</strong></span> <span class='ocrx_word' id='word_1_702' title='bbox 2329 2641 2400 2697; x_wconf 91' lang='lat' dir='ltr'><strong>de</strong></span> <span class='ocrx_word' id='word_1_703' title='bbox 2433 2640 2684 2699; x_wconf 87' lang='lat' dir='ltr'><strong>Christo.</strong></span> <span class='ocrx_word' id='word_1_704' title='bbox 2710 2642 2773 2698; x_wconf 86' lang='lat' dir='ltr'><strong>Et</strong></span> <span class='ocrx_word' id='word_1_705' title='bbox 2794 2659 3000 2700; x_wconf 91' lang='lat' dir='ltr'><strong>omnes</strong></span> <span class='ocrx_word' id='word_1_706' title='bbox 3023 2659 3259 2714; x_wconf 90' lang='lat' dir='ltr'><strong>prorsus</strong></span> <span class='ocrx_word' id='word_1_707' title='bbox 3282 2642 3561 2712; x_wconf 64' lang='lat' dir='ltr'><strong>haeretici,</strong></span> <span class='ocrx_word' id='word_1_708' title='bbox 3584 2661 3731 2714; x_wconf 90' lang='lat' dir='ltr'><strong>quos</strong></span> <span class='ocrx_word' id='word_1_709' title='bbox 3754 2660 3920 2699; x_wconf 91' lang='lat' dir='ltr'><strong>com-</strong></span> 
     </span>
    </p>
   </div>
   <div class='ocr_carea' id='block_1_89' title="bbox 2204 2732 3921 2804">
    <p class='ocr_par' dir='ltr' id='par_1_89' title="bbox 2204 2732 3921 2804">
     <span class='ocr_line' id='line_1_89' title="bbox 2204 2732 3921 2804; baseline 0.002 -18"><span class='ocrx_word' id='word_1_710' title='bbox 2204 2747 2528 2788; x_wconf 90' lang='lat' dir='ltr'><strong>memorare</strong></span> <span class='ocrx_word' id='word_1_711' title='bbox 2558 2732 2739 2788; x_wconf 90' lang='lat' dir='ltr'><strong>nimis</strong></span> <span class='ocrx_word' id='word_1_712' title='bbox 2771 2732 3012 2804; x_wconf 88' lang='lat' dir='ltr'><strong>longum</strong></span> <span class='ocrx_word' id='word_1_713' title='bbox 3046 2736 3154 2800; x_wconf 89' lang='lat' dir='ltr'><strong>est,</strong></span> <span class='ocrx_word' id='word_1_714' title='bbox 3179 2732 3279 2802; x_wconf 90' lang='lat' dir='ltr'><strong>qui</strong></span> <span class='ocrx_word' id='word_1_715' title='bbox 3308 2732 3377 2787; x_wconf 93' lang='lat' dir='ltr'><strong>de</strong></span> <span class='ocrx_word' id='word_1_716' title='bbox 3411 2732 3642 2789; x_wconf 88' lang='lat' dir='ltr'><strong>Christo</strong></span> <span class='ocrx_word' id='word_1_717' title='bbox 3673 2750 3790 2789; x_wconf 89' lang='lat' dir='ltr'><strong>non</strong></span> <span class='ocrx_word' id='word_1_718' title='bbox 3822 2750 3921 2789; x_wconf 83' lang='lat' dir='ltr'><strong>re-</strong></span> 
     </span>
    </p>
   </div>
   <div class='ocr_carea' id='block_1_90' title="bbox 2204 2820 3921 2892">
    <p class='ocr_par' dir='ltr' id='par_1_90' title="bbox 2204 2820 3921 2892">
     <span class='ocr_line' id='line_1_90' title="bbox 2204 2820 3921 2892; baseline 0.002 -16"><span class='ocrx_word' id='word_1_719' title='bbox 2204 2824 2293 2877; x_wconf 90' lang='lat' dir='ltr'><strong>cte</strong></span> <span class='ocrx_word' id='word_1_720' title='bbox 2314 2822 2597 2892; x_wconf 90' lang='lat' dir='ltr'><strong>sentiunt,</strong></span> <span class='ocrx_word' id='word_1_721' title='bbox 2613 2820 2742 2879; x_wconf 88' lang='lat' dir='ltr'><strong>ideo</strong></span> <span class='ocrx_word' id='word_1_722' title='bbox 2757 2829 2971 2888; x_wconf 88' lang='lat' dir='ltr'><strong>errant,</strong></span> <span class='ocrx_word' id='word_1_723' title='bbox 2987 2821 3123 2892; x_wconf 90' lang='lat' dir='ltr'><strong>quia</strong></span> <span class='ocrx_word' id='word_1_724' title='bbox 3137 2825 3192 2876; x_wconf 92' lang='lat' dir='ltr'><strong>et</strong></span> <span class='ocrx_word' id='word_1_725' title='bbox 3208 2822 3277 2876; x_wconf 89' lang='lat' dir='ltr'><strong>de</strong></span> <span class='ocrx_word' id='word_1_726' title='bbox 3291 2821 3461 2877; x_wconf 91' lang='lat' dir='ltr'><strong>bonis</strong></span> <span class='ocrx_word' id='word_1_727' title='bbox 3480 2822 3653 2877; x_wconf 91' lang='lat' dir='ltr'><strong>rebus</strong></span> <span class='ocrx_word' id='word_1_728' title='bbox 3666 2839 3733 2878; x_wconf 89' lang='lat' dir='ltr'><strong>ac</strong></span> <span class='ocrx_word' id='word_1_729' title='bbox 3746 2822 3921 2879; x_wconf 85' lang='lat' dir='ltr'><strong>malis</strong></span> 
     </span>
    </p>
   </div>
   <div class='ocr_carea' id='block_1_91' title="bbox 2205 2910 3924 2982">
    <p class='ocr_par' dir='ltr' id='par_1_91' title="bbox 2205 2910 3924 2982">
     <span class='ocr_line' id='line_1_91' title="bbox 2205 2910 3924 2982; baseline 0.001 -15"><span class='ocrx_word' id='word_1_730' title='bbox 2205 2928 2321 2968; x_wconf 87' lang='lat' dir='ltr'><strong>non</strong></span> <span class='ocrx_word' id='word_1_731' title='bbox 2342 2927 2546 2967; x_wconf 90' lang='lat' dir='ltr'><strong>verum</strong></span> <span class='ocrx_word' id='word_1_732' title='bbox 2571 2910 3083 2982; x_wconf 88' lang='lat' dir='ltr'><strong>sentiunt.Pagani</strong></span> <span class='ocrx_word' id='word_1_733' title='bbox 3106 2910 3278 2966; x_wconf 89' lang='lat' dir='ltr'><strong>etiam</strong></span> <span class='ocrx_word' id='word_1_734' title='bbox 3305 2912 3579 2982; x_wconf 86' lang='lat' dir='ltr'><strong>quoniam</strong></span> <span class='ocrx_word' id='word_1_735' title='bbox 3605 2912 3924 2968; x_wconf 89' lang='lat' dir='ltr'><strong>suntChri-</strong></span> 
     </span>
    </p>
   </div>
   <div class='ocr_carea' id='block_1_92' title="bbox 2205 3000 3921 3073">
    <p class='ocr_par' dir='ltr' id='par_1_92' title="bbox 2205 3000 3921 3073">
     <span class='ocr_line' id='line_1_92' title="bbox 2205 3000 3921 3073; baseline 0 -16"><span class='ocrx_word' id='word_1_736' title='bbox 2205 3001 2280 3057; x_wconf 88' lang='lat' dir='ltr'><strong>sti</strong></span> <span class='ocrx_word' id='word_1_737' title='bbox 2329 3001 2564 3073; x_wconf 90' lang='lat' dir='ltr'><strong>plurimi</strong></span> <span class='ocrx_word' id='word_1_738' title='bbox 2614 3002 2963 3068; x_wconf 88' lang='lat' dir='ltr'><strong>laudatores,</strong></span> <span class='ocrx_word' id='word_1_739' title='bbox 2997 3008 3049 3057; x_wconf 88' lang='lat' dir='ltr'><strong>et</strong></span> <span class='ocrx_word' id='word_1_740' title='bbox 3081 3000 3191 3073; x_wconf 90' lang='lat' dir='ltr'><strong>ipsi</strong></span> <span class='ocrx_word' id='word_1_741' title='bbox 3222 3000 3282 3056; x_wconf 88' lang='lat' dir='ltr'><strong>in</strong></span> <span class='ocrx_word' id='word_1_742' title='bbox 3323 3006 3568 3073; x_wconf 88' lang='lat' dir='ltr'><strong>utroque</strong></span> <span class='ocrx_word' id='word_1_743' title='bbox 3607 3001 3921 3069; x_wconf 86' lang='lat' dir='ltr'><strong>falluntur,</strong></span> 
     </span>
    </p>
   </div>
   <div class='ocr_carea' id='block_1_93' title="bbox 2206 3091 3918 3163">
    <p class='ocr_par' dir='ltr' id='par_1_93' title="bbox 2206 3091 3918 3163">
     <span class='ocr_line' id='line_1_93' title="bbox 2206 3091 3918 3163; baseline 0.002 -17"><span class='ocrx_word' id='word_1_744' title='bbox 2206 3092 2306 3163; x_wconf 89' lang='lat' dir='ltr'><strong>qui</strong></span> <span class='ocrx_word' id='word_1_745' title='bbox 2325 3108 2438 3148; x_wconf 89' lang='lat' dir='ltr'><strong>non</strong></span> <span class='ocrx_word' id='word_1_746' title='bbox 2457 3094 2778 3149; x_wconf 87' lang='lat' dir='ltr'><strong>secundum</strong></span> <span class='ocrx_word' id='word_1_747' title='bbox 2798 3092 3099 3147; x_wconf 87' lang='lat' dir='ltr'><strong>veritatem</strong></span> <span class='ocrx_word' id='word_1_748' title='bbox 3114 3091 3235 3159; x_wconf 86' lang='lat' dir='ltr'><strong>Dei,</strong></span> <span class='ocrx_word' id='word_1_749' title='bbox 3252 3091 3352 3147; x_wconf 90' lang='lat' dir='ltr'><strong>sed</strong></span> <span class='ocrx_word' id='word_1_750' title='bbox 3369 3092 3563 3163; x_wconf 87' lang='lat' dir='ltr'><strong>potius</strong></span> <span class='ocrx_word' id='word_1_751' title='bbox 3584 3094 3918 3149; x_wconf 86' lang='lat' dir='ltr'><strong>secundum</strong></span> 
     </span>
    </p>
   </div>
   <div class='ocr_carea' id='block_1_94' title="bbox 2205 3180 3917 3255">
    <p class='ocr_par' dir='ltr' id='par_1_94' title="bbox 2205 3180 3917 3255">
     <span class='ocr_line' id='line_1_94' title="bbox 2205 3180 3917 3255; baseline 0.002 -20"><span class='ocrx_word' id='word_1_752' title='bbox 2205 3198 2369 3237; x_wconf 90' lang='lat' dir='ltr'><strong>suam</strong></span> <span class='ocrx_word' id='word_1_753' title='bbox 2384 3181 2780 3254; x_wconf 89' lang='lat' dir='ltr'><strong>suspicionem</strong></span> <span class='ocrx_word' id='word_1_754' title='bbox 2796 3182 3137 3237; x_wconf 90' lang='lat' dir='ltr'><strong>dicunteum</strong></span> <span class='ocrx_word' id='word_1_755' title='bbox 3156 3181 3332 3237; x_wconf 89' lang='lat' dir='ltr'><strong>fuisse</strong></span> <span class='ocrx_word' id='word_1_756' title='bbox 3346 3180 3644 3238; x_wconf 89' lang='lat' dir='ltr'><strong>hominem</strong></span> <span class='ocrx_word' id='word_1_757' title='bbox 3659 3199 3917 3255; x_wconf 88' lang='lat' dir='ltr'><strong>magum.</strong></span> 
     </span>
    </p>
   </div>
   <div class='ocr_carea' id='block_1_95' title="bbox 2204 3269 3918 3343">
    <p class='ocr_par' dir='ltr' id='par_1_95' title="bbox 2204 3269 3918 3343">
     <span class='ocr_line' id='line_1_95' title="bbox 2204 3269 3918 3343; baseline 0.002 -19"><span class='ocrx_word' id='word_1_758' title='bbox 2204 3270 2560 3327; x_wconf 89' lang='lat' dir='ltr'><strong>Christianos</strong></span> <span class='ocrx_word' id='word_1_759' title='bbox 2591 3270 2807 3343; x_wconf 90' lang='lat' dir='ltr'><strong>quippe</strong></span> <span class='ocrx_word' id='word_1_760' title='bbox 2837 3269 2992 3327; x_wconf 88' lang='lat' dir='ltr'><strong>velut</strong></span> <span class='ocrx_word' id='word_1_761' title='bbox 3028 3269 3330 3342; x_wconf 88' lang='lat' dir='ltr'><strong>imperitos</strong></span> <span class='ocrx_word' id='word_1_762' title='bbox 3360 3272 3707 3343; x_wconf 88' lang='lat' dir='ltr'><strong>vituperant,</strong></span> <span class='ocrx_word' id='word_1_763' title='bbox 3740 3272 3918 3327; x_wconf 88' lang='lat' dir='ltr'><strong>Chri-</strong></span> 
     </span>
    </p>
   </div>
   <div class='ocr_carea' id='block_1_96' title="bbox 2203 3360 3914 3433">
    <p class='ocr_par' dir='ltr' id='par_1_96' title="bbox 2203 3360 3914 3433">
     <span class='ocr_line' id='line_1_96' title="bbox 2203 3360 3914 3433; baseline 0.001 -16"><span class='ocrx_word' id='word_1_764' title='bbox 2203 3366 2359 3417; x_wconf 88' lang='lat' dir='ltr'><strong>stum</strong></span> <span class='ocrx_word' id='word_1_765' title='bbox 2410 3366 2605 3419; x_wconf 89' lang='lat' dir='ltr'><strong>autem</strong></span> <span class='ocrx_word' id='word_1_766' title='bbox 2653 3362 2812 3418; x_wconf 91' lang='lat' dir='ltr'><strong>velut</strong></span> <span class='ocrx_word' id='word_1_767' title='bbox 2860 3377 3095 3433; x_wconf 89' lang='lat' dir='ltr'><strong>magum</strong></span> <span class='ocrx_word' id='word_1_768' title='bbox 3146 3360 3408 3429; x_wconf 88' lang='lat' dir='ltr'><strong>laudant,</strong></span> <span class='ocrx_word' id='word_1_769' title='bbox 3438 3378 3502 3417; x_wconf 92' lang='lat' dir='ltr'><strong>ac</strong></span> <span class='ocrx_word' id='word_1_770' title='bbox 3535 3361 3620 3418; x_wconf 90' lang='lat' dir='ltr'><strong>sic</strong></span> <span class='ocrx_word' id='word_1_771' title='bbox 3651 3363 3914 3433; x_wconf 86' lang='lat' dir='ltr'><strong>produnt</strong></span> 
     </span>
    </p>
   </div>
   <div class='ocr_carea' id='block_1_97' title="bbox 2205 3452 3915 3524">
    <p class='ocr_par' dir='ltr' id='par_1_97' title="bbox 2205 3452 3915 3524">
     <span class='ocr_line' id='line_1_97' title="bbox 2205 3452 3915 3524; baseline 0.001 -17"><span class='ocrx_word' id='word_1_772' title='bbox 2205 3452 2357 3523; x_wconf 88' lang='lat' dir='ltr'><strong>quod</strong></span> <span class='ocrx_word' id='word_1_773' title='bbox 2408 3460 2604 3508; x_wconf 89' lang='lat' dir='ltr'><strong>amant</strong></span> <span class='ocrx_word' id='word_1_774' title='bbox 2637 3468 2650 3508; x_wconf 94' lang='lat'>:</span> <span class='ocrx_word' id='word_1_775' title='bbox 2684 3452 2983 3508; x_wconf 89' lang='lat' dir='ltr'><strong>Christum</strong></span> <span class='ocrx_word' id='word_1_776' title='bbox 3018 3466 3148 3506; x_wconf 91' lang='lat' dir='ltr'><strong>vero</strong></span> <span class='ocrx_word' id='word_1_777' title='bbox 3198 3468 3310 3507; x_wconf 91' lang='lat' dir='ltr'><strong>non</strong></span> <span class='ocrx_word' id='word_1_778' title='bbox 3360 3457 3590 3519; x_wconf 86' lang='lat' dir='ltr'><strong>amant;</strong></span> <span class='ocrx_word' id='word_1_779' title='bbox 3626 3454 3915 3524; x_wconf 88' lang='lat' dir='ltr'><strong>quoniam</strong></span> 
     </span>
    </p>
   </div>
   <div class='ocr_carea' id='block_1_98' title="bbox 2205 3540 3917 3614">
    <p class='ocr_par' dir='ltr' id='par_1_98' title="bbox 2205 3540 3917 3614">
     <span class='ocr_line' id='line_1_98' title="bbox 2205 3540 3917 3614; baseline 0.001 -15"><span class='ocrx_word' id='word_1_780' title='bbox 2205 3543 2358 3614; x_wconf 85' lang='lat' dir='ltr'><strong>quod</strong></span> <span class='ocrx_word' id='word_1_781' title='bbox 2409 3559 2521 3599; x_wconf 93' lang='lat' dir='ltr'><strong>non</strong></span> <span class='ocrx_word' id='word_1_782' title='bbox 2572 3549 2696 3598; x_wconf 91' lang='lat' dir='ltr'><strong>erat</strong></span> <span class='ocrx_word' id='word_1_783' title='bbox 2743 3541 3023 3609; x_wconf 89' lang='lat' dir='ltr'><strong>Christus,</strong></span> <span class='ocrx_word' id='word_1_784' title='bbox 3075 3540 3183 3597; x_wconf 83' lang='lat' dir='ltr'><strong>hoc</strong></span> <span class='ocrx_word' id='word_1_785' title='bbox 3232 3548 3451 3597; x_wconf 89' lang='lat' dir='ltr'><strong>amant.</strong></span> <span class='ocrx_word' id='word_1_786' title='bbox 3494 3542 3628 3598; x_wconf 90' lang='lat' dir='ltr'><strong>Ideo</strong></span> <span class='ocrx_word' id='word_1_787' title='bbox 3670 3560 3802 3614; x_wconf 83' lang='lat' dir='ltr'><strong>ergo</strong></span> <span class='ocrx_word' id='word_1_788' title='bbox 3848 3544 3917 3601; x_wconf 82' lang='lat' dir='ltr'><strong>in</strong></span> 
     </span>
    </p>
   </div>
   <div class='ocr_carea' id='block_1_99' title="bbox 2206 3633 3914 3705">
    <p class='ocr_par' dir='ltr' id='par_1_99' title="bbox 2206 3633 3914 3705">
     <span class='ocr_line' id='line_1_99' title="bbox 2206 3633 3914 3705; baseline 0 -15"><span class='ocrx_word' id='word_1_789' title='bbox 2206 3639 2448 3705; x_wconf 90' lang='lat' dir='ltr'><strong>utroque</strong></span> <span class='ocrx_word' id='word_1_790' title='bbox 2501 3633 2800 3703; x_wconf 86' lang='lat' dir='ltr'><strong>falluntur,</strong></span> <span class='ocrx_word' id='word_1_791' title='bbox 2834 3634 2973 3704; x_wconf 90' lang='lat' dir='ltr'><strong>quia</strong></span> <span class='ocrx_word' id='word_1_792' title='bbox 3003 3637 3059 3687; x_wconf 91' lang='lat' dir='ltr'><strong>et</strong></span> <span class='ocrx_word' id='word_1_793' title='bbox 3093 3648 3332 3704; x_wconf 89' lang='lat' dir='ltr'><strong>magum</strong></span> <span class='ocrx_word' id='word_1_794' title='bbox 3365 3649 3487 3690; x_wconf 85' lang='lat' dir='ltr'><strong>esse</strong></span> <span class='ocrx_word' id='word_1_795' title='bbox 3532 3633 3750 3690; x_wconf 89' lang='lat' dir='ltr'><strong>malum</strong></span> <span class='ocrx_word' id='word_1_796' title='bbox 3784 3640 3914 3703; x_wconf 83' lang='lat' dir='ltr'><strong>est;</strong></span> 
     </span>
    </p>
   </div>
   <div class='ocr_carea' id='block_1_100' title="bbox 2204 3724 3921 3798">
    <p class='ocr_par' dir='ltr' id='par_1_100' title="bbox 2204 3724 3921 3798">
     <span class='ocr_line' id='line_1_100' title="bbox 2204 3724 3921 3798; baseline 0.001 -17"><span class='ocrx_word' id='word_1_797' title='bbox 2204 3730 2260 3782; x_wconf 89' lang='lat' dir='ltr'><strong>et</strong></span> <span class='ocrx_word' id='word_1_798' title='bbox 2290 3740 2495 3797; x_wconf 83' lang='lat' dir='ltr'><strong>magus</strong></span> <span class='ocrx_word' id='word_1_799' title='bbox 2526 3740 2642 3780; x_wconf 90' lang='lat' dir='ltr'><strong>non</strong></span> <span class='ocrx_word' id='word_1_800' title='bbox 2669 3724 2778 3779; x_wconf 90' lang='lat' dir='ltr'><strong>fuit</strong></span> <span class='ocrx_word' id='word_1_801' title='bbox 2802 3724 3089 3789; x_wconf 86' lang='lat' dir='ltr'><strong>Christus,</strong></span> <span class='ocrx_word' id='word_1_802' title='bbox 3123 3724 3264 3795; x_wconf 90' lang='lat' dir='ltr'><strong>quia</strong></span> <span class='ocrx_word' id='word_1_803' title='bbox 3294 3724 3482 3779; x_wconf 90' lang='lat' dir='ltr'><strong>bonus</strong></span> <span class='ocrx_word' id='word_1_804' title='bbox 3515 3730 3622 3781; x_wconf 89' lang='lat' dir='ltr'><strong>est.</strong></span> <span class='ocrx_word' id='word_1_805' title='bbox 3657 3726 3921 3798; x_wconf 87' lang='lat' dir='ltr'><strong>Quapro-</strong></span> 
     </span>
    </p>
   </div>
   <div class='ocr_carea' id='block_1_101' title="bbox 2206 3813 3917 3890">
    <p class='ocr_par' dir='ltr' id='par_1_101' title="bbox 2206 3813 3917 3890">
     <span class='ocr_line' id='line_1_101' title="bbox 2206 3813 3917 3890; baseline 0 -18"><span class='ocrx_word' id='word_1_806' title='bbox 2206 3821 2332 3886; x_wconf 88' lang='lat' dir='ltr'><strong>pter</strong></span> <span class='ocrx_word' id='word_1_807' title='bbox 2352 3814 2626 3887; x_wconf 89' lang='lat' dir='ltr'><strong>quoniam</strong></span> <span class='ocrx_word' id='word_1_808' title='bbox 2650 3815 2719 3869; x_wconf 91' lang='lat' dir='ltr'><strong>de</strong></span> <span class='ocrx_word' id='word_1_809' title='bbox 2753 3813 2844 3869; x_wconf 88' lang='lat' dir='ltr'><strong>his</strong></span> <span class='ocrx_word' id='word_1_810' title='bbox 2880 3813 3026 3869; x_wconf 88' lang='lat' dir='ltr'><strong>nihil</strong></span> <span class='ocrx_word' id='word_1_811' title='bbox 3054 3813 3161 3869; x_wconf 93' lang='lat' dir='ltr'><strong>hoc</strong></span> <span class='ocrx_word' id='word_1_812' title='bbox 3187 3814 3312 3869; x_wconf 92' lang='lat' dir='ltr'><strong>loco</strong></span> <span class='ocrx_word' id='word_1_813' title='bbox 3338 3816 3651 3871; x_wconf 89' lang='lat' dir='ltr'><strong>dicendum</strong></span> <span class='ocrx_word' id='word_1_814' title='bbox 3676 3821 3780 3881; x_wconf 86' lang='lat' dir='ltr'><strong>est,</strong></span> <span class='ocrx_word' id='word_1_815' title='bbox 3810 3820 3917 3890; x_wconf 88' lang='lat' dir='ltr'><strong>qui</strong></span> 
     </span>
    </p>
   </div>
   <div class='ocr_carea' id='block_1_102' title="bbox 2202 3901 3919 3978">
    <p class='ocr_par' dir='ltr' id='par_1_102' title="bbox 2202 3901 3919 3978">
     <span class='ocr_line' id='line_1_102' title="bbox 2202 3901 3919 3978; baseline 0 -17"><span class='ocrx_word' id='word_1_816' title='bbox 2202 3905 2464 3961; x_wconf 89' lang='lat' dir='ltr'><strong>Chistum</strong></span> <span class='ocrx_word' id='word_1_817' title='bbox 2487 3905 2820 3977; x_wconf 88' lang='lat' dir='ltr'><strong>vituperant</strong></span> <span class='ocrx_word' id='word_1_818' title='bbox 2850 3907 3024 3975; x_wconf 89' lang='lat' dir='ltr'><strong>atque</strong></span> <span class='ocrx_word' id='word_1_819' title='bbox 3055 3901 3493 3975; x_wconf 84' lang='lat' dir='ltr'><strong>blasphemant;</strong></span> <span class='ocrx_word' id='word_1_820' title='bbox 3520 3906 3653 3977; x_wconf 89' lang='lat' dir='ltr'><strong>quia</strong></span> <span class='ocrx_word' id='word_1_821' title='bbox 3674 3906 3745 3961; x_wconf 89' lang='lat' dir='ltr'><strong>de</strong></span> <span class='ocrx_word' id='word_1_822' title='bbox 3772 3908 3919 3978; x_wconf 62' lang='grc' dir='ltr'><strong>διο-</strong></span> 
     </span>
    </p>
   </div>
   <div class='ocr_carea' id='block_1_103' title="bbox 2203 3994 3912 4067">
    <p class='ocr_par' dir='ltr' id='par_1_103' title="bbox 2203 3994 3912 4067">
     <span class='ocr_line' id='line_1_103' title="bbox 2203 3994 3912 4067; baseline 0.002 -18"><span class='ocrx_word' id='word_1_823' title='bbox 2203 3996 2289 4051; x_wconf 91' lang='lat' dir='ltr'><strong>ria</strong></span> <span class='ocrx_word' id='word_1_824' title='bbox 2335 3996 2459 4066; x_wconf 90' lang='lat' dir='ltr'><strong>ejus</strong></span> <span class='ocrx_word' id='word_1_825' title='bbox 2510 3994 2828 4067; x_wconf 90' lang='lat' dir='ltr'><strong>loquimur,</strong></span> <span class='ocrx_word' id='word_1_826' title='bbox 2878 4011 2993 4065; x_wconf 89' lang='lat' dir='ltr'><strong>qua</strong></span> <span class='ocrx_word' id='word_1_827' title='bbox 3037 3998 3126 4049; x_wconf 91' lang='lat' dir='ltr'><strong>est</strong></span> <span class='ocrx_word' id='word_1_828' title='bbox 3173 3995 3530 4065; x_wconf 82' lang='lat' dir='ltr'><strong>glorificatus</strong></span> <span class='ocrx_word' id='word_1_829' title='bbox 3563 3997 3619 4052; x_wconf 93' lang='lat' dir='ltr'><strong>in</strong></span> <span class='ocrx_word' id='word_1_830' title='bbox 3656 4000 3912 4053; x_wconf 89' lang='lat' dir='ltr'><strong>mundo:</strong></span> 
     </span>
    </p>
   </div>
   <div class='ocr_carea' id='block_1_104' title="bbox 2205 4083 3915 4157">
    <p class='ocr_par' dir='ltr' id='par_1_104' title="bbox 2205 4083 3915 4157">
     <span class='ocr_line' id='line_1_104' title="bbox 2205 4083 3915 4157; baseline 0.002 -17"><span class='ocrx_word' id='word_1_831' title='bbox 2205 4100 2320 4142; x_wconf 89' lang='lat' dir='ltr'><strong>non</strong></span> <span class='ocrx_word' id='word_1_832' title='bbox 2342 4102 2476 4140; x_wconf 91' lang='lat' dir='ltr'><strong>eum</strong></span> <span class='ocrx_word' id='word_1_833' title='bbox 2500 4084 2847 4156; x_wconf 80' lang='lat' dir='ltr'><strong>gloriﬁcavit</strong></span> <span class='ocrx_word' id='word_1_834' title='bbox 2873 4083 3125 4154; x_wconf 84' lang='lat' dir='ltr'><strong>Spiritus</strong></span> <span class='ocrx_word' id='word_1_835' title='bbox 3158 4089 3391 4141; x_wconf 88' lang='lat' dir='ltr'><strong>sanctus</strong></span> <span class='ocrx_word' id='word_1_836' title='bbox 3414 4102 3543 4141; x_wconf 86' lang='lat' dir='ltr'><strong>vera</strong></span> <span class='ocrx_word' id='word_1_837' title='bbox 3565 4086 3769 4157; x_wconf 85' lang='lat' dir='ltr'><strong>gloria,</strong></span> <span class='ocrx_word' id='word_1_838' title='bbox 3797 4089 3915 4144; x_wconf 88' lang='lat' dir='ltr'><strong>nisi</strong></span> 
     </span>
    </p>
   </div>
   <div class='ocr_carea' id='block_1_105' title="bbox 2205 4173 3915 4245">
    <p class='ocr_par' dir='ltr' id='par_1_105' title="bbox 2205 4173 3915 4245">
     <span class='ocr_line' id='line_1_105' title="bbox 2205 4173 3915 4245; baseline 0.002 -14"><span class='ocrx_word' id='word_1_839' title='bbox 2205 4176 2267 4232; x_wconf 89' lang='lat' dir='ltr'><strong>in</strong></span> <span class='ocrx_word' id='word_1_840' title='bbox 2312 4174 2569 4232; x_wconf 90' lang='lat' dir='ltr'><strong>Ecclesia</strong></span> <span class='ocrx_word' id='word_1_841' title='bbox 2616 4178 2819 4232; x_wconf 90' lang='lat' dir='ltr'><strong>sancta</strong></span> <span class='ocrx_word' id='word_1_842' title='bbox 2859 4173 3165 4230; x_wconf 85' lang='lat' dir='ltr'><strong>catholica.</strong></span> <span class='ocrx_word' id='word_1_843' title='bbox 3202 4175 3348 4230; x_wconf 84' lang='lat' dir='ltr'><strong>Alibi</strong></span> <span class='ocrx_word' id='word_1_844' title='bbox 3383 4176 3559 4245; x_wconf 88' lang='lat' dir='ltr'><strong>enim,</strong></span> <span class='ocrx_word' id='word_1_845' title='bbox 3594 4177 3649 4231; x_wconf 91' lang='lat' dir='ltr'><strong>id</strong></span> <span class='ocrx_word' id='word_1_846' title='bbox 3682 4184 3787 4243; x_wconf 87' lang='lat' dir='ltr'><strong>est,</strong></span> <span class='ocrx_word' id='word_1_847' title='bbox 3824 4180 3915 4234; x_wconf 83' lang='lat' dir='ltr'><strong>vel</strong></span> 
     </span>
    </p>
   </div>
   <div class='ocr_carea' id='block_1_106' title="bbox 2205 4264 3917 4337">
    <p class='ocr_par' dir='ltr' id='par_1_106' title="bbox 2205 4264 3917 4337">
     <span class='ocr_line' id='line_1_106' title="bbox 2205 4264 3917 4337; baseline 0.002 -15"><span class='ocrx_word' id='word_1_848' title='bbox 2205 4265 2357 4337; x_wconf 84' lang='lat' dir='ltr'><strong>apud</strong></span> <span class='ocrx_word' id='word_1_849' title='bbox 2403 4264 2727 4334; x_wconf 63' lang='lat' dir='ltr'><strong>hareticos,</strong></span> <span class='ocrx_word' id='word_1_850' title='bbox 2777 4266 2865 4321; x_wconf 90' lang='lat' dir='ltr'><strong>vel</strong></span> <span class='ocrx_word' id='word_1_851' title='bbox 2915 4265 3068 4335; x_wconf 90' lang='lat' dir='ltr'><strong>apud</strong></span> <span class='ocrx_word' id='word_1_852' title='bbox 3120 4266 3403 4335; x_wconf 89' lang='lat' dir='ltr'><strong>quosdam</strong></span> <span class='ocrx_word' id='word_1_853' title='bbox 3458 4282 3729 4337; x_wconf 83' lang='lat' dir='ltr'><strong>paganos,</strong></span> <span class='ocrx_word' id='word_1_854' title='bbox 3780 4284 3917 4325; x_wconf 81' lang='lat' dir='ltr'><strong>vera</strong></span> 
     </span>
    </p>
   </div>
   <div class='ocr_carea' id='block_1_107' title="bbox 2206 4354 3919 4426">
    <p class='ocr_par' dir='ltr' id='par_1_107' title="bbox 2206 4354 3919 4426">
     <span class='ocr_line' id='line_1_107' title="bbox 2206 4354 3919 4426; baseline 0.001 -15"><span class='ocrx_word' id='word_1_855' title='bbox 2206 4357 2332 4426; x_wconf 88' lang='lat' dir='ltr'><strong>ejus</strong></span> <span class='ocrx_word' id='word_1_856' title='bbox 2363 4355 2423 4411; x_wconf 92' lang='lat' dir='ltr'><strong>in</strong></span> <span class='ocrx_word' id='word_1_857' title='bbox 2462 4354 2631 4411; x_wconf 89' lang='lat' dir='ltr'><strong>terris</strong></span> <span class='ocrx_word' id='word_1_858' title='bbox 2673 4354 2855 4426; x_wconf 88' lang='lat' dir='ltr'><strong>gloria</strong></span> <span class='ocrx_word' id='word_1_859' title='bbox 2899 4370 3013 4409; x_wconf 94' lang='lat' dir='ltr'><strong>non</strong></span> <span class='ocrx_word' id='word_1_860' title='bbox 3062 4359 3249 4424; x_wconf 89' lang='lat' dir='ltr'><strong>potest</strong></span> <span class='ocrx_word' id='word_1_861' title='bbox 3292 4370 3438 4423; x_wconf 83' lang='lat' dir='ltr'><strong>esse,</strong></span> <span class='ocrx_word' id='word_1_862' title='bbox 3470 4361 3524 4410; x_wconf 93' lang='lat' dir='ltr'><strong>et</strong></span> <span class='ocrx_word' id='word_1_863' title='bbox 3557 4356 3655 4411; x_wconf 93' lang='lat' dir='ltr'><strong>ubi</strong></span> <span class='ocrx_word' id='word_1_864' title='bbox 3687 4358 3919 4413; x_wconf 81' lang='lat' dir='ltr'><strong>videtur</strong></span> 
     </span>
    </p>
   </div>
   <div class='ocr_carea' id='block_1_108' title="bbox 2202 4443 3915 4518">
    <p class='ocr_par' dir='ltr' id='par_1_108' title="bbox 2202 4443 3915 4518">
     <span class='ocr_line' id='line_1_108' title="bbox 2202 4443 3915 4518; baseline 0.002 -17"><span class='ocrx_word' id='word_1_865' title='bbox 2202 4460 2331 4501; x_wconf 88' lang='lat' dir='ltr'><strong>esse</strong></span> <span class='ocrx_word' id='word_1_866' title='bbox 2362 4445 2632 4517; x_wconf 88' lang='lat' dir='ltr'><strong>frequens</strong></span> <span class='ocrx_word' id='word_1_867' title='bbox 2656 4444 2726 4499; x_wconf 91' lang='lat' dir='ltr'><strong>de</strong></span> <span class='ocrx_word' id='word_1_868' title='bbox 2759 4443 2857 4499; x_wconf 91' lang='lat' dir='ltr'><strong>illo</strong></span> <span class='ocrx_word' id='word_1_869' title='bbox 2882 4444 3033 4499; x_wconf 84' lang='lat' dir='ltr'><strong>fama</strong></span> <span class='ocrx_word' id='word_1_870' title='bbox 3064 4460 3196 4499; x_wconf 88' lang='lat' dir='ltr'><strong>cum</strong></span> <span class='ocrx_word' id='word_1_871' title='bbox 3230 4443 3419 4499; x_wconf 86' lang='lat' dir='ltr'><strong>laude.</strong></span> <span class='ocrx_word' id='word_1_872' title='bbox 3449 4446 3586 4501; x_wconf 87' lang='lat' dir='ltr'><strong>Vera</strong></span> <span class='ocrx_word' id='word_1_873' title='bbox 3618 4463 3750 4518; x_wconf 90' lang='lat' dir='ltr'><strong>ergo</strong></span> <span class='ocrx_word' id='word_1_874' title='bbox 3782 4450 3915 4518; x_wconf 84' lang='lat' dir='ltr'><strong>ejus</strong></span> 
     </span>
    </p>
   </div>
   <div class='ocr_carea' id='block_1_109' title="bbox 2203 4532 3908 4605">
    <p class='ocr_par' dir='ltr' id='par_1_109' title="bbox 2203 4532 3908 4605">
     <span class='ocr_line' id='line_1_109' title="bbox 2203 4532 3908 4605; baseline 0.003 -18"><span class='ocrx_word' id='word_1_875' title='bbox 2203 4533 2386 4605; x_wconf 89' lang='lat' dir='ltr'><strong>gloria</strong></span> <span class='ocrx_word' id='word_1_876' title='bbox 2416 4534 2474 4590; x_wconf 92' lang='lat' dir='ltr'><strong>in</strong></span> <span class='ocrx_word' id='word_1_877' title='bbox 2506 4532 2761 4590; x_wconf 84' lang='lat' dir='ltr'><strong>Ecclesia</strong></span> <span class='ocrx_word' id='word_1_878' title='bbox 2794 4532 3076 4589; x_wconf 83' lang='lat' dir='ltr'><strong>catholica</strong></span> <span class='ocrx_word' id='word_1_879' title='bbox 3105 4533 3190 4588; x_wconf 90' lang='lat' dir='ltr'><strong>sic</strong></span> <span class='ocrx_word' id='word_1_880' title='bbox 3219 4550 3250 4588; x_wconf 87' lang='lat' dir='ltr'><strong>a</strong></span> <span class='ocrx_word' id='word_1_881' title='bbox 3284 4535 3562 4605; x_wconf 90' lang='lat' dir='ltr'><strong>propheta</strong></span> <span class='ocrx_word' id='word_1_882' title='bbox 3592 4541 3863 4592; x_wconf 85' lang='lat' dir='ltr'><strong>cantatur</strong></span> <span class='ocrx_word' id='word_1_883' title='bbox 3893 4555 3908 4592; x_wconf 88' lang='lat'>:</span> 
     </span>
    </p>
   </div>
   <div class='ocr_carea' id='block_1_110' title="bbox 2203 4624 3916 4697">
    <p class='ocr_par' dir='ltr' id='par_1_110' title="bbox 2203 4624 3916 4697">
     <span class='ocr_line' id='line_1_110' title="bbox 2203 4624 3916 4697; baseline 0.004 -20"><span class='ocrx_word' id='word_1_884' title='bbox 2203 4624 2465 4679; x_wconf 73' lang='lat' dir='ltr'><strong>Exaltare</strong></span> <span class='ocrx_word' id='word_1_885' title='bbox 2484 4639 2649 4693; x_wconf 80' lang='lat' dir='ltr'><strong>super</strong></span> <span class='ocrx_word' id='word_1_886' title='bbox 2670 4624 2845 4691; x_wconf 70' lang='lat' dir='ltr'><strong>ctrlos,</strong></span> <span class='ocrx_word' id='word_1_887' title='bbox 2871 4624 3029 4692; x_wconf 86' lang='lat' dir='ltr'><strong>Deus,</strong></span> <span class='ocrx_word' id='word_1_888' title='bbox 3052 4627 3102 4679; x_wconf 81' lang='lat' dir='ltr'><strong>et</strong></span> <span class='ocrx_word' id='word_1_889' title='bbox 3131 4638 3295 4693; x_wconf 87' lang='lat' dir='ltr'><strong>super</strong></span> <span class='ocrx_word' id='word_1_890' title='bbox 3316 4638 3527 4679; x_wconf 82' lang='lat' dir='ltr'><strong>omnem</strong></span> <span class='ocrx_word' id='word_1_891' title='bbox 3557 4631 3771 4682; x_wconf 82' lang='lat' dir='ltr'><strong>terram</strong></span> <span class='ocrx_word' id='word_1_892' title='bbox 3796 4627 3916 4697; x_wconf 86' lang='lat' dir='ltr'><strong>glo-</strong></span> 
     </span>
    </p>
   </div>
   <div class='ocr_carea' id='block_1_111' title="bbox 2202 4710 3915 4785">
    <p class='ocr_par' dir='ltr' id='par_1_111' title="bbox 2202 4710 3915 4785">
     <span class='ocr_line' id='line_1_111' title="bbox 2202 4710 3915 4785; baseline 0.004 -19"><span class='ocrx_word' id='word_1_893' title='bbox 2202 4714 2288 4767; x_wconf 85' lang='lat' dir='ltr'><strong>ria</strong></span> <span class='ocrx_word' id='word_1_894' title='bbox 2318 4720 2413 4767; x_wconf 87' lang='lat' dir='ltr'><strong>tua</strong></span> <span class='ocrx_word' id='word_1_895' title='bbox 2444 4712 2614 4782; x_wconf 85' lang='lat' dir='ltr'><strong>(Psal.</strong></span> <span class='ocrx_word' id='word_1_896' title='bbox 2648 4728 2782 4777; x_wconf 86' lang='lat' dir='ltr'><strong>cvn,</strong></span> <span class='ocrx_word' id='word_1_897' title='bbox 2813 4713 2889 4781; x_wconf 85' lang='lat'><strong>6).</strong></span> <span class='ocrx_word' id='word_1_898' title='bbox 2922 4710 3069 4777; x_wconf 87' lang='lat' dir='ltr'><strong>Quia</strong></span> <span class='ocrx_word' id='word_1_899' title='bbox 3120 4712 3313 4783; x_wconf 88' lang='lat' dir='ltr'><strong>itaque</strong></span> <span class='ocrx_word' id='word_1_900' title='bbox 3362 4718 3491 4783; x_wconf 87' lang='lat' dir='ltr'><strong>post</strong></span> <span class='ocrx_word' id='word_1_901' title='bbox 3535 4716 3661 4785; x_wconf 89' lang='lat' dir='ltr'><strong>ejus</strong></span> <span class='ocrx_word' id='word_1_902' title='bbox 3687 4716 3915 4772; x_wconf 74' lang='lat' dir='ltr'><strong>exalta—</strong></span> 
     </span>
    </p>
   </div>
   <div class='ocr_carea' id='block_1_112' title="bbox 2200 4799 3912 4877">
    <p class='ocr_par' dir='ltr' id='par_1_112' title="bbox 2200 4799 3912 4877">
     <span class='ocr_line' id='line_1_112' title="bbox 2200 4799 3912 4877; baseline 0.002 -21"><span class='ocrx_word' id='word_1_903' title='bbox 2200 4800 2418 4856; x_wconf 84' lang='lat' dir='ltr'><strong>tionem</strong></span> <span class='ocrx_word' id='word_1_904' title='bbox 2451 4808 2729 4855; x_wconf 89' lang='lat' dir='ltr'><strong>venturus</strong></span> <span class='ocrx_word' id='word_1_905' title='bbox 2762 4804 2883 4856; x_wconf 87' lang='lat' dir='ltr'><strong>erat</strong></span> <span class='ocrx_word' id='word_1_906' title='bbox 2911 4799 3160 4871; x_wconf 89' lang='lat' dir='ltr'><strong>Spiritus</strong></span> <span class='ocrx_word' id='word_1_907' title='bbox 3192 4806 3448 4871; x_wconf 86' lang='lat' dir='ltr'><strong>sanctus,</strong></span> <span class='ocrx_word' id='word_1_908' title='bbox 3482 4808 3537 4858; x_wconf 91' lang='lat' dir='ltr'><strong>et</strong></span> <span class='ocrx_word' id='word_1_909' title='bbox 3567 4819 3699 4858; x_wconf 89' lang='lat' dir='ltr'><strong>eum</strong></span> <span class='ocrx_word' id='word_1_910' title='bbox 3732 4804 3912 4877; x_wconf 75' lang='lat' dir='ltr'><strong>glori-</strong></span> 
     </span>
    </p>
   </div>
   <div class='ocr_carea' id='block_1_113' title="bbox 2204 4887 3913 4965">
    <p class='ocr_par' dir='ltr' id='par_1_113' title="bbox 2204 4887 3913 4965">
     <span class='ocr_line' id='line_1_113' title="bbox 2204 4887 3913 4965; baseline 0.002 -20"><span class='ocrx_word' id='word_1_911' title='bbox 2204 4890 2507 4959; x_wconf 86' lang='lat' dir='ltr'><strong>ficaturus,</strong></span> <span class='ocrx_word' id='word_1_912' title='bbox 2561 4889 2664 4946; x_wconf 91' lang='lat' dir='ltr'><strong>hoc</strong></span> <span class='ocrx_word' id='word_1_913' title='bbox 2713 4905 2878 4945; x_wconf 86' lang='lat' dir='ltr'><strong>sacer</strong></span> <span class='ocrx_word' id='word_1_914' title='bbox 2925 4887 3216 4959; x_wconf 83' lang='lat' dir='ltr'><strong>Psalmus,</strong></span> <span class='ocrx_word' id='word_1_915' title='bbox 3252 4890 3356 4945; x_wconf 91' lang='lat' dir='ltr'><strong>hoc</strong></span> <span class='ocrx_word' id='word_1_916' title='bbox 3404 4892 3527 4962; x_wconf 88' lang='lat' dir='ltr'><strong>ipse</strong></span> <span class='ocrx_word' id='word_1_917' title='bbox 3559 4892 3913 4965; x_wconf 87' lang='lat' dir='ltr'><strong>Unigenitus</strong></span> 
     </span>
    </p>
   </div>
   <div class='ocr_carea' id='block_1_114' title="bbox 2203 4978 3632 5053">
    <p class='ocr_par' dir='ltr' id='par_1_114' title="bbox 2203 4978 3632 5053">
     <span class='ocr_line' id='line_1_114' title="bbox 2203 4978 3632 5053; baseline 0.001 -18"><span class='ocrx_word' id='word_1_918' title='bbox 2203 4980 2468 5050; x_wconf 88' lang='lat' dir='ltr'><strong>promisit</strong></span> <span class='ocrx_word' id='word_1_919' title='bbox 2499 4980 2784 5046; x_wconf 89' lang='lat' dir='ltr'><strong>futurum,</strong></span> <span class='ocrx_word' id='word_1_920' title='bbox 2819 4980 2974 5049; x_wconf 91' lang='lat' dir='ltr'><strong>quod</strong></span> <span class='ocrx_word' id='word_1_921' title='bbox 3008 4978 3269 5034; x_wconf 88' lang='lat' dir='ltr'><strong>videmus</strong></span> <span class='ocrx_word' id='word_1_922' title='bbox 3299 4978 3632 5053; x_wconf 89' lang='lat' dir='ltr'><strong>impletum.</strong></span> 
     </span>
    </p>
   </div>
   <div class='ocr_carea' id='block_1_115' title="bbox 2273 5069 3915 5141">
    <p class='ocr_par' dir='ltr' id='par_1_115' title="bbox 2273 5069 3915 5141">
     <span class='ocr_line' id='line_1_115' title="bbox 2273 5069 3915 5141; baseline 0.005 -19"><span class='ocrx_word' id='word_1_923' title='bbox 2273 5070 2324 5123; x_wconf 80' lang='grc'><strong>4.</strong></span> <span class='ocrx_word' id='word_1_924' title='bbox 2356 5069 2514 5133; x_wconf 90' lang='lat' dir='ltr'><strong>Quod</strong></span> <span class='ocrx_word' id='word_1_925' title='bbox 2565 5074 2759 5124; x_wconf 90' lang='lat' dir='ltr'><strong>autem</strong></span> <span class='ocrx_word' id='word_1_926' title='bbox 2807 5069 2910 5137; x_wconf 89' lang='lat' dir='ltr'><strong>ait,</strong></span> <span class='ocrx_word' id='word_1_927' title='bbox 2943 5069 3013 5123; x_wconf 89' lang='lat' dir='ltr'><strong>De</strong></span> <span class='ocrx_word' id='word_1_928' title='bbox 3042 5084 3160 5124; x_wconf 84' lang='lat' dir='ltr'><strong>meo</strong></span> <span class='ocrx_word' id='word_1_929' title='bbox 3190 5071 3436 5141; x_wconf 77' lang='lat' dir='ltr'><strong>accipiet,</strong></span> <span class='ocrx_word' id='word_1_930' title='bbox 3472 5076 3521 5126; x_wconf 84' lang='lat' dir='ltr'><strong>et</strong></span> <span class='ocrx_word' id='word_1_931' title='bbox 3551 5074 3915 5131; x_wconf 80' lang='lat' dir='ltr'><strong>ammntiabit</strong></span> 
     </span>
    </p>
   </div>
   <div class='ocr_carea' id='block_1_116' title="bbox 2200 5156 3910 5233">
    <p class='ocr_par' dir='ltr' id='par_1_116' title="bbox 2200 5156 3910 5233">
     <span class='ocr_line' id='line_1_116' title="bbox 2200 5156 3910 5233; baseline 0.002 -19"><span class='ocrx_word' id='word_1_932' title='bbox 2200 5159 2369 5224; x_wconf 83' lang='lat' dir='ltr'><strong>vobis,</strong></span> <span class='ocrx_word' id='word_1_933' title='bbox 2403 5156 2703 5214; x_wconf 88' lang='lat' dir='ltr'><strong>catholicis</strong></span> <span class='ocrx_word' id='word_1_934' title='bbox 2759 5157 2954 5214; x_wconf 87' lang='lat' dir='ltr'><strong>audite</strong></span> <span class='ocrx_word' id='word_1_935' title='bbox 3001 5158 3262 5227; x_wconf 88' lang='lat' dir='ltr'><strong>auribus,</strong></span> <span class='ocrx_word' id='word_1_936' title='bbox 3298 5159 3599 5216; x_wconf 90' lang='lat' dir='ltr'><strong>catholicis</strong></span> <span class='ocrx_word' id='word_1_937' title='bbox 3632 5162 3910 5233; x_wconf 87' lang='lat' dir='ltr'><strong>percipite</strong></span> 
     </span>
    </p>
   </div>
   <div class='ocr_carea' id='block_1_117' title="bbox 2204 5248 3905 5319">
    <p class='ocr_par' dir='ltr' id='par_1_117' title="bbox 2204 5248 3905 5319">
     <span class='ocr_line' id='line_1_117' title="bbox 2204 5248 3905 5319; baseline 0.001 -13"><span class='ocrx_word' id='word_1_938' title='bbox 2204 5248 2516 5306; x_wconf 87' lang='lat' dir='ltr'><strong>mentibus.</strong></span> <span class='ocrx_word' id='word_1_939' title='bbox 2542 5248 2666 5303; x_wconf 92' lang='lat' dir='ltr'><strong>Non</strong></span> <span class='ocrx_word' id='word_1_940' title='bbox 2690 5248 2845 5304; x_wconf 90' lang='lat' dir='ltr'><strong>enim</strong></span> <span class='ocrx_word' id='word_1_941' title='bbox 2873 5252 3193 5319; x_wconf 88' lang='lat' dir='ltr'><strong>propterea,</strong></span> <span class='ocrx_word' id='word_1_942' title='bbox 3214 5248 3366 5304; x_wconf 88' lang='lat' dir='ltr'><strong>sicut</strong></span> <span class='ocrx_word' id='word_1_943' title='bbox 3390 5250 3628 5319; x_wconf 86' lang='lat' dir='ltr'><strong>quidam</strong></span> <span class='ocrx_word' id='word_1_944' title='bbox 3654 5250 3905 5307; x_wconf 78' lang='lat' dir='ltr'><strong>haeretici</strong></span> 
     </span>
    </p>
   </div>
   <div class='ocr_carea' id='block_1_118' title="bbox 2198 5336 3904 5411">
    <p class='ocr_par' dir='ltr' id='par_1_118' title="bbox 2198 5336 3904 5411">
     <span class='ocr_line' id='line_1_118' title="bbox 2198 5336 3904 5411; baseline -0.001 -14"><span class='ocrx_word' id='word_1_945' title='bbox 2198 5342 2574 5411; x_wconf 89' lang='lat' dir='ltr'><strong>putaverunt,</strong></span> <span class='ocrx_word' id='word_1_946' title='bbox 2605 5338 2797 5393; x_wconf 91' lang='lat' dir='ltr'><strong>minor</strong></span> <span class='ocrx_word' id='word_1_947' title='bbox 2826 5343 2913 5394; x_wconf 89' lang='lat' dir='ltr'><strong>est</strong></span> <span class='ocrx_word' id='word_1_948' title='bbox 2943 5337 3085 5393; x_wconf 87' lang='lat' dir='ltr'><strong>Filio</strong></span> <span class='ocrx_word' id='word_1_949' title='bbox 3131 5336 3385 5409; x_wconf 91' lang='lat' dir='ltr'><strong>Spiritus</strong></span> <span class='ocrx_word' id='word_1_950' title='bbox 3416 5345 3656 5396; x_wconf 78' lang='lat' dir='ltr'><strong>sanctus</strong></span> <span class='ocrx_word' id='word_1_951' title='bbox 3691 5357 3705 5396; x_wconf 90' lang='lat'><strong>:</strong></span> <span class='ocrx_word' id='word_1_952' title='bbox 3739 5343 3904 5411; x_wconf 88' lang='lat' dir='ltr'><strong>quasi</strong></span> 
     </span>
    </p>
   </div>
   <div class='ocr_carea' id='block_1_119' title="bbox 2203 5427 3903 5499">
    <p class='ocr_par' dir='ltr' id='par_1_119' title="bbox 2203 5427 3903 5499">
     <span class='ocr_line' id='line_1_119' title="bbox 2203 5427 3903 5499; baseline 0 -14"><span class='ocrx_word' id='word_1_953' title='bbox 2203 5430 2384 5485; x_wconf 90' lang='lat' dir='ltr'><strong>Filius</strong></span> <span class='ocrx_word' id='word_1_954' title='bbox 2432 5427 2678 5499; x_wconf 88' lang='lat' dir='ltr'><strong>accipiat</strong></span> <span class='ocrx_word' id='word_1_955' title='bbox 2708 5445 2741 5483; x_wconf 90' lang='lat' dir='ltr'><strong>a</strong></span> <span class='ocrx_word' id='word_1_956' title='bbox 2770 5427 2961 5493; x_wconf 90' lang='lat' dir='ltr'><strong>Patre,</strong></span> <span class='ocrx_word' id='word_1_957' title='bbox 2993 5434 3047 5482; x_wconf 94' lang='lat' dir='ltr'><strong>et</strong></span> <span class='ocrx_word' id='word_1_958' title='bbox 3092 5427 3344 5497; x_wconf 89' lang='lat' dir='ltr'><strong>Spiritus</strong></span> <span class='ocrx_word' id='word_1_959' title='bbox 3394 5434 3625 5485; x_wconf 88' lang='lat' dir='ltr'><strong>sanctus</strong></span> <span class='ocrx_word' id='word_1_960' title='bbox 3676 5448 3710 5485; x_wconf 90' lang='lat' dir='ltr'><strong>a</strong></span> <span class='ocrx_word' id='word_1_961' title='bbox 3759 5429 3903 5485; x_wconf 84' lang='lat' dir='ltr'><strong>Filio</strong></span> 
     </span>
    </p>
   </div>
   <div class='ocr_carea' id='block_1_120' title="bbox 2203 5516 3902 5592">
    <p class='ocr_par' dir='ltr' id='par_1_120' title="bbox 2203 5516 3902 5592">
     <span class='ocr_line' id='line_1_120' title="bbox 2203 5516 3902 5592; baseline 0.002 -17"><span class='ocrx_word' id='word_1_962' title='bbox 2203 5519 2554 5592; x_wconf 86' lang='lat' dir='ltr'><strong>quibusdam</strong></span> <span class='ocrx_word' id='word_1_963' title='bbox 2602 5516 2875 5589; x_wconf 84' lang='lat' dir='ltr'><strong>gradibus</strong></span> <span class='ocrx_word' id='word_1_964' title='bbox 2925 5521 3285 5574; x_wconf 88' lang='lat' dir='ltr'><strong>naturarum.</strong></span> <span class='ocrx_word' id='word_1_965' title='bbox 3319 5518 3481 5575; x_wconf 87' lang='lat' dir='ltr'><strong>Absit</strong></span> <span class='ocrx_word' id='word_1_966' title='bbox 3510 5517 3617 5575; x_wconf 89' lang='lat' dir='ltr'><strong>hoc</strong></span> <span class='ocrx_word' id='word_1_967' title='bbox 3649 5521 3902 5588; x_wconf 89' lang='lat' dir='ltr'><strong>credere,</strong></span> 
     </span>
    </p>
   </div>
   <div class='ocr_carea' id='block_1_121' title="bbox 2201 5607 3897 5682">
    <p class='ocr_par' dir='ltr' id='par_1_121' title="bbox 2201 5607 3897 5682">
     <span class='ocr_line' id='line_1_121' title="bbox 2201 5607 3897 5682; baseline -0.001 -15"><span class='ocrx_word' id='word_1_968' title='bbox 2201 5609 2353 5667; x_wconf 88' lang='lat' dir='ltr'><strong>absit</strong></span> <span class='ocrx_word' id='word_1_969' title='bbox 2377 5607 2484 5667; x_wconf 89' lang='lat' dir='ltr'><strong>hoc</strong></span> <span class='ocrx_word' id='word_1_970' title='bbox 2507 5609 2718 5682; x_wconf 91' lang='lat' dir='ltr'><strong>dicere,</strong></span> <span class='ocrx_word' id='word_1_971' title='bbox 2743 5609 2893 5667; x_wconf 84' lang='lat' dir='ltr'><strong>absit</strong></span> <span class='ocrx_word' id='word_1_972' title='bbox 2914 5625 2947 5665; x_wconf 88' lang='lat' dir='ltr'><strong>a</strong></span> <span class='ocrx_word' id='word_1_973' title='bbox 2971 5608 3309 5666; x_wconf 85' lang='lat' dir='ltr'><strong>Christianis</strong></span> <span class='ocrx_word' id='word_1_974' title='bbox 3340 5609 3614 5667; x_wconf 88' lang='lat' dir='ltr'><strong>cordibus</strong></span> <span class='ocrx_word' id='word_1_975' title='bbox 3636 5611 3897 5682; x_wconf 81' lang='lat' dir='ltr'><strong>cogitare.</strong></span> 
     </span>
    </p>
   </div>
  </div>
