4182 6198
325 272 483 331 1893
1246 254 1275 265 ’

320 407 587 479 Denique
617 406 893 463 continuo
920 404 1091 462 solvit
1119 405 1242 477 ipse
1274 404 1675 475 quaestionem,
1699 409 1757 461 et
1786 421 1888 462 cur
1917 404 2027 461 hoc

318 498 551 566 dixerit,
584 496 931 570 explanavit.
966 496 1181 562 Omnia,
1214 495 1427 567 inquit,
1471 510 1828 569 quaecumque
1868 495 2027 550 habet

316 592 505 657 Pater,
537 603 657 644 mea
690 594 821 643 sunt
851 603 873 645 .'
900 594 1191 658 propterea
1220 585 1345 641 dixi
1373 588 1502 656 quia
1530 585 1594 641 de
1624 602 1739 643 meo
1769 584 2022 655 accipiet,

314 682 366 733 et
416 677 773 734 annuntiabit
812 678 981 733 vobis.
1034 676 1181 742 Quid
1229 675 1401 731 vultis
1450 675 1747 747 amplius?
1777 676 1919 745 Ergo
1955 676 2023 729 do

318 768 487 824 Patre
509 768 720 841 accipit
758 768 1012 840 Spiritus
1047 770 1306 835 sanctus,
1341 766 1494 822 unde
1542 766 1754 838 accipit
1802 766 2019 832 Filius;

316 859 459 930 quia
491 859 550 914 in
594 857 704 914 hac
745 857 1024 913 Trinitate
1058 857 1127 913 de
1156 857 1326 912 Patre
1370 864 1534 912 natus
1583 859 1667 912 est
1718 855 1920 921 Filius,
1953 855 2023 909 de

316 953 489 1007 Patre
521 950 775 1022 procedit
805 949 1055 1021 Spiritus
1084 957 1340 1006 sanctus.
1376 948 1483 1016 Qui
1528 952 1723 1005 autem
1758 947 1829 1004 de
1862 947 2022 1003 nullo

317 1044 494 1096 natus
525 1040 623 1108 sit,
658 1038 727 1095 de
775 1038 938 1095 nullo
986 1040 1277 1112 procedat,
1328 1038 1491 1096 Pater
1538 1038 1691 1094 solus
1730 1044 1836 1093 est.
1871 1038 2021 1102 Quo-

315 1130 491 1186 modo
520 1133 713 1185 autem
746 1128 953 1185 dixerit
984 1127 1312 1199 unigenitus
1342 1126 1543 1197 Filius,
1567 1127 1764 1184 Omnia
1784 1143 1909 1199 quae
1929 1127 2023 1183 ha-

315 1221 405 1276 bet
435 1224 621 1286 Pater,
654 1234 774 1274 mea
802 1225 934 1273 sunt
963 1217 1124 1289 (quia
1158 1217 1354 1289 utique
1382 1234 1494 1274 non
1527 1218 1611 1273 sic
1638 1218 2022 1289 quemadmo-

312 1311 460 1365 dum
478 1309 698 1365 dictum
722 1316 808 1365 est
830 1306 911 1363 illi
933 1307 1076 1364 Filio
1101 1324 1214 1363 non
1240 1308 1671 1379 unigenito,sed
1697 1325 1765 1364 ex
1796 1308 2022 1365 duobus

314 1401 549 1470 majori,
584 1400 657 1455 Tu
687 1415 898 1455 mecum
926 1414 981 1455 es
1009 1414 1238 1469 semper,
1270 1405 1323 1454 et
1362 1401 1547 1454 omnia
1594 1414 1720 1455 mea
1758 1408 1855 1454 tua
1890 1409 2021 1457 sunt

310 1493 466 1564 [Luc.
493 1507 585 1561 xv,
607 1490 750 1561 31]);
780 1506 845 1547 eo
880 1491 1026 1560 loco,
1060 1488 1110 1545 si
1140 1489 1424 1545 Dominus
1456 1489 1719 1559 voluerit,
1754 1490 2022 1562 diligenti

311 1580 778 1637 consideratione
803 1577 1168 1647 tractabitur,
1192 1580 1292 1636 ubi
1315 1580 1454 1635 dicit
1477 1580 1818 1651 Unigenitus
1840 1582 2017 1649 Patri,

310 1672 375 1726 Et
394 1687 517 1726 mea
539 1671 722 1727 omnia
743 1673 838 1725 tua
857 1675 1003 1737 sunt,
1022 1676 1075 1725 et
1097 1677 1192 1725 tna
1222 1686 1341 1725 mea
1371 1673 1498 1725 sunt
1520 1670 1699 1741 (Joan.
1726 1687 1863 1740 xvii,
1890 1671 1977 1739 10)
2002 1687 2015 1726 :

308 1766 375 1817 ut
393 1761 489 1817 hic
512 1762 618 1817 iste
641 1777 831 1817 sermo
854 1759 1185 1829 claudatur;
1211 1760 1484 1832 quoniam
1510 1778 1639 1834 quae
1672 1766 2016 1833 sequuntur,

307 1850 471 1906 aliud
508 1852 778 1921 poscunt,
806 1866 921 1922 quo
953 1849 1340 1915 disserantur,
1370 1850 1696 1906 exordium.

893 1972 1317 2030 TRACTATUS
1357 1973 1445 2029 Cl.

306 2085 382 2139 De
403 2097 465 2139 eo
494 2080 635 2153 quod
664 2082 929 2138 Dominus
962 2080 1116 2145 dicit,
1149 2080 1439 2137 Modicum
1473 2085 1530 2138 et
1556 2082 1680 2153 jam
1713 2099 1828 2139 non
1862 2083 2015 2141 vide-

378 2169 519 2226 bitis
549 2185 670 2236 me;
692 2184 864 2243 usque
890 2167 1056 2237 adid,
1079 2168 1147 2224 Et
1176 2168 1234 2224 in
1267 2167 1366 2224 illo
1388 2168 1481 2225 die
1513 2185 1605 2226 me
1637 2187 1754 2229 non
1784 2173 2017 2245 rogabi-

377 2262 458 2317 tis
488 2259 839 2332 quidquam.
871 2259 1001 2330 Cap.
1032 2274 1148 2326 xv1,
1182 2259 1239 2327 ir,
1275 2259 1461 2315 16-23.

379 2381 433 2437 1.
472 2380 598 2436 "me
641 2376 873 2434 Domini
904 2377 1080 2433 verba
1120 2376 1216 2433 ubi
1257 2376 1357 2446 ait,
1390 2377 1651 2435 Modicum
1680 2388 1733 2437 et
1748 2382 1873 2453 jam
1903 2399 2012 2440 non

306 2471 575 2528 videbitis
623 2486 726 2535 me,
761 2473 812 2526 et
842 2471 1043 2526 iterum
1084 2469 1356 2526 modicum
1385 2474 1437 2525 et
1466 2471 1717 2528 videbitis
1744 2489 1850 2543 me,
1881 2476 2012 2547 quia

303 2560 444 2617 vado
464 2560 533 2616 ad
557 2562 797 2627 Patrem,
812 2558 895 2615 ita
916 2559 1164 2616 obscura
1186 2560 1680 2631 erantdiscipulis,
1696 2568 2008 2636 antequam

304 2652 363 2707 id
396 2652 554 2724 quod
585 2651 725 2708 dicit
753 2649 1056 2723 impletum
1091 2657 1262 2718 esset,
1296 2654 1357 2706 ut
1386 2660 1711 2723 quaerentes
1755 2654 1907 2711 inter
1949 2675 2012 2716 se

300 2742 443 2813 quid
468 2745 620 2797 esset
642 2741 796 2813 quod
820 2741 1059 2807 diceret,
1080 2740 1319 2797 omnino
1342 2757 1402 2797 se
1425 2741 1743 2799 faterentur
1764 2747 2006 2805 nescire.

300 2831 581 2904 Sequitur
609 2830 768 2887 enim
799 2829 1175 2902 Evangelium
1203 2846 1217 2886 :
1242 2831 1515 2886 Dixerunt
1535 2847 1662 2901 ergo
1683 2848 1755 2888 ex
1773 2834 2009 2908 discipu-

295 2923 367 2977 lis
397 2924 513 2995 ejus
542 2921 611 2976 ad
642 2922 897 2987 invicem,
932 2919 1070 2988 Quid
1101 2927 1178 2976 est
1208 2920 1308 2975 hoc
1335 2920 1476 2992 quod
1514 2920 1643 2976 dicit
1684 2924 1862 2994 nobis,
1897 2926 2006 2983 Μο-

291 3012 476 3067 dicum
496 3018 551 3066 et
570 3026 676 3065 non
698 3007 953 3065 videbitis
974 3025 1083 3075 me,
1097 3014 1147 3064 et
1166 3011 1369 3064 iterum
1387 3009 1661 3066 modicum
1677 3019 1729 3066 et
1752 3012 2009 3071 videbitis

290 3117 401 3169 me,
435 3105 486 3157 et
516 3102 649 3172 quia
688 3098 827 3155 vado
876 3098 945 3154 ad
992 3100 1259 3153 Patrem?
1289 3098 1549 3155 Dicebant
1581 3116 1727 3171 ergo,
1760 3103 1900 3171 Quid
1929 3111 2004 3159 est

286 3190 387 3245 hoc
416 3188 558 3263 quod
585 3188 739 3255 dicit,
774 3187 1075 3244 Modicum?
1104 3188 1381 3244 Nescimus
1413 3188 1545 3258 quid
1580 3190 1842 3261 loquitur.
1886 3193 2004 3250 Hoc

285 3280 443 3336 enim
496 3286 584 3335 est
629 3278 782 3350 quod
816 3293 908 3334 eos
960 3277 1246 3344 movebat,
1279 3276 1417 3348 quia
1448 3278 1615 3346 dixit,
1648 3280 1924 3337 Modicum
1954 3286 2003 3338 et

286 3386 400 3426 non
424 3368 674 3424 videbitis
695 3382 802 3435 me,
817 3374 868 3422 et
893 3369 1094 3422 iterum
1114 3366 1393 3422 modicum
1405 3366 1714 3424 ctvidebitis
1735 3386 1838 3426 me.
1856 3371 2001 3427 Nam

286 3462 350 3517 in
400 3457 871 3533 praecedentibus
922 3456 1061 3529 quia
1111 3473 1230 3513 non
1280 3457 1519 3528 dixerat,
1566 3458 1852 3528 Modicum,
1900 3462 2000 3518 sed

289 3550 537 3617 dixerat,
567 3548 643 3602 Ad
672 3549 893 3604 Patrem
914 3546 1069 3617 vado,
1091 3553 1143 3601 et
1173 3547 1293 3617 jam
1314 3564 1421 3604 non
1440 3547 1689 3606 videbitis
1717 3566 1803 3606 me
1825 3553 2001 3622 (Joan.

290 3657 412 3708 xvi,
446 3641 571 3709 10);
604 3642 877 3708 tanquam
923 3642 1118 3708 aperte
1160 3636 1278 3694 illis
1307 3639 1469 3694 visus
1497 3642 1585 3695 est
1613 3640 1866 3709 locutus,
1900 3660 2003 3700 nec

294 3734 451 3788 inter
480 3744 543 3786 se
573 3730 643 3784 de
676 3728 781 3784 hoc
832 3728 1052 3801 aliquid
1087 3730 1460 3800 quaesierunt.
1491 3730 1655 3789 Nunc
1686 3748 1821 3806 ergo
1840 3734 2005 3807 quod

294 3822 414 3877 illis
464 3824 603 3876 tunc
654 3817 965 3874 obscurum
1011 3817 1140 3887 fuit,
1175 3822 1231 3874 et
1259 3836 1392 3875 mox
1419 3821 1858 3881 manifestatum
1892 3829 2002 3894 est,

284 3913 417 3983 jam
442 3908 611 3966 nobis
631 3907 827 3979 utique
848 3907 1219 3964 manifestum
1238 3912 1322 3965 est
1339 3926 1351 3963 :
1370 3913 1498 3982 post
1520 3911 1822 3982 paululum
1846 3915 2002 3972 enim

291 4017 509 4074 passus
540 4004 649 4066 est,
673 4002 865 4054 etnon
890 3997 1160 4055 viderunt
1181 4015 1344 4070 eum;
1379 4017 1602 4071 rursus,
1639 4007 1769 4075 post
1794 4006 2004 4077 paulu-

285 4091 417 4146 lum
472 4088 812 4154 resurrexit,
845 4091 901 4144 et
948 4087 1219 4144 viderunt
1249 4105 1405 4146 eum.
1442 4089 1588 4146 Illud
1621 4096 1814 4150 autem
1848 4096 2000 4167 quod

286 4181 395 4249 ait,
418 4182 544 4237 1am
572 4196 677 4235 non
710 4178 962 4235 videbitis
984 4195 1087 4246 me,
1120 4180 1256 4251 quia
1287 4180 1399 4237 isto
1421 4182 1616 4251 verbo,
1644 4182 1699 4237 id
1730 4188 2002 4257 est,jam,

284 4273 401 4329 hoc
448 4268 690 4341 intelligi
723 4267 904 4339 voluit
933 4268 1083 4340 quod
1117 4285 1250 4325 eum
1286 4268 1531 4326 ulterius
1570 4288 1686 4328 non
1722 4274 2002 4345 viderent;

286 4360 370 4417 ibi
410 4359 786 4432 exposuimus
821 4359 1108 4431 quomodo
1142 4359 1544 4429 accipiendum
1576 4362 1675 4427 sit,
1709 4363 1809 4417 ubi
1841 4364 2004 4433 dixit,

287 4453 369 4507 De
397 4451 614 4518 iustitia
650 4452 843 4520 arguet
873 4447 1135 4503 mundum
1183 4448 1434 4520 Spiritus
1484 4454 1744 4519 sanctus,
1777 4454 1907 4525 quia
1937 4453 2007 4509 ad

290 4543 522 4595 Patrem
569 4539 723 4607 vado,
751 4545 802 4594 et
844 4539 959 4609 iam
1008 4554 1114 4594 non
1163 4538 1415 4594 videbitis
1454 4555 1540 4595 me
1569 4539 1792 4611 (Supra,
1829 4543 2003 4599 Tract.

288 4632 386 4703 05)
424 4646 437 4685 :
472 4630 610 4702 quia
639 4628 855 4686 scilicet
906 4628 1208 4685 mortalem
1259 4629 1551 4686 Christum
1598 4630 1844 4689 ulterius
1890 4651 2006 4693 non

290 4720 583 4777 viderent.

368 4812 424 4867 '2.
460 4810 717 4880 Cognovit
745 4817 925 4866 autem
954 4811 1130 4882 Jesus,
1163 4809 1316 4866 sicut
1346 4824 1594 4882 sequens
1645 4811 2009 4884 Evangelista

291 4900 463 4967 dicit,
494 4900 631 4972 quia
670 4899 919 4956 volebant
964 4917 1086 4957 eum
1137 4901 1496 4969 interrogare,
1524 4904 1574 4955 et
1604 4899 1748 4956 dixit
1775 4901 1855 4958 eis
1884 4919 1904 4959 .·
1932 4905 2010 4960 De

292 4991 399 5046 hoc
420 4989 677 5062 quaeritis
698 4991 844 5045 inter
865 5005 975 5058 vos,
998 4992 1131 5062 quia
1150 4990 1290 5056 dixi,
1316 4988 1577 5045 Modicum
1599 4997 1653 5045 et
1680 5008 1784 5046 non
1804 4992 2009 5048 videbi-

290 5080 369 5134 tis
398 5093 507 5147 me,
531 5083 584 5133 et
606 5079 805 5134 iterum
834 5078 1106 5134 modicum
1136 5082 1182 5133 et
1213 5077 1468 5133 videbitis
1498 5093 1601 5134 me.
1635 5078 1825 5148 Amen,
1848 5095 2007 5137 amen

286 5168 413 5224 dico
436 5166 609 5233 vobis,
635 5167 772 5237 quia
802 5166 1091 5238 plorabitis
1112 5173 1163 5223 et
1188 5166 1385 5239 ﬂebilis
1409 5182 1499 5222 vos
1508 5185 1530 5233 ;
1561 5168 1799 5223 mundus
1821 5176 2007 5224 autem

284 5260 563 5331 gaudebit
583 5276 601 5314 :
620 5275 712 5314 vos
734 5262 919 5313 autem
939 5255 1431 5327 contristabimini,
1453 5257 1546 5313 sed
1569 5257 1809 5314 tristitia
1829 5263 2007 5316 vestra

290 5354 351 5407 in
379 5349 658 5423 gaudium
685 5348 799 5405 erit
821 5346 861 5404 ί.
892 5347 957 5403 Et
987 5347 1097 5403 hoc
1126 5347 1207 5403 sic
1238 5345 1420 5419 accipi
1453 5350 1664 5418 potest,
1698 5348 1836 5419 quia
1866 5365 2004 5405 con-

284 5439 508 5496 tristati
540 5441 682 5495 sunt
712 5436 985 5508 discipuli
1017 5437 1087 5493 de
1115 5438 1297 5493 morte
1330 5435 1582 5504 Domini,
1613 5438 1669 5492 et
1699 5437 2005 5494 confestim

286 5526 362 5584 de
394 5524 826 5585 resurrectione
850 5524 1025 5581 laatati
1058 5542 1071 5580 :
1100 5525 1358 5581 mundus
1390 5528 1609 5595 autem,
1635 5540 1749 5597 quo
1771 5526 2008 5582 nomine

360 5662 374 5693 ¹
400 5658 487 5708 Sic
509 5657 636 5707 Mss.
672 5657 741 5708 At
774 5654 921 5714 editi,
951 5657 1178 5705 vertetur
1212 5652 1267 5703 in
1295 5653 1559 5715 gaudium.

1558 267 2025 331 TRAC'I‘ATUS
2071 267 2165 329 CI.
2211 267 2468 329 CAPUT
2512 267 2667 330 XVI.

3678 290 3833 353 1894

2137 402 2442 493 signiﬁcati
2476 408 2610 459 sunt
2643 404 2867 461 inimici
2890 422 2922 461 a
2944 406 3157 478 quibus
3178 410 3443 470 Christus
3467 419 3689 478 occisus
3721 430 3833 493 est,

2134 496 2275 548 tunc
2307 492 2508 565 utique
2539 493 2711 549 laetati
2755 500 2893 551 sunt
2924 497 3113 552 occiso
3145 498 3393 572 Christo,
3427 510 3657 576 quando
3698 492 3837 571 sunt

2136 582 2408 655 discipuli
2455 584 2799 639 contristati.
2832 587 3033 642 Mundi
3081 588 3295 662 quippe
3325 595 3583 662 nomine,
3618 601 3839 659 malitia

2136 676 2330 744 potest
2361 673 2565 728 mundi
2599 674 2773 744 hujus
2805 674 3076 747 intelligi,
3100 678 3159 732 id
3182 685 3267 735 est
3290 681 3595 741 hominum
3628 692 3837 746 mundi

2136 764 2313 834 hujus
2343 764 2685 821 amicorum.
2714 764 2872 820 Unde
2895 766 3148 823 Jacobus
3181 773 3471 841 apostolus
3495 775 3550 831 in
3578 778 3838 849 Epistola

2135 871 2243 909 sua
2272 854 2432 919 dicit,
2457 855 2786 927 Quicumque
2818 856 3057 913 voluerit
3085 864 3297 919 amicus
3326 879 3438 922 esse
3466 867 3628 939 hujus
3649 874 3841 929 saeculi

2132 943 2390 999 inimicus
2422 945 2519 999 Dei
2547 946 2903 1001 constituitur
2934 948 3141 1019 (Jacobi
3160 967 3233 1019 ιν,
3259 953 3313 1021 4)
3350 970 3361 1008 :
3396 956 3607 1025 quibus
3638 961 3836 1019 inimi-

2134 1033 2287 1090 citiis
2310 1034 2409 1090 Dei
2434 1037 2648 1092 factum
2672 1040 2757 1092 est
2782 1043 2969 1093 utnec
2992 1040 3119 1109 ejus
3143 1040 3451 1114 Unigenito
3479 1057 3837 1118 parceretur.

2205 1124 2256 1180 3.
2294 1124 2516 1215 Deinde
2564 1126 2884 1199 subjungit,
2919 1131 2975 1184 et
3023 1129 3210 1186 dicit:
3245 1132 3443 1190 Mulier
3496 1153 3618 1196 cum
3663 1145 3837 1215 parit,

2132 1214 2425 1272 tristitiam
2456 1214 2637 1284 habet,
2662 1216 2789 1287 quia
2810 1220 2960 1274 venit
2987 1220 3121 1275 hora
3149 1222 3295 1293 ejus;
3315 1239 3439 1280 cum
3466 1237 3650 1285 autem
3678 1247 3835 1304 pepe-

2131 1307 2267 1362 rerit
2292 1321 2547 1376 puerum,
2571 1306 2694 1376 jam
2722 1323 2830 1363 non
2858 1310 3113 1365 meminit
3143 1327 3423 1382 pressura:
3448 1328 3668 1389 prapter
3707 1340 3838 1392 ραη-

2132 1396 2297 1463 dium,
2332 1397 2461 1467 quia
2506 1400 2669 1450 natus
2699 1398 2775 1451 est
2805 1398 2962 1452 homo
3009 1400 3073 1453 in
3118 1402 3384 1459 mundum
3417 1421 3436 1459 .'
3463 1411 3514 1462 et
3546 1425 3633 1464 vos
3662 1413 3836 1481 igitur

2131 1502 2279 1541 nunc
2308 1486 2529 1557 quidem
2579 1485 2869 1541 tristitiam
2917 1488 3126 1544 habetis
3143 1507 3163 1554 ,ο
3198 1491 3393 1548 iterum
3435 1500 3618 1553 autem
3650 1500 3834 1557 videbo

2130 1582 2311 1647 vos,et
2339 1576 2591 1647 gaudebit
2620 1592 2712 1631 cor
2744 1585 3001 1645 vestrum,
3033 1584 3084 1635 et
3112 1582 3381 1651 gaudium
3413 1594 3649 1642 vestrum
3679 1605 3835 1647 nemo

2131 1668 2285 1722 tollet
2306 1684 2338 1722 a
2358 1666 2528 1721 vobis.
2562 1665 2674 1721 Nec
2707 1667 2821 1723 ista
2852 1668 3175 1727 similitudo
3198 1672 3269 1727 ad
3296 1673 3737 1748 intelligendum
3759 1680 3840 1735 vi-

2131 1758 2300 1812 detur
2345 1772 2473 1811 esse
2520 1756 2813 1824 difﬁcilis;
2868 1758 3140 1829 quoniam
3190 1765 3546 1833 comparatio
3596 1769 3719 1839 ejus
3774 1770 3830 1826 in

2129 1854 2396 1919 promptu
2423 1854 2528 1914 est,
2551 1847 2748 1901 eodem
2776 1846 2902 1919 ipso
2925 1856 3243 1919 exponente
3264 1868 3369 1909 cur
3398 1853 3552 1911 dicta
3575 1858 3668 1914 sit.
3698 1859 3832 1915 Par-

2127 1935 2329 1992 turitio
2356 1935 2571 2007 quippe
2602 1934 2872 2006 tristitiae,
2903 1942 3101 2008 partus
3132 1945 3326 1997 autem
3359 1945 3572 2014 gaudio
3596 1963 3831 2019 compa-

2128 2031 2321 2092 ratur;
2356 2026 2508 2097 quod
2544 2031 2682 2083 tunc
2714 2027 2909 2098 majus
2942 2044 3069 2085 esse
3100 2033 3415 2101 consuevit,
3447 2037 3681 2105 quando
3715 2055 3829 2095 non

2127 2113 2339 2187 puella,
2373 2115 2469 2169 scd
2523 2129 2662 2183 puer
2712 2114 2986 2172 nascitur.
3039 2118 3200 2182 Quod
3252 2136 3384 2177 vero
3432 2122 3529 2188 ait,
3563 2123 3831 2183 Gaudium

2069 2249 2083 2260 .
2124 2211 2360 2260 vestrum
2392 2218 2549 2258 nemo
2580 2202 2737 2258 tollet
2763 2221 2795 2258 a
2829 2205 2992 2275 vobis,
3026 2205 3163 2277 quia
3192 2210 3478 2279 gaudium
3510 2227 3708 2269 eorum
3741 2220 3833 2270 est

2125 2292 2249 2364 ipse
2278 2292 2468 2359 Jesus,
2493 2290 2884 2362 significatum
2916 2297 3005 2347 est
3036 2295 3188 2365 quod
3222 2295 3297 2351 ait
3323 2298 3652 2371 Apostolus,
3678 2302 3832 2357 Chri-

2122 2386 2235 2437 stus
2255 2398 2488 2455 surgens
2508 2399 2540 2436 a
2562 2381 2790 2436 mortuis
2818 2383 2929 2451 iam
2952 2400 3062 2455 non
3095 2384 3349 2454 moritur,
3372 2393 3421 2444 et
3441 2404 3585 2446 mors
3606 2392 3659 2446 ei
3679 2391 3826 2448 ultra

2120 2487 2230 2529 non
2259 2454 2632 2527 dominabitur
2662 2474 2833 2540 (Rom.
2866 2454 3049 2543 v1,.9).

2193 2566 2244 2619 4.
2278 2569 2593 2634 Hucusque
2616 2562 2673 2617 in
2697 2562 2806 2618 isto
2838 2563 3134 2634 Evangelii
3162 2564 3436 2636 capitulo,
3462 2570 3616 2627 unde
3651 2569 3826 2627 hodie

2124 2655 2517 2728 disputamus,
2533 2652 2690 2709 velut
2709 2652 2860 2708 facili
2882 2653 3173 2710 intellectu
3194 2656 3393 2713 omnia
3413 2666 3824 2717 cucurrerunt:

2120 2746 2307 2803 acrior
2356 2744 2683 2801 necessaria
2712 2748 2796 2799 est
2827 2745 2885 2799 in
2918 2744 3007 2799 his
3036 2760 3163 2816 quae
3195 2753 3517 2820 sequuntur
3556 2750 3823 2809 intentio.

2118 2835 2260 2900 Quid
2293 2840 2381 2891 est
2411 2835 2565 2890 enim
2601 2834 2751 2904 quod
2784 2834 2882 2902 ait,
2916 2836 2985 2889 Et
3008 2834 3069 2889 in
3100 2834 3199 2891 illo
3221 2836 3308 2893 die
3327 2854 3411 2895 me
3429 2852 3538 2895 non
3559 2840 3827 2911 rogabitis

2116 2925 2460 2996 quidquam?
2490 2923 2605 2978 Hoc
2638 2922 2873 2978 verbum
2908 2923 3062 2993 quod
3093 2929 3180 2980 est
3210 2942 3435 2998 rogare,
3469 2942 3580 2984 non
3634 2912 3825 2987 solum

2119 3019 2331 3086 petere,
2350 3029 2550 3068 verum
2573 3011 2748 3067 etiam
2772 3012 3124 3084 interrogare
3148 3014 3468 3087 signiﬁcat;
3494 3025 3546 3073 el
3567 3034 3820 3089 graecum

2117 3093 2512 3166 Evangelium,
2545 3092 2697 3147 unde
2728 3091 2835 3146 hoc
2868 3093 3209 3150 translatum
3233 3100 3342 3165 est,
3368 3097 3481 3154 tale
3504 3097 3679 3156 habet
3700 3116 3820 3156 ver-

2117 3183 2256 3239 bum
2282 3181 2435 3254 quod
2461 3184 2774 3251 utrumque
2805 3180 2987 3250 possit
3019 3181 3283 3254 intelligi,
3306 3189 3367 3239 ut
3390 3184 3510 3240 haec
3532 3187 3818 3259 ambigui-

2115 3277 2204 3328 tas
2236 3288 2340 3327 nee
2369 3270 2506 3325 inde
2536 3268 2794 3326 solvatur
2825 3269 2903 3341 (α)
2929 3285 2941 3323 :
2970 3284 3305 3341 quanquam
3336 3273 3444 3328 etsi
3475 3273 3816 3345 solveretur,

2117 3379 2231 3419 non
2266 3363 2394 3418 ideo
2425 3359 2583 3416 nulla
2614 3359 2855 3432 quaestio
2889 3368 3229 3415 remaneret.
3256 3360 3567 3418 Dominum
3600 3366 3817 3423 etenim

2115 3451 2428 3521 Christum,
2464 3456 2772 3523 postquam
2821 3450 3155 3515 resurrexit,
3183 3452 3240 3505 ct
3284 3450 3701 3523 interrogatum
3734 3453 3819 3510 lc-

2113 3541 2304 3613 gimus
2336 3545 2392 3597 et
2420 3544 2708 3612 rogatum.
2732 3538 2881 3595 Nam
2912 3539 3300 3611 interrogatus
3331 3544 3418 3596 est
3447 3558 3477 3596 a
3509 3539 3815 3613 discipulis

2117 3646 2464 3687 ascensurus
2521 3629 2582 3684 in
2640 3627 2867 3695 coelum,
2930 3629 3161 3700 quando
3224 3632 3702 3699 ,praesentaretur,
3759 3635 3816 3687 et

2114 3719 2343 3791 quando
2376 3734 2615 3789 regnum
2648 3721 2799 3774 esset
2832 3716 3003 3773 israel
3034 3717 3165 3788 (Art.
3191 3733 3230 3785 ι,
3254 3717 3307 3787 6)
3334 3733 3348 3773 :
3374 3732 3502 3773 cum
3535 3734 3663 3775 vero
3687 3720 3812 3789 jam

2114 3811 2267 3864 esset
2288 3808 2346 3862 in
2369 3806 2533 3875 caelo,
2558 3816 2797 3878 rogatus
2823 3813 2905 3863 est
2926 3823 2959 3862 a
2980 3810 3179 3861 sancto
3210 3805 3527 3878 Stephano,
3551 3814 3612 3863 ut
3644 3807 3823 3880 spiri-

2115 3901 2239 3953 tum
2291 3899 2417 3968 ejus
2467 3896 2749 3967 acciperet
2778 3896 2879 3969 (Id.
2912 3912 3017 3965 vn,
3044 3896 3158 3968 58).
3193 3897 3261 3952 Et
3310 3896 3440 3967 quis
3489 3896 3700 3954 audeat
3740 3898 3827 3953 vel

2115 3988 2365 4059 cogitare
2394 3986 2480 4044 vel
2514 3987 2719 4057 dicere,
2755 3987 2814 4042 in
2863 3986 3006 4042 ccelo
3057 3988 3354 4043 sedentem
3387 3985 3686 4044 Christum
3733 4005 3826 4045 ro-

2115 4077 2371 4149 gandum
2426 4093 2541 4133 non
2584 4091 2732 4144 esse,
2774 4080 2829 4132 et
2876 4077 2935 4132 in
2987 4081 3135 4132 terra
3185 4080 3517 4132 manentem
3560 4080 3821 4149 regulum

2116 4165 2345 4222 fuisse?
2377 4166 2704 4239 rogandum
2738 4183 2852 4222 non
2885 4181 3014 4221 esse
3054 4163 3471 4235 immortalem,
3506 4164 3694 4236 rogari
3726 4166 3827 4221 de-

2115 4256 2314 4312 buisse
2344 4255 2689 4313 mortalem?
2713 4255 2854 4324 lmo,
2889 4255 3239 4323 eharissimi,
3272 4268 3541 4324 rogemus
3577 4268 3734 4320 eum,
3761 4258 3827 4308 ut

2115 4348 2329 4405 nodum
2351 4349 2690 4421 quaestionis
2712 4347 2891 4418 hujus
2913 4347 3037 4419 ipse
3059 4343 3684 4414 dissolvat,lucendoin
3701 4360 3825 4399 cor-

2116 4441 2289 4497 dibus
2322 4442 2536 4498 nostris
2563 4442 2633 4497 ad
2670 4439 2911 4495 videnda
2941 4453 3070 4509 quae
3101 4437 3260 4492 dicit.

2185 4533 2239 4585 5.
2274 4531 2416 4587 Puto
2447 4530 2599 4586 enim
2629 4528 2782 4600 quod
2816 4528 2915 4598 ait,
2946 4529 3154 4581 lterum
3192 4531 3376 4581 autem
3410 4524 3597 4580 videbo
3630 4540 3741 4591 vos,
3773 4528 3822 4580 et

2115 4620 2371 4693 gaudebit
2396 4636 2485 4676 cor
2514 4623 2776 4686 vestrum,
2801 4624 2851 4674 et
2880 4616 3139 4688 gaudium
3172 4618 3405 4671 vestrum
3424 4630 3588 4670 nemo
3620 4614 3769 4670 tollet
3790 4632 3823 4669 a

2116 4710 2285 4775 vobis,
2322 4726 2437 4765 non
2470 4708 2543 4765 ad
2575 4706 2716 4763 illud
2753 4711 2983 4777 tempus
3014 4721 3143 4762 esse
3187 4704 3551 4761 referendum
3584 4720 3698 4776 quo
3730 4721 3823 4761 re-

2117 4800 2604 4871 surrexit,eisque
2625 4814 2794 4855 suam
2819 4811 3049 4854 carnem
3074 4794 3424 4852 cernendam
3446 4794 3824 4867 tangendam-

2118 4909 2230 4967 que
2280 4890 2624 4949 monstravit
2672 4890 2849 4962 (Joan.
2895 4906 2989 4956 xx,
3019 4887 3114 4961 27)
3149 4905 3163 4943 :
3195 4887 3294 4944 sed
3328 4886 3519 4958 potius
3570 4886 3639 4940 ad
3673 4884 3816 4940 illud

2117 4984 2272 5040 unde
2310 4983 2436 5054 jam
2487 4982 2727 5049 dixerat,
2763 4981 2866 5049 Qui
2895 4978 3080 5048 diligit
3126 4994 3232 5046 me,
3283 4975 3561 5048 diligetur
3590 4992 3620 5028 a
3654 4975 3823 5030 Patre

2116 5092 2265 5139 meo;
2298 5080 2347 5132 et
2376 5091 2473 5145 ego
2497 5073 2725 5143 diligam
2758 5089 2904 5139 eum,
2932 5076 2981 5127 et
3023 5069 3385 5140 manifestabo
3430 5069 3704 5138 meipsum
3734 5068 3825 5122 illi

2116 5165 2217 5237 (Id.
2253 5182 2363 5235 xxv,
2385 5164 2635 5229 2t).Jam
2666 5162 2885 5235 quippe
2926 5160 3342 5225 resurrexerat,
3366 5155 3490 5227 jam
3526 5170 3588 5209 se
3615 5153 3730 5210 illis
3763 5155 3823 5213 in

2117 5270 2288 5310 carne
2321 5255 2765 5321 monstraverat,
2784 5252 2904 5320 jam
2930 5249 3167 5305 sedebat
3189 5246 3259 5301 ad
3282 5245 3575 5301 dexteram
3609 5243 3818 5313 Patris,

2115 5344 2345 5417 quando
2395 5342 2617 5397 dicebat
2663 5340 2817 5396 idem
2866 5340 2988 5409 ipse
3021 5335 3313 5410 apostolus
3342 5334 3615 5403 Joannes,
3652 5334 3820 5405 cujus

2116 5439 2204 5492 est
2252 5433 2361 5489 hoo
2402 5430 2797 5501 Evangelium,
2844 5427 2904 5483 in
2955 5424 3212 5497 Epistola
3260 5441 3368 5480 sua
3401 5441 3413 5479 :
3448 5423 3818 5493 Dilectissimi,

2117 5538 2263 5580 nunc
2290 5522 2397 5594 ﬁlii
2429 5520 2522 5575 Dei
2550 5533 2755 5584 sumus,
2788 5525 2837 5574 et
2864 5514 3109 5573 nondum
3136 5514 3549 5587 manifestatum
3580 5521 3659 5571 est
3690 5512 3822 5587 quid

2187 5653 2250 5709 (ιι)
2284 5650 2471 5709 Graec,
2504 5644 2765 5696 crdlesete.
