4182 6198
376 312 534 374 1895

365 458 582 511 erimus
611 472 629 510 :
664 455 868 511 scimus
888 454 1017 524 quia
1050 466 1173 506 cum
1210 452 1629 519 mani/estatum
1659 444 1855 520 fuerit,
1883 443 2084 500 similes

367 547 418 600 ei
439 545 670 613 erimus,
692 546 956 617 quoniam
980 540 1279 597 videbimus
1301 555 1425 594 eum
1444 540 1610 594 sicuti
1637 544 1716 593 est
1737 536 1783 603 (Ι
1813 536 1969 592 Joan.
1995 548 2082 599 ιιι,

366 637 444 705 2).
480 635 592 690 leta
639 634 783 689 visio
827 649 941 688 non
993 631 1121 686 vitae
1174 630 1354 699 huius
1395 634 1506 696 est,
1538 628 1636 683 sed
1673 628 1921 693 futuris;
1965 639 2080 679 non

366 722 728 796 temporalis,
761 721 863 779 sed
894 727 1111 777 interna
1144 718 1182 772 ¹.
1211 719 1332 773 Hac
1358 724 1438 775 est
1476 722 1656 772 autem
1696 716 1809 771 vita
1847 718 2081 778 aeterna,

367 816 599 871 dicente
629 814 757 885 ipsa
778 812 917 881 vita,
947 820 1003 866 ut
1027 813 1354 879 cognoscant
1374 815 1445 874 te,
1469 808 1677 879 inquit,
1703 823 1873 861 unum
1898 819 2083 861 verum

366 905 557 970 Deum,
580 910 635 960 et
663 919 821 976 quem
847 902 1054 955 misisti
1090 901 1273 955 Iesum
1322 898 1597 953 Christum
1626 898 1806 968 (Joan.
1830 910 1970 962 xvn,
2002 894 2081 967 3).

365 994 445 1051 De
475 994 584 1050 hac
625 991 848 1048 visione
895 993 951 1045 et
998 989 1330 1061 cognitione
1360 989 1499 1043 dicit
1526 988 1841 1057 Apostolus
1872 1002 1886 1041 :
1921 983 2083 1040 Vide-

366 1100 489 1139 mus
508 1098 657 1137 nunc
674 1097 776 1152 per
806 1080 1087 1150 speculum
1121 1079 1180 1132 in
1214 1078 1533 1147 aenigmate,
1568 1082 1699 1131 tunc
1726 1088 1910 1130 autem
1939 1074 2083 1144 [acie

363 1172 432 1228 ad
458 1171 662 1243 faciem
689 1188 706 1224 :
735 1186 881 1224 nunc
909 1171 1021 1224 scio
1060 1183 1133 1222 ea:
1177 1176 1360 1238 parte,
1397 1173 1528 1221 tunc
1551 1176 1736 1221 autem
1765 1179 2079 1235 cognoscam

363 1265 505 1316 sicut
540 1264 591 1316 et
615 1261 869 1333 cognitus
888 1274 1012 1313 sum
1043 1256 1083 1328 (Ι
1107 1261 1229 1313 Cor.
1263 1273 1385 1325 xui,
1414 1257 1476 1309 l2
1496 1264 1546 1310 et
1580 1255 1685 1323 13).
1720 1255 1883 1311 Hunc
1906 1253 2081 1309 totius

362 1350 580 1408 laboris
593 1350 684 1406 sui
700 1350 953 1405 fructum
968 1346 1223 1403 Ecclesia
1239 1362 1393 1401 nunc
1408 1345 1660 1417 parturit
1672 1343 2077 1427 desiderando,

364 1446 505 1496 tunc
531 1443 617 1495 est
644 1440 907 1509 paritura
938 1436 1231 1493 cernendo
1270 1452 1282 1489 :
1314 1451 1469 1490 nunc
1496 1432 1743 1506 parturit
1772 1433 2078 1502 gemendo,

364 1534 506 1582 tunc
539 1527 798 1597 paritura
842 1524 1128 1588 laetando;
1178 1538 1331 1577 nunc
1378 1521 1626 1594 parturit
1668 1521 1907 1590 orando,
1941 1525 2080 1577 tunc

365 1616 627 1688 paritura
664 1614 980 1670 laudando.
1016 1614 1080 1667 Et
1111 1612 1239 1668 ideo
1285 1612 1647 1679 masculum;
1680 1611 1959 1683 quoniam
2005 1609 2080 1667 ad

366 1707 547 1760 istum
573 1704 823 1759 fructum
852 1700 1361 1773 contemplationis
1384 1706 1589 1756 cuncta
1612 1699 1799 1756 ofﬁcia
1822 1700 2078 1755 referun-

369 1804 463 1850 tur
484 1793 751 1850 actionis.
770 1790 939 1848 Solus
958 1801 1041 1846 est
1070 1792 1225 1847 enim
1251 1791 1435 1860 liber;
1470 1790 1607 1862 quin
1631 1793 1864 1862 propter
1898 1806 1959 1846 se
1981 1806 2077 1862 ap-

370 1884 610 1957 petitur,
640 1888 698 1938 et
729 1899 842 1939 non
882 1884 1130 1936 refertur
1160 1882 1227 1936 ad
1262 1881 1442 1936 aliud.
1481 1882 1623 1937 lluic
1670 1881 1846 1936 servit
1876 1879 2024 1935 actio
2059 1906 2072 1945 ε

363 1976 430 2030 ad
468 1974 623 2029 hunc
656 1972 812 2027 enim
863 1972 1111 2027 refertur
1170 1970 1454 2043 quidquid
1506 1970 1653 2025 bene
1694 1970 1907 2040 agitur,
1938 1969 2076 2039 quia

364 2069 600 2136 propter
630 2062 783 2119 hunc
818 2061 1039 2133 agitur;
1082 2061 1202 2133 ipse
1242 2066 1435 2117 autem
1481 2078 1593 2116 non
1637 2064 1871 2131 propter
1892 2058 2073 2128 aliud,

364 2155 463 2209 sed
498 2158 736 2226 pr0pter
764 2153 1153 2223 semetipsum
1188 2155 1413 2207 tenetur
1442 2155 1499 2206 et
1528 2150 1793 2206 habetur.
1818 2148 1903 2204 lbi
1936 2163 2071 2219 ergo

363 2243 500 2299 ﬁnis
537 2242 637 2316 qui
672 2242 889 2298 sufﬁcit
930 2242 1121 2297 nobis.
1155 2240 1424 2296 rEternus
1468 2240 1643 2312 igitur
1689 2240 1798 2295 erit
1830 2256 1844 2295 ε
1879 2254 2069 2310 neque

362 2332 519 2388 enim
554 2330 723 2387 nobis
754 2330 969 2387 sufﬁcit
1005 2330 1155 2399 ﬁnis,
1189 2329 1302 2386 nisi
1336 2332 1507 2400 cujus
1547 2330 1745 2385 nullus
1777 2333 1865 2384 est
1914 2328 2070 2383 ﬁnis.

362 2424 478 2475 Hoc
500 2418 853 2491 inspiratam
900 2428 1017 2474 erat
1052 2418 1315 2489 Philippo
1347 2417 1581 2489 quando
1612 2417 1757 2471 dixit
1790 2436 1805 2478 ;
1841 2415 2072 2471 Ostende

360 2510 517 2567 nobis
547 2511 795 2578 Patrem,
825 2515 881 2564 et
924 2509 1128 2579 sufﬁcit
1168 2509 1342 2563 nobis.
1380 2510 1442 2562 ln
1488 2524 1603 2579 qua
1633 2506 1969 2563 ostensione
2009 2521 2072 2563 se

366 2599 633 2670 promisit
653 2603 710 2653 et
737 2598 918 2654 Filius
955 2598 1154 2652 dicens
1179 2614 1191 2651 :
1215 2597 1336 2651 Non
1366 2595 1541 2651 credis
1580 2594 1715 2665 quia
1740 2610 1832 2666 ego
1866 2596 1926 2650 in
1958 2596 2071 2650 Pa-

363 2693 466 2753 tre,
499 2694 550 2742 et
575 2692 743 2742 Pater
773 2684 833 2740 in
866 2701 952 2740 me
988 2690 1065 2739 est
1095 2685 1272 2754 (toan.
1307 2700 1423 2751 XIV,
1446 2683 1503 2753 8,
1538 2685 1621 2754 10)
1644 2683 1672 2736 ‘t
1712 2684 1788 2738 De
1820 2683 1928 2738 hoc
1962 2684 2068 2740 ita-

365 2790 478 2845 que
500 2774 651 2845 quod
672 2772 891 2828 sufﬁcit
914 2773 1099 2839 nobis,
1126 2770 1449 2827 rectissime
1486 2771 1776 2838 audimus,
1801 2770 2069 2827 Gaudium

361 2872 597 2919 vestrum
625 2878 782 2918 nemo
803 2860 954 2917 tollet
982 2878 1015 2915 a
1055 2859 1219 2916 vobis.

432 2954 488 3008 6.
520 2953 599 3007 De
632 2951 740 3008 hoc
779 2950 949 3007 etiam
993 2966 1118 3022 qua
1160 2949 1431 3020 superius
1470 2950 1628 3005 dicta
1660 2953 1824 3017 sunt,
1857 2950 2066 3008 melius

359 3042 629 3100 existimo
663 3039 935 3111 intelligi,
976 3039 1240 3096 Modicum
1278 3041 1328 3095 et
1358 3040 1482 3111 jam
1522 3056 1630 3096 non
1670 3039 1920 3097 videbitis
1960 3056 2063 3111 me,

362 3144 413 3191 et
431 3138 629 3192 iterum
660 3132 941 3189 modicum
963 3136 1012 3187 et
1053 3131 1307 3187 videbitis
1340 3148 1447 3188 me.
1472 3132 1759 3187 Modicum
1790 3138 1879 3187 est
1908 3133 2063 3188 enim

364 3226 469 3282 hoc
508 3228 698 3280 totum
734 3222 984 3294 spatium
1027 3237 1138 3292 quo
1173 3236 1421 3291 praesens
1453 3222 1710 3292 pervolat
1740 3220 2060 3278 sacculum:

364 3314 516 3370 unde
540 3312 680 3369 dicit
710 3312 864 3367 idem
891 3312 1015 3383 ipse
1048 3309 1403 3382 evangelista
1424 3310 1482 3365 in
1518 3309 1772 3382 Epistola
1794 3327 1923 3377 sua,
1957 3310 2063 3367 No-

358 3404 586 3459 vissima
608 3403 744 3458 hora
779 3408 859 3458 est
896 3402 943 3471 (Ι
972 3401 1129 3457 loan.
1160 3416 1222 3467 ιι,
1250 3399 1357 3471 18).
1383 3400 1515 3456 Ideo
1540 3416 1789 3471 namque
1819 3398 2062 3471 addidit,

359 3493 489 3565 quia
532 3492 665 3550 vado
703 3491 772 3547 ad
816 3492 1057 3559 Patrem,
1089 3490 1244 3561 quod
1295 3490 1366 3545 ad
1417 3490 1664 3561 priorem
1714 3489 2063 3546 sententiam

358 3584 729 3641 referendum
764 3588 874 3649 est,
901 3582 999 3638 ubi
1032 3582 1131 3649 ait,
1166 3580 1428 3637 Modicum
1447 3585 1498 3636 et
1522 3582 1641 3651 jam
1677 3597 1785 3637 non
1817 3581 2066 3637 videbitis

358 3689 482 3741 me;
512 3690 627 3729 non
650 3671 725 3728 ad
747 3673 1125 3743 posteriorem
1150 3671 1246 3727 ubi
1279 3672 1379 3738 ait,
1400 3678 1450 3726 et
1482 3673 1680 3727 iterum
1714 3670 1985 3726 modicum
2014 3680 2066 3727 et

357 3761 616 3818 videbitis
649 3777 753 3817 me.
786 3760 988 3815 Eundo
1025 3760 1241 3831 quippe
1272 3761 1342 3816 ad
1380 3761 1632 3827 Patrem,
1666 3762 1922 3817 facturus
1944 3765 2068 3818 erat

359 3856 425 3906 ut
447 3866 580 3907 eum
605 3866 720 3905 non
745 3849 1025 3904 viderent.
1052 3854 1130 3903 Ac
1152 3865 1253 3919 per
1274 3849 1382 3904 hoc
1405 3864 1518 3905 non
1547 3850 1675 3905 ideo
1701 3849 1921 3905 dictum
1953 3854 2064 3920 est,

360 3939 501 4010 quia
523 3938 709 3993 fuerat
732 3938 1072 4005 moriturus,
1096 3943 1153 3993 et
1182 3938 1365 3994 donec
1388 3945 1739 4010 resurgeret,
1766 3940 1838 3995 ab
1861 3956 2065 3996 eorum

360 4026 694 4100 aspectibus
718 4040 1096 4094 recessurus;
1131 4028 1226 4081 sed
1260 4028 1412 4096 quod
1447 4032 1601 4083 esset
1622 4029 1810 4084 iturus
1841 4028 1914 4084 ad
1959 4035 2065 4087 Pa-

359 4126 526 4187 trem,
558 4117 709 4189 quod
755 4116 889 4171 fecit
934 4124 1311 4188 posteaquam
1346 4118 1679 4185 resurrexit,
1722 4124 1940 4175 etcum
1982 4119 2066 4176 eis

357 4224 460 4280 per
482 4206 871 4279 quadraginta
900 4206 1025 4261 dies
1064 4208 1437 4261 conversatus
1468 4207 1731 4262 ascendit
1768 4206 1825 4261 in
1858 4208 2065 4265 coelum

356 4299 494 4370 (Act.
530 4315 570 4367 1,
600 4298 655 4365 3,
678 4297 753 4367 9).
789 4296 911 4353 lllis
942 4311 1075 4367 ergo
1110 4296 1206 4365 ait,
1245 4294 1519 4351 Modicum
1549 4301 1599 4352 et
1628 4297 1741 4365 iam
1778 4312 1887 4353 non
1918 4298 2065 4355 vide-

358 4387 484 4443 bitis
532 4403 638 4455 me,
671 4384 771 4458 qui
816 4402 950 4441 eum
994 4384 1366 4456 corporaliter
1415 4393 1551 4440 tunc
1598 4383 1888 4451 videbant,
1930 4388 2067 4458 quia

356 4477 546 4532 iturus
569 4481 694 4533 erat
716 4476 786 4531 ad
813 4476 1065 4544 Patrem,
1090 4480 1146 4530 et
1175 4490 1308 4530 eum
1341 4474 1613 4547 deinceps
1647 4474 1948 4531 mortalem
1980 4477 2062 4531 vi-

358 4566 483 4623 suri
517 4582 631 4622 non
654 4569 847 4633 erant,
871 4564 1103 4637 qualem
1125 4581 1259 4621 cum
1283 4566 1396 4621 ista
1418 4565 1754 4638 loqueretur
1774 4565 2062 4624 videbant.

357 4655 518 4719 Quod
542 4672 674 4712 vero
698 4656 944 4717 addidit,
970 4664 1025 4712 et
1059 4660 1263 4713 iterum
1293 4655 1563 4712 modicum
1596 4665 1645 4713 et
1672 4656 1929 4713 videbitis
1958 4674 2063 4727 me,

362 4745 644 4801 universae
665 4744 934 4815 promisit
958 4743 1220 4800 Ecclesiae
1245 4760 1258 4799 :
1294 4746 1446 4801 sicut
1472 4745 1752 4801 universae
1775 4744 2064 4817 promisit,

355 4838 492 4893 Ecce
521 4850 617 4907 ego
646 4835 919 4890 vobiscum
950 4850 1074 4889 sum
1112 4850 1279 4904 usque
1310 4836 1369 4889 in
1398 4836 1927 4891 consummationem
1957 4850 2068 4893 s2-

365 4926 481 4984 culi
529 4923 751 4997 (Matth.
782 4940 975 4993 xxvut,
1023 4925 1132 4993 20).
1193 4922 1318 4979 Non
1369 4924 1557 4979 tardat
1606 4924 1883 4979 Dominus
1940 4941 2064 4996 pro-

355 5018 603 5074 missum
641 5032 653 5072 :
688 5015 1008 5082 modicum,
1029 5018 1085 5069 et
1108 5012 1429 5069 videbimus
1451 5029 1608 5079 eum,
1636 5013 1734 5068 ubi
1760 5015 1885 5084 jam
1916 5014 2063 5071 nihil

358 5122 654 5179 rogemus,
688 5105 833 5161 nihil
870 5105 1332 5175 interrogemus;
1372 5102 1508 5174 quia
1539 5101 1684 5157 nihil
1724 5102 2065 5160 desideran-

356 5199 494 5252 dum
532 5195 875 5263 remanebit,
910 5192 1056 5250 nihil
1106 5193 1483 5265 quaerendum
1532 5190 1755 5249 latebit.
1790 5192 1908 5249 lloc
1940 5209 2064 5251 mo-

357 5284 554 5341 dicum
577 5285 814 5357 longum
838 5282 1006 5341 nobis
1027 5285 1273 5351 videtur,
1298 5282 1573 5354 quoniam
1596 5281 1785 5338 adhuc
1818 5283 2014 5355 agitur
2044 5299 2060 5339 :

356 5387 487 5427 cum
521 5373 750 5429 ﬁnitum
782 5372 975 5441 fuerit,
1011 5377 1149 5428 tunc
1189 5370 1513 5428 sentiemus
1546 5387 1719 5442 quam
1768 5370 2060 5427 modicum

356 5459 550 5515 fuerit.
593 5464 717 5517 Non
748 5477 884 5533 ergo
933 5461 1010 5517 sit
1044 5462 1321 5534 gaudium
1359 5467 1625 5517 nostrum
1668 5460 1838 5532 quale
1886 5460 2062 5517 habet

357 5547 629 5616 mundus,
654 5549 725 5603 de
746 5564 856 5619 quo
892 5548 1114 5605 dictum
1136 5555 1246 5617 est,
1271 5548 1502 5605 Mundus
1530 5553 1713 5606 autem
1743 5548 2012 5619 gaudebit
2038 5564 2061 5609 .'

426 5659 441 5694 ι
465 5654 589 5707 Tres
620 5653 767 5717 Μει,
794 5668 900 5707 non
930 5654 1259 5724 temporalis,
1288 5654 1383 5703 sed
1407 5658 1626 5707 eterna.

1329 304 1408 365 IN
1455 303 1784 366 JOANNIS
1828 300 2367 372 EVANGELIUM,
2412 303 2478 364 S.
2525 302 2945 364 AUGUSTINI

3784 51 4061 119 *ψ’

3748 307 3905 368 1896

2195 457 2298 497 nec
2331 446 2523 499 tamen
2556 441 2613 498 in
2649 442 2826 514 hujus
2854 442 3122 499 desiderii
3157 443 3530 515 parturitionc
3552 444 3675 501 sine
3696 446 3905 515 gaudio

2194 532 2387 588 tristes
2420 533 2628 601 simus,
2653 533 2753 588 sed
2786 534 2941 589 sicut
2973 533 3053 587 ait
3083 532 3406 603 Apostolus,
3438 534 3544 605 Spe
3582 535 3903 604 gaudentes,

2192 621 2252 675 in
2302 622 2654 678 tribulatione
2693 623 2963 695 patientes
2992 622 3166 694 (Rom.
3200 639 3300 691 xu,
3337 621 3459 695 12);
3494 623 3633 697 quia
3674 628 3729 680 et
3776 624 3904 696 ipsa

2194 711 2538 782 parturiens,
2564 714 2656 767 cui
2681 712 3003 783 comparati
3029 729 3254 779 sumus,
3281 712 3411 784 plus
3444 716 3649 784 gaudet
3675 714 3744 769 de
3769 731 3903 769 mox

2193 800 2387 857 futura
2418 800 2599 874 prole,
2622 804 2771 872 quod
2804 801 2989 858 tristis
3021 807 3108 859 est
3138 804 3205 859 de
3238 802 3508 875 praesenti
3541 802 3753 859 dolore.
3788 804 3899 859 Sed

2191 891 2368 962 hujus
2393 892 2682 948 sermonis
2706 894 2814 948 iste
2838 892 2911 948 sit
2934 892 3067 948 ﬁnis
3092 910 3105 948 :
3135 894 3347 950 habent
3369 894 3524 949 enim
3549 895 3896 965 qutetionem

2192 978 2667 1035 molestissimum
2713 997 2837 1052 qua;
2888 987 3238 1052 sequuntur,
3274 997 3377 1037 nec
3422 981 3703 1038 brevitate
3734 997 3897 1037 coar-

2190 1070 2396 1125 ctanda
2446 1074 2601 1139 sunt,
2636 1079 2691 1125 ul
2728 1069 2954 1141 possint
2985 1070 3370 1140 commodius,
3403 1071 3453 1128 si
3483 1069 3765 1127 Dominus
3796 1086 3901 1127 vo-

2191 1157 2385 1224 luerit,
2419 1158 2710 1231 explicari.
3398 1198 3404 1203 -

2759 1247 3175 1305 TRACTATUS
3215 1249 3331 1306 Cll.

2190 1336 2263 1391 De
2291 1351 2354 1391 eo
2384 1336 2527 1409 quod
2569 1336 2832 1394 Dominus
2860 1340 2963 1409 ait,
2992 1339 3199 1407 Amen,
3234 1353 3402 1393 amen
3453 1336 3582 1393 dico
3631 1337 3813 1406 vobis,
3844 1336 3897 1393 si

2263 1424 2403 1497 quid
2434 1427 2713 1497 petieritis
2742 1426 2963 1484 Patrem
2997 1427 3055 1484 in
3092 1428 3320 1484 nomine
3349 1443 3493 1496 meo,
3519 1427 3674 1482 dabit
3698 1428 3894 1494 vobis;

2263 1531 2431 1587 usque
2457 1518 2527 1572 ad
2557 1516 2637 1586 id,
2670 1516 2881 1574 Iterum
2915 1517 3181 1589 relinquo
3214 1516 3522 1584 mundum,
3556 1520 3612 1572 et
3643 1518 3787 1572 vado
3821 1517 3891 1571 ad

2260 1604 2508 1661 Patrem.
2545 1606 2673 1679 Cap.
2708 1624 2823 1679 xvr,
2857 1608 2909 1677 in
2942 1608 3141 1662 23-28.

2261 1697 2310 1751 1.
2344 1696 2573 1753 Domini
2606 1699 2779 1755 verba
2812 1715 2967 1755 nunc
3010 1700 3118 1755 ista
3156 1700 3463 1756 tractanda
3512 1706 3668 1767 sunt,
3702 1699 3892 1766 Amen,

2186 1804 2344 1845 amen
2358 1789 2477 1845 dico
2492 1790 2729 1857 vobis,si
2738 1789 2869 1860 quid
2886 1788 3167 1860 petieritis
3194 1791 3409 1845 Patrem
3432 1792 3487 1845 in
3510 1792 3731 1844 nomine
3752 1803 3890 1853 meo,

2186 1877 2336 1934 dabit
2367 1880 2535 1935 vobis.
2566 1878 2695 1934 Jam
2730 1878 2949 1934 dictum
2975 1884 3064 1935 est
3088 1882 3145 1935 in
3170 1880 3565 1951 superioribus
3596 1878 3770 1949 hujus
3794 1879 3895 1932 do-

2189 1969 2389 2026 minici
2411 1970 2697 2026 sermonis
2716 1971 2998 2040 partibus,
3016 1975 3250 2041 propter
3264 1986 3364 2027 eos
3383 1971 3479 2042 qui
3503 1969 3783 2026 nonnulla
3803 1984 3895 2040 pe-

2185 2066 2319 2117 tunt
2338 2079 2372 2118 a
2394 2061 2558 2117 Patre
2580 2062 2640 2117 in
2663 2060 2873 2116 Christi
2898 2060 3155 2125 nomine,
3183 2076 3285 2116 nec
3307 2060 3620 2132 accipiunt,
3637 2076 3747 2115 non
3774 2060 3891 2129 peti

2185 2153 2244 2207 in
2269 2150 2505 2207 nomine
2526 2150 2837 2207 Salvatoris
2853 2149 3141 2221 quidquid
3160 2149 3374 2221 petitur
3386 2154 3589 2205 contra
3602 2150 3887 2205 rationem

2184 2242 2392 2297 salutis
2421 2240 2646 2313 (Supra,
2674 2241 2847 2296 Tract.
2881 2239 2994 2311 75).
3030 2239 3151 2295 Non
3198 2239 3353 2295 enim
3405 2254 3610 2295 sonum
3662 2238 3889 2294 littera-

2184 2347 2314 2387 rum
2338 2346 2405 2388 ac
2425 2329 2802 2400 syllabarum,
2824 2330 2925 2385 sed
2959 2330 3115 2400 quod
3148 2345 3327 2385 sonus
3350 2328 3474 2400 ipse
3495 2327 3811 2401 signiﬁcat,
3836 2335 3893 2383 et

2181 2421 2337 2492 quod
2362 2436 2428 2476 eo
2450 2436 2593 2477 sono
2628 2428 2778 2476 recte
2808 2435 2873 2474 ac
2898 2418 3175 2476 veraciter
3204 2417 3572 2489 intelligitur,
3598 2417 3703 2473 hoc
3736 2417 3895 2473 acci-

2182 2510 2430 2583 piendus
2453 2516 2543 2566 est
2564 2510 2757 2567 dicere
2777 2525 2910 2565 curn
2935 2508 3097 2577 dicit,
3123 2510 3182 2564 in
3204 2510 3426 2563 nomine
3448 2524 3585 2563 meo.
3612 2506 3768 2562 Unde
3792 2506 3894 2578 qui

2181 2599 2291 2655 hoc
2325 2600 2499 2655 sentit
2521 2600 2589 2655 de
2611 2599 2841 2655 Christo
2871 2599 3024 2670 quod
3061 2615 3171 2654 non
3196 2599 3374 2653 estde
3406 2597 3580 2652 unico
3613 2597 3709 2652 Dei
3748 2596 3895 2653 Filio

2179 2690 2574 2757 sentiendum,
2600 2707 2712 2746 non
2743 2690 2882 2760 petit
2904 2688 2961 2743 in
2984 2690 3110 2759 ejus
3136 2689 3389 2755 nomine,
3412 2687 3641 2743 etiamsi
3668 2703 3780 2742 non
3802 2691 3893 2741 ta,-

2180 2786 2307 2836 ceat
2329 2781 2533 2837 litteris
2556 2798 2621 2836 ac
2642 2780 2876 2853 syllabis
2899 2779 3215 2848 Christum;
3242 2778 3521 2850 quoniam
3542 2777 3599 2833 in
3625 2778 3753 2849 ejus
3774 2794 3885 2832 no-

2181 2870 2339 2926 mine
2372 2870 2532 2942 petit,
2559 2886 2732 2943 quem
2761 2869 2977 2941 cogitat
3007 2885 3137 2924 cum
3162 2867 3439 2941 petit.0ui
3460 2883 3594 2923 vero
3618 2867 3773 2939 quod
3793 2871 3889 2923 est

2180 2959 2251 3015 de
2282 2958 2380 3014 illo
2413 2958 2779 3015 sentiendum
2812 2957 3010 3025 sentit,
3043 2957 3163 3029 ipse
3196 2958 3253 3013 in
3286 2957 3415 3028 ejus
3446 2956 3679 3012 nomine
3711 2954 3887 3026 petit;

2178 3054 2235 3105 et
2255 3049 2465 3122 accipit
2484 3050 2638 3120 quod
2663 3050 2823 3121 petit,
2846 3049 2893 3103 si
2916 3066 3031 3104 non
3054 3055 3253 3104 contra
3276 3063 3443 3103 suam
3466 3045 3713 3102 salutem
3736 3060 3892 3100 sem—

2178 3140 2465 3211 piternam
2499 3140 2656 3211 petit.
2680 3139 2903 3211 Accipit
2932 3148 3123 3196 autem
3149 3140 3380 3210 quando
3403 3137 3572 3193 debet
3592 3136 3884 3208 accipere.

2178 3231 2449 3296 Quaedam
2481 3230 2635 3286 enim
2671 3245 2785 3285 non
2819 3234 3127 3301 negantur,
3152 3229 3253 3284 sed
3288 3237 3345 3283 ut
3378 3244 3636 3299 congruo
3669 3227 3890 3281 dentur

2178 3324 2438 3390 tempore
2469 3318 2835 3374 diﬁ‘eruntur.
2865 3317 2949 3373 Ita
2978 3334 3120 3373 sane
3152 3316 3594 3387 intelligendum
3619 3318 3705 3371 est
3727 3314 3885 3385 quod

2176 3408 2280 3476 ait,
2305 3408 2459 3463 dabit
2480 3408 2647 3473 vobis,
2671 3414 2735 3462 ut
2755 3422 2823 3463 ea
2843 3405 3125 3462 beneﬁcia
3149 3406 3477 3475 signiﬁcata
3500 3405 3758 3460 sciantur
3789 3402 3889 3458 his

2178 3497 2387 3567 verbis,
2415 3513 2542 3569 quae
2573 3498 2645 3553 ad
2676 3513 2775 3553 eos
2807 3496 2904 3568 qui
2937 3500 3140 3568 petunt
3172 3493 3404 3568 proprie
3436 3494 3746 3566 pertinent.
3770 3492 3887 3548 Ex-

2176 3587 2488 3643 audiuntur
2515 3587 2730 3659 quippe
2761 3603 2963 3643 omnes
3004 3584 3191 3643 sancti
3224 3602 3325 3657 pro
3357 3584 3590 3655 seipsis,
3626 3600 3736 3638 non
3772 3599 3887 3637 au-

2176 3680 2292 3731 tem
2327 3691 2425 3746 pro
2457 3676 2732 3730 omnibus
2763 3673 3157 3731 exaudiuntur
3180 3672 3262 3729 vel
3286 3672 3490 3729 amicis
3513 3669 3597 3726 vel
3624 3670 3888 3725 inimicis

2176 3764 2322 3830 suis,
2343 3764 2427 3819 vel
2447 3763 2804 3835 quibuslibet
2827 3763 2957 3819 aliis
2983 3780 2997 3818 :
3021 3764 3155 3835 quia
3178 3778 3291 3818 non
3316 3766 3633 3832 utcumque
3654 3761 3885 3814 dictum

2176 3861 2279 3923 est,
2312 3853 2502 3917 dabit;
2532 3853 2633 3909 sed
2665 3854 2811 3909 dabit
2841 3853 3005 3909 vobis.

2245 3944 2299 3999 2.
2335 3945 2507 4015 Usque
2538 3944 2713 4015 modo,
2746 3943 2952 4015 inquit,
2986 3958 3090 3998 non
3126 3943 3337 4015 petistis
3367 3941 3663 4013 quidquam
3698 3942 3753 3994 in
3786 3954 3890 3993 no-

2175 4034 2324 4089 mine
2352 4049 2489 4089 meo.
2523 4033 2719 4100 Petite,
2750 4044 2800 4089 et
2829 4034 3125 4105 accipietis,
3147 4040 3207 4087 ut
3239 4030 3510 4101 gaudium
3544 4034 3774 4085 vestrum
3805 4029 3890 4082 sit

2171 4122 2423 4196 plenum.
2441 4123 2555 4179 Hoc
2574 4123 2727 4195 quod
2747 4123 2888 4179 dicit
2909 4122 3188 4194 gaudium
3217 4122 3475 4194 plenum,
3493 4120 3747 4192 profecto
3764 4134 3889 4173 non

2176 4214 2427 4281 carnale,
2459 4213 2562 4269 sed
2593 4212 2897 4285 spirituale
2926 4212 3207 4284 gaudium
3242 4215 3331 4267 est
3364 4228 3376 4265 :
3403 4219 3455 4266 et
3486 4209 3719 4282 quando
3752 4213 3890 4262 tan-

2176 4314 2296 4362 tum
2321 4304 2454 4372 erit,
2480 4308 2542 4359 ut
2565 4302 2783 4373 aliquid
2807 4304 2858 4357 ei
2881 4302 3007 4373 jam
3047 4319 3160 4357 non
3192 4302 3269 4357 sit
3300 4300 3653 4363 addendum,
3676 4297 3890 4369 procul

2176 4394 2352 4450 dubio
2387 4399 2526 4450 tunc
2556 4392 2658 4448 erit
2693 4391 2949 4463 plenum.
2984 4390 3275 4463 Quidquid
3309 4407 3444 4462 ergo
3477 4390 3694 4461 petitur
3723 4389 3888 4458 quod

2176 4484 2462 4556 pertineat
2489 4480 2561 4538 ad
2594 4482 2702 4539 hoc
2732 4482 3005 4553 gaudium
3038 4481 3535 4552 consequendum,
3566 4478 3673 4534 hoc
3702 4487 3786 4532 est
3819 4476 3889 4533 in

2177 4573 2409 4629 nomine
2425 4571 2636 4627 Christi
2658 4572 2989 4641 petendum,
3006 4570 3324 4626 sidivinam
3350 4567 3734 4639 intelligimus
3753 4584 3892 4636 gra-

2176 4663 2337 4733 tiam,
2362 4663 2411 4720 si
2436 4678 2563 4719 vere
2586 4663 2814 4718 beatam
2838 4663 3134 4733 poscimus
3158 4656 3657 4729 vitam.Quidquid
3683 4661 3889 4713 autem

2174 4750 2331 4807 aliud
2378 4750 2611 4821 petitur,
2645 4749 2789 4806 nihil
2837 4750 3049 4822 petitur
3082 4767 3095 4805 :
3132 4766 3246 4805 non
3279 4748 3413 4821 quia
3446 4744 3609 4802 nulla
3639 4744 3892 4802 omnino

2177 4856 2268 4897 res
2290 4844 2399 4907 est,
2422 4840 2519 4896 sed
2556 4839 2695 4913 quia
2724 4839 2783 4895 in
2815 4843 2989 4895 tantae
3022 4839 3099 4895 rei
3132 4836 3564 4910 comparatione
3596 4833 3891 4907 quidquid

2176 4929 2330 4986 aliud
2377 4930 2827 5001 concupiscitur,
2877 4928 3021 4985 nihil
3068 4933 3171 4984 est.
3225 4927 3420 4998 Neque
3450 4925 3602 4983 enim
3640 4940 3890 4995 prorsus

2174 5019 2337 5076 nulla
2368 5036 2457 5076 res
2487 5023 2577 5075 est
2608 5019 2804 5084 homo,
2829 5020 2898 5075 de
2921 5036 3033 5092 quo
3054 5019 3133 5075 ait
3154 5017 3469 5092 Apostolus
3490 5032 3503 5071 :
3525 5012 3631 5083 Qui
3650 5030 3705 5068 se
3723 5018 3891 5084 putat

2172 5109 2391 5183 aliquid
2417 5125 2548 5177 esse,
2581 5126 2707 5165 cum
2735 5109 2881 5164 nihil
2908 5112 2987 5164 sit
3016 5109 3218 5179 (Gatat.
3254 5126 3333 5175 vr,
3364 5108 3440 5179 3).
3479 5108 3538 5161 In
3572 5120 3889 5176 compara-

2176 5200 2328 5256 tione
2371 5200 2584 5271 quippe
2628 5197 2949 5271 spiritualis
2982 5199 3259 5266 hominis,
3291 5198 3390 5269 qui
3423 5196 3534 5251 scit
3563 5194 3748 5266 gratia
3783 5194 3887 5249 Dei

2172 5305 2230 5345 se
2261 5306 2389 5346 esse
2420 5290 2573 5361 quod
2605 5291 2712 5357 cst,
2745 5286 3013 5359 quisquis
3044 5304 3188 5343 vana
3236 5284 3555 5358 praesumit,
3590 5282 3735 5339 nihil
3768 5287 3883 5337 est.

2172 5379 2357 5435 Etiam
2407 5377 2487 5435 sic
2534 5393 2668 5449 ergo
2717 5381 2870 5433 recte
2920 5376 3165 5448 intelligi
3228 5380 3435 5449 potest,
3486 5376 3676 5443 Amen,
3724 5387 3883 5427 amen

2169 5467 2287 5524 dico
2311 5469 2477 5536 vobis,
2499 5469 2551 5523 si
2570 5467 2699 5539 quid
2728 5468 2998 5541 petieritis
3030 5471 3249 5523 Patrem
3281 5468 3338 5521 in
3374 5468 3589 5522 nomine
3618 5478 3757 5531 meo,
3780 5462 3882 5515 da-

2171 5558 2248 5612 bit
2278 5558 2460 5620 vobis;
2493 5564 2555 5613 ut
2588 5558 2694 5615 hoc
2727 5558 2876 5630 quod
2912 5559 3011 5626 ait,
3042 5558 3091 5612 si
3119 5556 3275 5630 quid,
3310 5574 3424 5612 non
3456 5553 3756 5626 quodlibet
3786 5553 3879 5607 in-

2170 5645 2487 5720 telligatur,
2517 5647 2619 5705 sed
2657 5648 2881 5721 aliquid
2914 5650 3066 5724 quod
3110 5664 3227 5705 non
3259 5647 3319 5704 in
3351 5650 3529 5708 beatis
3560 5646 3684 5703 vita
3714 5657 3878 5701 com-
