4182 6198
347 293 381 353 1
394 289 509 349 897

344 427 644 484 oaratione
674 425 749 481 sit
770 425 939 480 nihil.
977 426 1041 480 Et
1070 424 1218 495 quod
1251 424 1533 496 sequitur,
1571 424 1739 496 Usque
1766 427 1929 484 modo
1951 444 2059 482 non

337 518 561 589 petistis
580 514 880 589 quidquam
914 517 971 570 in
1000 515 1223 571 nomine
1243 529 1381 582 meo,
1414 514 1642 571 duobus
1673 516 1857 573 modis
1886 516 2055 573 intel-

339 603 447 678 ligi
497 610 728 677 potest:
779 602 868 660 vel
913 602 1050 675 quia
1087 619 1204 660 nou
1253 602 1312 659 in
1346 602 1580 659 nomine
1634 620 1764 660 meo
1804 604 2054 676 petistis,

339 691 503 765 quod
524 708 734 750 nomen
756 708 869 749 non
896 691 1048 747 sicut
1068 692 1538 764 cognoscendum
1556 695 1643 749 est
1660 693 2011 766 cognovistis
2037 712 2052 763 ;

339 782 427 839 vel
461 800 573 839 non
606 783 835 856 petistis
862 781 1206 854 quidquam,
1231 781 1506 854 quoniam
1533 782 1591 838 in
1622 783 2055 855 comparatione

336 873 424 929 rei
454 889 626 944 quam
674 876 870 945 petere
917 871 1223 939 debuistis,
1253 889 1354 945 pro
1388 872 1568 929 nihilo
1604 871 1938 929 habendum
1972 877 2057 930 est

337 964 497 1034 quod
530 962 781 1035 petistis.
808 960 881 1018 Ut
909 962 1088 1034 igitur
1114 960 1172 1018 in
1196 961 1323 1033 ejus
1355 962 1589 1018 nomine
1612 978 1727 1018 non
1752 962 1919 1031 nihil,
1955 963 2051 1019 sed

335 1051 621 1123 gaudium
647 1052 887 1125 plenum
908 1056 1112 1125 petant
1133 1049 1436 1125 (quoniam
1460 1050 1509 1109 si
1533 1050 1758 1124 aliquid
1779 1051 1938 1108 aliud
1962 1068 2055 1124 po-

338 1147 498 1209 tunt,
530 1144 683 1200 idem
713 1142 933 1214 aliquid
968 1141 1111 1199 nihil
1144 1146 1271 1214 est),
1306 1142 1644 1200 exhortatur
1694 1142 1916 1213 dicens,
1946 1143 2054 1199 Pe-

336 1235 455 1301 tile,
488 1240 545 1289 et
564 1234 865 1305 accipietis,
906 1236 969 1290 ut
1017 1231 1284 1304 gaudium
1314 1237 1548 1289 vestrum
1589 1235 1661 1289 sit
1698 1233 1963 1305 plenum:
1996 1231 2053 1289 id

333 1328 445 1391 est,
496 1322 604 1379 hoc
633 1322 690 1378 in
723 1324 959 1379 nomine
990 1339 1117 1379 meo
1149 1323 1343 1393 petite,
1392 1330 1451 1378 ut
1483 1323 1764 1396 gaudium
1796 1325 2052 1380 vestrum

334 1414 414 1467 sit
443 1413 707 1484 plenum,
739 1417 794 1468 et
825 1411 1145 1485 accipietis.
1188 1411 1304 1468 Isto
1336 1412 1492 1468 enim
1523 1412 1673 1469 bono
1705 1413 1766 1470 in
1800 1412 2050 1483 petendo

331 1514 770 1576 perseverantes
802 1508 1029 1560 sanctos
1070 1519 1211 1559 suos
1252 1519 1621 1575 nequaquam
1658 1502 2051 1560 misericordia

330 1594 531 1650 divina
565 1594 731 1651 fraud
743 1593 881 1651 abit.

404 1684 459 1739 3.
486 1685 632 1754 Haec,
665 1682 876 1754 inquit,
911 1681 968 1737 in
988 1681 1291 1753 proverbiis
1315 1681 1523 1738 locutus
1554 1699 1676 1738 sum
1705 1682 1853 1739 vobis
1868 1700 1886 1737 :
1900 1686 2047 1741 venit

326 1774 469 1830 hora
498 1791 625 1829 cum
635 1772 757 1843 jam
776 1774 964 1828 nonin
984 1772 1293 1843 proverbiis
1325 1771 1517 1844 loquar
1538 1772 1711 1834 vobis,
1742 1773 1832 1827 sed
1857 1775 2047 1839 pilum

324 1864 395 1920 de
435 1866 596 1920 l’alre
618 1879 741 1920 meo
768 1862 1113 1918 aununtiabo
1135 1863 1303 1919 vobis.
1331 1866 1566 1918 Possem
1594 1863 1781 1918 dicere
1807 1863 1952 1919 hanc
1974 1866 2045 1921 de

326 1952 729 2025 qualoquitur
760 1954 980 2020 horam,
1029 1952 1288 2008 futurum
1321 1957 1584 2022 oportere
1633 1953 1913 2009 saeculum
1946 1953 2045 2010 in-

325 2044 534 2117 telligi,
568 2045 663 2100 ubi
699 2043 1021 2100 videbimus
1053 2042 1270 2116 palam,
1304 2044 1455 2116 quod
1479 2044 1684 2100 beatus
1705 2043 1919 2100 Paulus
1951 2044 2040 2100 di-

321 2135 402 2189 cit
430 2135 573 2204 facie
602 2132 671 2188 ad
699 2133 895 2203 faciem
917 2150 939 2195 ;
966 2140 1022 2187 ut
1054 2131 1211 2203 quod
1242 2131 1342 2200 ait,
1377 2133 1503 2189 Haec
1533 2131 1593 2187 in
1624 2134 1929 2205 proverbiis
1962 2134 2037 2189 lo-

320 2231 487 2281 cutus
515 2241 635 2279 sum
664 2224 834 2289 vobis,
862 2223 968 2279 hoc
1009 2222 1084 2278 sit
1114 2222 1267 2294 quod
1302 2221 1372 2277 ab
1417 2223 1618 2279 eodem
1651 2223 1912 2295 apostolo
1944 2222 2037 2278 di-

322 2322 486 2372 ctum
532 2319 638 2384 est,
681 2312 929 2372 Videmus
974 2330 1122 2369 nunc
1160 2330 1258 2386 per
1303 2315 1584 2385 speculum
1632 2314 1690 2369 in
1742 2318 2037 2386 aenigmate

320 2406 370 2477 (Ι
402 2407 522 2461 Cor.
555 2422 677 2473 xm,
714 2405 801 2477 l2)
851 2404 1240 2461 :annunliabo
1285 2410 1480 2460 autem
1530 2408 1702 2475 vobis,
1753 2409 1891 2478 quia
1936 2424 2037 2479 per

322 2496 534 2551 Filium
574 2497 736 2553 Pater
764 2495 1260 2566 videbitur,juxta
1286 2494 1429 2552 illud
1453 2497 1606 2568 quod
1640 2496 1781 2553 alibi
1808 2497 1906 2565 ait,
1939 2497 2036 2554 Ne-

319 2602 428 2658 que
461 2590 688 2642 Patrem
731 2586 853 2658 quis
890 2587 1186 2657 cognoscit,
1218 2586 1331 2641 nisi
1360 2587 1558 2651 Filius,
1590 2593 1644 2641 et
1672 2590 1761 2643 cui
1799 2588 2033 2644 voluerit

318 2676 495 2733 Filius
549 2675 798 2732 revelare
852 2675 1057 2746 (Matth.
1118 2689 1194 2744 χι,
1237 2675 1353 2747 27).
1403 2675 1511 2731 Sed
1562 2675 1738 2733 istum
1788 2695 2030 2735 sensum

315 2766 551 2823 videtur
581 2765 863 2837 impedire
893 2766 1048 2837 quod
1097 2767 1398 2838 sequitur:
1455 2766 1552 2822 Illo
1603 2767 1688 2823 die
1716 2770 1776 2823 in
1805 2770 2034 2826 nomine

315 2872 443 2912 naeo
470 2855 687 2929 petatis.
714 2854 777 2912 In
804 2857 998 2912 futuro
1021 2856 1177 2912 enim
1202 2855 1411 2913 smculo
1433 2872 1568 2913 cum
1602 2859 2031 2928 pervenerimus

312 2947 388 3001 ad
420 2962 685 3019 regnum,
722 2946 819 3002 ubi
840 2945 1061 3002 similes
1078 2946 1127 3002 ei
1150 2945 1394 3014 erimus,
1416 2947 2028 3019 quoniamvidebimus

311 3054 454 3095 eum
487 3038 653 3093 siculi
701 3042 790 3093 est
830 3037 875 3107 (l
905 3038 1067 3095 Joan.
1118 3054 1201 3105 ιιι,
1232 3039 1311 3109 2),
1344 3037 1479 3109 quid
1529 3038 1758 3111 petituri
1797 3058 2028 3112 sumus,

311 3129 553 3201 quando
567 3128 872 3184 satiabitur
902 3127 962 3183 in
982 3128 1152 3183 bonis
1178 3126 1533 3184 desiderium
1552 3134 1822 3187 nostrum
1848 3132 2025 3202 (Psal.

310 3234 413 3283 cn,
448 3221 503 3290 ὅ)
533 3218 561 3273 ?
588 3217 751 3274 Unde
776 3222 832 3274 et
860 3219 915 3273 in
948 3216 1058 3274 alio
1090 3216 1313 3290 psalmo
1345 3217 1557 3275 dicitur
1589 3219 1878 3277 :Satiabor
1904 3237 2029 3278 cum

308 3308 788 3376 manis/estabilur
816 3307 1572 3379 gloria'lua(Psal.xv1,l5).
1614 3309 1821 3366 Petitio
1860 3327 2026 3368 nam-

310 3413 429 3469 que
442 3396 697 3467 alicujus
719 3402 808 3453 est
832 3397 1186 3468 indigentiae,
1213 3413 1339 3468 quae
1362 3397 1441 3453 ibi
1474 3397 1636 3455 nulla
1656 3399 1762 3455 erit
1785 3400 1882 3457 ubi
1909 3401 2027 3457 haec

313 3488 558 3544 satietas
588 3487 718 3545 erit.

387 3578 440 3631 4.
478 3576 847 3649 Relinquitur
893 3576 1107 3649 itaque,
1158 3581 1445 3649 quantum
1496 3595 1699 3651 sapere
1737 3580 1920 3649 valeo,
1964 3585 2027 3636 ut

310 3666 680 3738 intelligatur
723 3667 898 3722 Jesus
927 3666 1248 3738 discipulos
1296 3683 1434 3723 suos
1465 3668 1534 3724 de
1575 3669 1906 3726 carnalibus
1939 3670 2023 3726 vel

313 3757 676 3813 animalibus
700 3774 759 3813 se
780 3756 1118 3829 spirituales
1132 3757 1464 3829 promisisse
1480 3759 1792 3828 facturum,
1816 3778 2023 3832 quam.

312 3849 397 3903 vis
429 3847 690 3901 nondum
744 3846 885 3901 tales
927 3845 1127 3917 quales
1172 3846 1413 3913 erimus,
1446 3848 1680 3919 quando
1720 3849 2025 3921 spirituale

309 3935 491 3993 etiam
522 3951 735 4007 corpus
757 3933 1101 3990 habebimus
1127 3952 1141 4001 ;
1172 3935 1273 3991 sed
1297 3936 1489 4007 qualis
1510 3942 1629 3992 erat
1651 3938 1749 4007 qui
1776 3938 2024 4005 dicebat,

311 4049 341 4076 «ι
366 4022 728 4096 Sapientiam
752 4021 1050 4093 loquimur
1069 4021 1223 4078 inter
1244 4023 1524 4093 perfectos
1545 4047 1572 4075 ››
1599 4026 1659 4095 (Ι
1686 4026 1813 4082 Cor.
1840 4041 1902 4094 ιι,
1927 4026 1981 4097 6)
2008 4045 2022 4095 ;

307 4118 387 4179 et,
422 4135 452 4163 κ
485 4111 611 4168 Non
644 4110 808 4183 potui
859 4110 1020 4167 vobis
1059 4111 1221 4183 loqui
1254 4113 1415 4184 quasi
1464 4113 1894 4185 spiritualibus,
1928 4115 2027 4169 sed

307 4202 481 4274 quasi
515 4199 901 4257 carnalibus»
934 4200 1032 4269 (ld.
1070 4217 1136 4267 ιι,
1162 4201 1210 4271 1)
1247 4221 1261 4271 ;
1295 4205 1372 4271 et,
1412 4226 1432 4251 ι
1458 4201 1583 4259 Non
1616 4203 1888 4275 spiritum
1923 4203 2031 4258 hu-

297 4294 406 4363 jus
439 4290 646 4346 mundi
684 4292 1033 4362 accepimus.
1067 4292 1167 4346 sed
1219 4290 1500 4363 Spiritum
1532 4293 1631 4363 qui
1663 4309 1732 4348 ex
1771 4292 1886 4350 Deo
1918 4302 2028 4364 est,

308 4388 374 4438 ut
404 4383 665 4439 sciamus
696 4398 822 4453 quae
852 4399 886 4436 a
915 4382 1032 4438 Deo
1055 4383 1271 4439 donata
1292 4387 1434 4439 sunt
1469 4383 1677 4453 nobis;
1711 4401 1838 4456 quae
1868 4394 1921 4442 ot
1942 4384 2030 4441 lo-

308 4474 576 4546 quimur,
609 4488 724 4527 non
751 4472 805 4526 in
831 4470 1127 4541 sapientia:
1167 4474 1440 4529 humana:
1463 4474 1648 4530 doctis
1678 4475 1891 4543 verbis,
1924 4476 2026 4533 sed

306 4562 757 4633 doctisSpiritus
776 4563 816 4630 ί,
832 4561 1238 4633 spiritualibus
1254 4562 1579 4634 spiritualis
1597 4571 2025 4638 comparantes.

302 4652 598 4710 Animalia
622 4656 816 4707 autem
849 4650 1025 4706 homo
1049 4668 1163 4707 non
1188 4652 1434 4724 percipit
1463 4669 1588 4724 qua
1612 4659 1753 4710 sunt
1773 4656 2027 4726 Spiritu

304 4742 430 4799 Dei.
470 4761 497 4793 ι
530 4738 656 4796 Non
697 4739 895 4811 itaque
937 4739 1264 4811 percipiens
1306 4758 1433 4813 quae
1465 4750 1600 4797 sunt
1631 4744 1891 4815 Spiritus
1924 4744 2027 4802 Dei

302 4830 486 4885 homo
509 4826 802 4896 animalis,
825 4826 905 4883 sic
926 4827 1090 4884 audit
1112 4845 1489 4901 quaecumque
1521 4830 1682 4887 audit
1703 4832 1774 4889 de
1797 4832 1897 4889 Dei
1922 4850 2027 4889 na-

307 4927 467 4985 tura,
495 4922 558 4973 ut
577 4917 737 4972 aliud
754 4933 925 4988 quam
950 4934 1161 4989 corpus
1184 4919 1436 4991 cogitare
1460 4937 1576 4977 non
1595 4924 1801 4993 possit,
1825 4940 2028 4995 quam-

304 5003 454 5066 libet
473 5005 906 5079 amplissimum
930 5008 1015 5062 vel
1041 5009 2023 5081 immensum,quamlibetlucidum

296 5115 369 5157 ac
389 5096 748 5171 speciosum,
781 5112 990 5167 corpus
1022 5101 1213 5154 tamen
1240 5114 1253 5154 :
1284 5097 1413 5154 ideo
1436 5101 1740 5171 proverbia
1778 5101 1859 5158 illi
1883 5110 2023 5162 sunt

298 5202 693 5262 quaecumque
707 5185 862 5241 dicta
883 5188 1180 5257 sapientiae
1211 5188 1281 5244 de
1305 5191 1643 5261 incorporea
1664 5192 2022 5250 immutabili

298 5296 430 5352 quae
460 5275 834 5344 substantia;
871 5292 987 5332 non
1010 5278 1161 5348 quod
1194 5294 1261 5334 ea
1282 5282 1561 5349 tanquam
1586 5281 1891 5352 proverbia
1921 5283 2023 5340 de-

298 5372 494 5442 putat,
526 5367 630 5421 sed
664 5364 802 5437 quia
845 5367 929 5422 sic
972 5367 1210 5439 cogitat,
1239 5369 1524 5439 quomodo
1572 5370 1667 5441 qui
1717 5373 2020 5443 proverbia

299 5458 496 5514 solent
525 5452 729 5511 audire
759 5468 947 5525 neque
978 5454 1323 5528 intelligere.
1356 5455 1499 5514 Cum
1532 5474 1664 5515 vero
1695 5459 2019 5531 Spiritualis

365 5616 382 5648 ¹
410 5611 517 5670 Ern,
545 5606 689 5681 docti
712 5605 917 5680 Spiritu
945 5621 976 5656 a
999 5607 1398 5719 igiritualibus.
1420 5612 1584 5675 Lugd.
1618 5616 1670 5664 et
1701 5612 1853 5678 γεω,
1877 5613 2019 5665 docti

365 5674 517 5719 tiriln
546 5666 944 5719 spiritualtbus.
1058 5707 1072 5719 .

301 5666 517 5740 Spiritu
546 5666 944 5735 spiritualibus.
999 5666 1072 5722 Π,

633 5789 898 5850 Ριιοιλιιοι..
947 5789 1185 5855 XXXV.

1552 290 2019 354 TRACTATUS
2061 292 2186 355 Cll.
2235 297 2494 361 CAPUT
2537 299 2691 360 XVI.

3728 312 3877 377 l898

2170 432 2405 501 coeperit
2433 433 2630 489 omnia
2659 432 2998 504 dijudicare,
3024 436 3146 507 ipse
3164 439 3368 507 autem
3400 457 3431 495 a
3462 444 3692 501 nemine
3724 447 3875 518 diju-

2166 519 2348 578 dioari
2367 522 2413 594 (Ι
2430 524 2553 581 Cor.
2577 541 2639 590 ιι,
2662 525 2871 596 12-15),
2896 526 3124 582 etiamsi
3150 527 3208 582 in
3234 527 3342 585 hac
3361 528 3479 585 vita
3508 532 3698 589 adhuc
3724 536 3880 592 velut

2164 627 2269 683 per
2296 614 2601 685 speculum
2632 632 2701 672 ex
2733 620 2911 688 parte,
2935 619 3206 691 perspicit
3237 623 3435 678 tamen
3467 639 3582 679 non
3607 624 3725 680 ullo
3759 643 3876 683 cor-

2164 702 2323 774 poris
2354 720 2553 773 sensu,
2573 723 2689 763 non
2722 707 2841 763 ulla
2860 707 3207 780 imaginaria
3230 711 3723 786 eogitatioue'quae
3748 714 3769 749 ι
3792 732 3879 771 ca-

2165 791 2250 862 pit
2263 796 2362 849 aut
2376 791 2815 867 fingitqualium
2842 798 3876 874 cumquesimilitudinesfcorporum,

2165 882 2263 937 sed
2309 883 2523 939 mentis
2545 884 2873 942 certissima
2895 886 3294 961 intelligentia,
3322 888 3501 947 Deum
3527 908 3640 948 non
3664 910 3877 966 corpus

2165 986 2310 1041 esse,
2343 974 2438 1027 sed
2471 973 2741 1045 spiritum
2776 993 2789 1031 :
2822 977 2901 1033 ita
2932 975 3123 1048 palam
3167 979 3236 1034 de
3275 978 3440 1037 Patre
3490 984 3877 1040 annuntiaute

2167 1058 2331 1128 Filio,
2366 1070 2426 1117 ut
2457 1062 2717 1133 ejusdem
2752 1065 3089 1122 substantiis
3122 1069 3516 1141 conspiciatur
3539 1076 3593 1127 et
3624 1072 3747 1143 ipse
3770 1076 3873 1145 qui

2164 1148 2493 1207 annuntiat.
2541 1152 2705 1209 Tunc
2737 1154 2794 1210 in
2828 1156 2953 1226 ejus
2986 1158 3225 1213 nomine
3256 1163 3461 1229 petunt
3491 1161 3591 1234 qui
3633 1168 3871 1233 petunt;

2163 1236 2302 1308 quia
2322 1237 2381 1293 in
2403 1254 2547 1295 sono
2570 1240 2696 1310 ejus
2719 1243 2973 1299 nominis
2996 1260 3110 1300 non
3136 1245 3292 1301 aliud
3323 1262 3501 1317 quam
3533 1264 3622 1305 res
3643 1249 3768 1321 ipsa
3785 1258 3872 1306 est

2161 1342 2285 1397 quae
2317 1327 2425 1385 hoc
2456 1327 2690 1386 nomine
2713 1337 2973 1401 vocatur,
2999 1333 3359 1406 intelligunt,
3381 1353 3485 1393 nec
3506 1337 3688 1394 animi
3708 1341 3871 1395 vani-

2161 1419 2275 1472 tate
2308 1417 2393 1474 vel
2427 1417 2766 1477 inﬁrmitate
2798 1422 3138 1495 conﬁngunt
3188 1430 3464 1497 tanquam
3501 1428 3560 1483 in
3590 1427 3703 1486 alio
3744 1430 3869 1485 loco

2158 1508 2413 1577 Patrem,
2445 1508 2505 1565 in
2536 1510 2650 1567 alio
2683 1510 2892 1567 Filium
2925 1518 3059 1569 ante
3098 1516 3327 1571 Patrem
3372 1520 3649 1587 stantem,
3679 1523 3737 1575 et
3767 1536 3867 1592 pro

2158 1598 2327 1654 nobis
2359 1604 2677 1669 rogantem,
2712 1601 2902 1673 spatia
2933 1620 3039 1659 sua
3069 1620 3313 1676 quaeque
3344 1607 3651 1663 amborum
3698 1624 3871 1665 occu-

2156 1687 2427 1758 pentibus
2460 1689 2731 1759 molibus,
2765 1696 2822 1748 et
2850 1693 3105 1749 Verbum
3146 1694 3219 1749 ad
3253 1710 3383 1750 eum
3406 1695 3575 1765 cujus
3606 1701 3694 1752 est
3722 1700 3866 1754 Ver-

2157 1774 2295 1832 bum
2319 1777 2505 1834 l'acere
2523 1779 2697 1835 verba
2718 1795 2823 1851 pro
2845 1781 3037 1851 nobis,
3064 1782 3367 1839 intervallo
3383 1784 3748 1855 interpositio
3771 1787 3866 1841 in-

2154 1868 2242 1922 ter
2256 1882 2321 1922 os
2342 1866 2635 1939 loquentis
2647 1869 3008 1926 etauriculas
3030 1873 3353 1941 audientis;
3374 1880 3431 1929 et
3452 1873 3565 1929 alia
3577 1873 3717 1931 talia
3738 1891 3862 1948 quae

2153 1955 2263 2011 sibi
2288 1956 2589 2025 animales,
2605 1958 2901 2031 iidemque
2913 1960 3178 2017 carnales
3198 1960 3259 2018 in
3277 1962 3552 2019 cordibus
3576 1963 3862 2021 fabrican-

2152 2049 2266 2100 tur.
2300 2044 2595 2117 Quidquid
2615 2048 2773 2104 enim
2790 2048 2902 2105 tale
2922 2050 3333 2122 spiritualibus
3361 2052 3431 2108 de
3461 2052 3576 2109 Deo
3596 2053 3857 2124 cogitan-

2151 2134 2310 2191 tibus
2357 2152 2423 2192 ex
2465 2152 2774 2209 corporum
2806 2141 3227 2198 consuetudine
3268 2142 3540 2210 occurrit,
3597 2145 3857 2214 negando

2149 2229 2321 2298 atque
2342 2229 2692 2300 respuendo,
2713 2233 2998 2300 tanquam
3018 2230 3383 2303 importunae
3407 2247 3656 2297 muscas,
3672 2232 3743 2288 ab
3766 2233 3856 2289 in-

2148 2315 2460 2373 terloribus
2503 2317 2686 2373 oculis
2733 2318 3015 2389 abigunt;
3069 2324 3127 2375 et
3182 2320 3501 2376 sinceritati
3551 2321 3675 2391 ejus
3706 2320 3856 2378 lucis

2147 2405 2550 2477 acquiescunt,
2599 2424 2717 2478 qua
2749 2412 2895 2464 teste
2924 2425 2989 2464 ac
3011 2408 3209 2479 judice
3242 2409 3349 2465 has
3377 2408 3536 2481 ipsas
3566 2409 3853 2481 imagines

2144 2511 2451 2567 corporum
2501 2496 2625 2553 suis
2674 2496 2920 2553 internis
2963 2497 3293 2570 aspectibus
3335 2498 3642 2567 irruentes,
3676 2499 3852 2556 falsas

2143 2586 2382 2642 omnino
2411 2601 2539 2643 esse
2570 2589 2940 2644 convincunt.
2972 2587 3039 2644 lli
3074 2594 3324 2660 possunt
3355 2592 3670 2659 utcumque
3700 2590 3850 2659 cogi-

2144 2680 2266 2732 tare
2300 2676 2608 2733 Dominum
2628 2682 2889 2734 nostrum
2907 2677 3111 2734 Jesum
3134 2678 3430 2734 Christum
3455 2679 3514 2733 in
3560 2684 3847 2751 quantum

2140 2767 2316 2825 homo
2337 2773 2445 2837 est,
2471 2785 2572 2840 pro
2597 2768 2764 2825 nobis
2783 2768 3156 2840 interpellare
3178 2769 3404 2825 Patrem
3435 2789 3449 2839 ;
3476 2771 3537 2826 in
3560 2775 3847 2841 quantum

2142 2862 2337 2913 autem
2370 2857 2524 2914 Deus
2554 2862 2663 2925 est,
2692 2874 2797 2915 nos
2828 2859 3102 2915 exaudire
3130 2875 3267 2914 cum
3296 2860 3481 2914 Patre.
3516 2860 3678 2925 Quod
3712 2875 3846 2916 eum

2139 2948 2502 3019 significasse
2515 2949 2764 3004 arbitror
2778 2950 2876 3004 ubi
2909 2950 3010 3017 ait,
3035 2950 3099 3003 Et
3118 2965 3229 3005 non
3249 2950 3373 3007 dico
3412 2949 3567 3006 vobis
3597 2954 3727 3022 quia
3751 2968 3846 3022 ego

2138 3037 2340 3106 rogabo
2371 3042 2594 3090 Patrem
2632 3036 2695 3092 de
2742 3038 2910 3092 vobis.
2951 3038 3035 3092 Ad
3088 3038 3195 3093 hoc
3239 3038 3452 3109 quippe
3492 3038 3843 3096 intuendum

2138 3126 2427 3197 quomodo
2458 3140 2571 3181 non
2604 3130 2771 3196 rogat
2800 3125 3025 3181 Patrem
3069 3126 3267 3194 Filius,
3308 3129 3406 3184 sed
3457 3127 3634 3183 simul
3664 3144 3843 3183 exau-

2137 3215 2307 3271 diunt
2326 3220 2592 3287 rogantes
2615 3213 2782 3270 Pater
2798 3218 2855 3269 et
2878 3214 3075 3281 Filius,
3100 3216 3333 3272 nonnisi
3355 3216 3679 3287 spiritualis
3701 3234 3841 3275 ocu-

2138 3304 2231 3361 lus
2264 3305 2477 3361 mentis
2517 3304 2800 3360 ascendit.

2205 3395 2259 3449 5.
2286 3395 2402 3465 Ipse
2427 3396 2575 3451 enim
2622 3395 2807 3458 Pater.
2858 3392 3072 3465 inquit,
3115 3398 3268 3449 amat
3321 3409 3431 3463 vos,
3482 3396 3617 3465 quia
3646 3411 3738 3453 vos
3762 3413 3849 3454 me

2136 3487 2379 3541 amastis.
2415 3485 2548 3541 Ideo
2566 3490 2722 3540 amat
2743 3483 2861 3552 ille,
2896 3484 3034 3555 quia
3066 3498 3170 3539 nos
3202 3498 3465 3539 amamus
3494 3500 3602 3552 ;an
3630 3486 3845 3555 potius,

2136 3575 2272 3646 quia
2300 3574 2399 3630 ille
2429 3577 2609 3644 amat,
2641 3574 2771 3630 ideo
2816 3580 2921 3630 nos
2965 3589 3234 3629 amamus
3262 3574 3290 3627 Ῥ
3333 3572 3415 3628 Ex
3446 3572 3704 3646 Epistola
3736 3591 3847 3632 sua

2137 3664 2487 3736 evangelista
2516 3664 2670 3720 idem
2702 3663 2829 3735 ipse
2856 3663 3239 3735 respondeat:
3274 3663 3377 3719 Nos
3414 3663 3717 3735 diligimus,
3746 3665 3806 3721 in
3826 3695 3839 3708 -

2137 3753 2279 3825 quit,
2314 3754 2449 3825 quia
2468 3754 2627 3825 prior
2655 3754 2765 3824 ipse
2809 3752 3010 3809 dilexit
3036 3768 3134 3809 nos
3166 3753 3210 3824 (l
3240 3754 3397 3810 Joan.
3441 3769 3516 3822 iv,
3552 3753 3667 3826 10).
3695 3753 3841 3810 Hinc

2135 3860 2272 3917 ergo
2294 3843 2508 3899 factum
2541 3847 2629 3899 est
2660 3848 2723 3899 ut
2772 3841 3169 3914 diligeremus,
3203 3843 3340 3915 quia
3384 3842 3576 3899 dilecti
3608 3858 3840 3900 sumus.

2138 3936 2379 3988 Prorsus
2409 3932 2629 3987 donum
2665 3928 2760 3987 Dei
2786 3934 2875 3986 est
2898 3929 3137 4002 diligere
3161 3929 3365 3986 Deum.
3402 3929 3530 4003 Ipse
3552 3934 3616 3987 ut
3646 3930 3841 4003 dilige-

2138 4026 2296 4078 retur
2324 4022 2501 4089 dedit,
2550 4022 2649 4093 qui
2701 4036 2817 4076 non
2871 4019 3117 4076 dilectus
3171 4019 3394 4076 dilexit.
3454 4020 3842 4092 Displicentes

2138 4110 2317 4167 amati
2339 4125 2571 4178 sumus,
2606 4115 2669 4166 ut
2688 4108 2917 4166 essetin
2949 4109 3118 4165 nobis
3151 4110 3301 4166 unde
3319 4108 3700 4181 placeremus.
3724 4111 3846 4165 Non

2140 4201 2287 4256 enim
2316 4216 2650 4257 amaremus
2689 4199 2924 4270 Filium,
2956 4199 3071 4255 nisi
3127 4215 3459 4257 amaremus
3503 4203 3559 4255 et
3595 4202 3842 4255 Patrem.

2138 4291 2310 4347 Amat
2364 4306 2470 4348 nos
2516 4290 2700 4359 Pater,
2733 4291 2867 4362 quia
2898 4305 3005 4347 nos
3053 4304 3325 4345 amamus
3366 4288 3573 4343 Filium
3607 4305 3622 4356 ;
3664 4304 3788 4344 cum
3814 4306 3846 4343 a

2139 4384 2307 4437 Patre
2335 4384 2392 4437 et
2422 4378 2565 4437 Filio
2594 4380 2987 4452 acceperimus
3029 4388 3084 4434 ut
3109 4383 3165 4434 et
3203 4380 3429 4435 Patrem
3480 4392 3743 4433 amemus
3790 4379 3847 4431 et

2139 4468 2350 4527 Filium
2384 4488 2397 4526 :
2432 4471 2711 4526 diﬂundit
2766 4468 2919 4525 enim
2970 4468 3307 4524 charitatem
3340 4466 3400 4521 in
3431 4467 3706 4522 cordibus
3738 4484 3842 4522 no-

2140 4560 2279 4616 stris
2309 4561 2613 4616 amborum
2665 4560 2912 4631 Spiritus
2957 4559 3127 4629 (Rom.
3163 4575 3215 4626 ν,
3270 4558 3348 4628 5),
3381 4572 3481 4629 per
3515 4571 3685 4627 quem
3716 4557 3844 4627 Spi-

2140 4650 2317 4705 ritum
2338 4655 2396 4706 et
2417 4653 2642 4706 Patrem
2661 4664 2928 4704 amamus
2952 4653 3009 4704 et
3031 4646 3259 4714 Filium,
3285 4653 3336 4702 et
3364 4661 3536 4717 quem
3562 4646 3844 4717 Spiritum

2139 4755 2271 4797 cum
2300 4739 2467 4795 Patre
2489 4754 2755 4796 amamus
2787 4744 2843 4795 et
2875 4738 3039 4795 Filio.
3066 4743 3333 4794 Amorem
3363 4736 3556 4807 itaque
3579 4740 3844 4791 nostrum

2138 4829 2296 4901 pium
2332 4846 2441 4902 quo
2468 4830 2718 4886 colimus
2752 4834 2951 4897 Deum,
2988 4828 3120 4886 fecit
3144 4829 3386 4897 Deus,et
3418 4827 3561 4883 vidit
3583 4827 3717 4899 quia
3741 4828 3843 4882 bo-

2137 4936 2280 4975 num
2310 4923 2420 4989 est,
2452 4919 2580 4975 ideo
2612 4922 2826 4991 quippe
2856 4918 3070 4975 amavit
3101 4919 3223 4991 ipse
3262 4915 3411 4989 quod
3448 4915 3596 4972 fecit.
3639 4915 3748 4969 Sed
3786 4915 3843 4969 in

2136 5009 2302 5067 nobis
2334 5026 2449 5065 non
2482 5010 2691 5066 faceret
2720 5009 2872 5080 quod
2908 5012 3149 5075 amaret,
3173 5008 3286 5064 uisi
3317 5010 3625 5077 antequam
3668 5002 3724 5058 id
3760 5002 3842 5058 fa-

2133 5104 2306 5167 ceret,
2340 5116 2445 5156 nos
2477 5109 2717 5156 amaret.

2200 5190 2256 5244 6.
2290 5189 2355 5243 Et
2382 5187 2705 5256 credidistis,
2746 5187 2951 5257 inquit.
2995 5190 3124 5259 quia
3171 5203 3203 5240 a
3260 5187 3363 5241 Deo
3399 5185 3564 5239 exivi.
3621 5184 3782 5239 Exivi
3809 5199 3845 5239 α

2133 5278 2299 5333 Patre
2326 5285 2377 5333 et
2405 5281 2536 5333 veni
2568 5280 2626 5331 in
2647 5278 2952 5333 mundum:
2983 5278 3182 5331 iterum
3206 5274 3454 5343 relinquo
3475 5271 3757 5340 mundum,
3790 5280 3843 5328 et

2130 5368 2266 5424 vado
2292 5369 2365 5424 ad
2393 5370 2630 5426 Patrem.
2658 5368 2833 5423 Plane
2864 5366 3241 5425 credidimus.
3277 5364 3467 5436 Neque
3498 5362 3653 5419 enim
3705 5381 3840 5438 pro-

2128 5463 2323 5530 pterea
2353 5458 2523 5515 debet
2546 5456 2886 5515 incredibile
2914 5456 3119 5525 videri,
3155 5455 3294 5529 quia
3323 5454 3408 5512 sic
3438 5452 3510 5511 ad
3550 5456 3835 5513 mundum

2192 5614 2208 5645 ί
2250 5610 2375 5657 Lov.
2409 5621 2516 5669 non
2558 5607 2760 5658 habent
2808 5609 3145 5671 particulam,
3176 5621 3325 5671 quae;
3353 5619 3477 5671 cum
3512 5606 3625 5655 haec
3657 5610 3834 5657 tamen

2128 5686 2228 5725 vox
2262 5673 2331 5722 ad
2361 5666 2578 5721 sensum
2614 5666 2936 5735 requiritur,
2967 5675 3019 5722 et
3041 5666 3339 5735 reperiatur
3370 5666 3553 5719 inMss.

3144 5787 3514 5871 ιδοίπαηιε.)
