4182 6198
363 291 387 350 1
401 291 515 351 899

358 423 595 479 veniens
616 421 753 479 exiit
775 437 807 476 a
829 423 1015 486 Patre,
1041 421 1104 473 ut
1126 435 1238 474 non
1263 417 1552 475 desereret
1597 418 1820 473 Patrem
1844 433 1856 482 ;
1892 421 1947 470 et
1976 414 2060 470 sic

357 512 516 570 vadit
539 512 610 569 ad
643 515 869 568 Patrem
902 509 1099 567 relicto
1122 509 1362 576 mundo,
1397 515 1455 564 ut
1481 525 1595 564 non
1628 507 1855 562 deserat
1886 521 2056 560 mun-

357 602 516 658 dum.
553 601 698 658 Exiil
730 601 884 658 enim
909 618 942 657 a
965 599 1149 668 Patre,
1182 597 1319 672 quia
1349 598 1419 654 de
1445 597 1612 654 Patre
1637 601 1725 652 est
1761 613 1772 650 :
1805 596 1863 651 in
1897 610 2066 650 mun-

356 691 496 748 dum
529 692 706 762 venit,
742 693 877 764 quia
907 692 1123 747 mundo
1155 704 1329 746 suum
1378 703 1592 761 corpus
1623 685 1878 745 ostendit
1909 684 2063 756 quod

355 781 426 838 de
446 779 676 855 Virgine
700 780 1036 852 assumpsit.
1067 777 1320 851 Reliquit
1343 779 1628 833 mundum
1645 772 1925 846 corporali
1944 773 2062 830 dis-

353 872 627 938 cessione,
682 870 931 941 perrexit
993 870 1060 925 ad
1108 869 1338 924 Patrem
1392 867 1647 923 hominis
1697 863 2058 930 ascensione,

355 975 456 1015 nec
490 959 777 1016 mundum
806 958 1061 1014 deseruit
1094 958 1408 1029 praesentiae
1439 955 1878 1028 gubernatione.

908 1083 1330 1140 THACTATUS
1362 1083 1502 1137 CIII.

350 1195 422 1249 De
452 1209 515 1247 eo
546 1192 696 1263 quod
739 1195 1001 1261 sequitur,
1051 1191 1263 1246 Dicunt
1309 1191 1357 1243 ei
1392 1187 1665 1260 discipuli
1706 1189 1832 1258 ejus
1868 1203 1880 1240 :
1918 1185 2058 1239 Ecce

421 1298 576 1339 nunc
608 1283 798 1354 palam
830 1282 1126 1352 loqueris;
1171 1295 1340 1351 usque
1385 1279 1454 1334 ad
1497 1280 1574 1342 id,
1606 1278 1715 1333 Sed
1765 1274 2059 1338 conﬁdite,

419 1389 524 1444 ego
562 1372 672 1428 vici
707 1374 1011 1427 mundum.
1046 1371 1176 1441 Cap.
1209 1387 1320 1437 xvi,
1366 1372 1417 1436 ᾖν.
1459 1370 1650 1422 29-33.

420 1483 466 1533 1.
486 1480 695 1544 Quales
709 1483 872 1534 erant
887 1475 1158 1547 discipuli
1170 1476 1248 1532 Ch
1260 1476 1407 1542 risti,
1423 1475 1650 1547 quando
1665 1489 1795 1528 cum
1821 1473 1904 1528 eis
1924 1474 2056 1526 ante

348 1568 672 1641 passionem
709 1566 1059 1638 loquebatur
1105 1582 1310 1636 magna
1342 1581 1474 1620 cum
1511 1564 1724 1636 parvis,
1769 1562 1867 1617 sed
1901 1559 2055 1616 sicut

347 1658 643 1728 oportebat
677 1662 740 1712 ut
771 1673 980 1727 magna
1029 1657 1358 1712 dicerentur
1387 1659 1442 1710 et
1483 1655 1695 1725 parvis,
1732 1653 1872 1723 quia
1908 1667 2054 1708 non-

346 1751 486 1802 dum
511 1752 741 1819 accepto
762 1746 979 1819 Spiritu
1003 1751 1225 1814 sancto,
1251 1744 1742 1819 quemadmodum
1766 1758 1900 1798 eum
1927 1749 2054 1813 post

345 1842 472 1904 ejus
503 1837 983 1892 resurrectionem
1015 1837 1100 1891 vel
1135 1837 1256 1908 ipso
1298 1835 1653 1899 insuiﬂante,
1685 1833 1771 1888 vel
1803 1835 2054 1902 desuper

344 1931 711 1998 acceperunt,
751 1927 1009 1982 humana
1049 1926 1233 1998 magis
1275 1942 1441 1998 quam
1480 1925 1674 1980 divina
1727 1924 2053 1994 sepiebant.

347 2017 550 2072 multis
593 2015 833 2086 judiciis
883 2032 986 2088 per
1035 2024 1213 2071 totum
1253 2014 1630 2086 Evangelium
1678 2013 2051 2068 declaratur:

346 2108 499 2162 unde
529 2110 583 2160 et
615 2106 723 2160 hoc
763 2111 852 2161 est
897 2106 1050 2178 quod
1102 2106 1158 2160 in
1193 2106 1307 2161 ista
1351 2104 1594 2160 lectione
1633 2103 1925 2158 dixerunt.
1957 2101 2052 2156 Ait

345 2197 498 2252 enim
533 2195 938 2267 Evangelista:
970 2219 998 2247 ‹‹
1041 2194 1253 2253 Dicunt
1299 2195 1350 2250 ei
1394 2193 1664 2266 discipuli
1698 2194 1858 2264 ejus:
1909 2191 2052 2246 Ecce

345 2301 502 2342 nunc
534 2284 726 2358 palam
767 2286 1044 2356 loqueris,
1095 2290 1152 2341 et
1202 2285 1572 2357 proverbium
1600 2283 1826 2340 nullum
1859 2281 2042 2337 dicis:

344 2391 498 2431 nunc
529 2375 744 2432 scimus
771 2375 906 2446 quia
941 2376 1090 2431 nosti
1113 2374 1334 2441 omnia,
1355 2380 1413 2431 et
1433 2391 1547 2430 non
1573 2389 1722 2446 opus
1743 2381 1825 2428 est
1858 2371 1963 2428 tibi
1987 2379 2048 2426 ut

341 2465 898 2536 quisteinterroget;
933 2465 989 2520 in
1006 2464 1424 2521 hoccredimus
1450 2463 1634 2535 quiaa
1664 2463 1778 2518 Deo
1800 2461 1986 2518 existi.
2015 2481 2042 2510 »

344 2559 468 2626 ipse
501 2555 784 2610 Dominus
805 2555 974 2625 paulo
997 2559 1129 2610 ante
1159 2553 1400 2623 dixerat,
1438 2574 1461 2606 α
1492 2553 1621 2609 Ilaec
1649 2553 1708 2608 in
1733 2550 2045 2624 proverbiis

341 2644 568 2698 locutus
585 2658 708 2698 sum
721 2643 906 2698 vobis:
924 2644 1074 2697 venit
1089 2642 1506 2712 boracumjam
1525 2659 1636 2697 non
1653 2642 1708 2696 in
1727 2639 2042 2710 proverbiis

341 2734 546 2802 loquar
560 2731 747 2787 vobis.
777 2754 797 2781 ιι
825 2731 1126 2795 Quomodo
1143 2745 1279 2802 ergo
1300 2730 1628 2795 istidicunt,
1645 2732 1776 2785 Ecce
1795 2746 2044 2802 nunrpa-

341 2824 446 2874 lam
472 2821 726 2891 loqueris,
740 2828 792 2876 et
799 2819 1148 2892 proverbium
1165 2818 1388 2874 nullum
1407 2819 1880 2891 dicis?Numquid
1905 2821 2043 2875 hora

332 2913 454 2980 jam
471 2913 724 2978 venerat,
751 2924 866 2981 qua
890 2925 1003 2964 non
1023 2909 1141 2980 jam
1162 2907 1222 2964 in
1249 2908 1588 2981 proverbiiis
1610 2923 1672 2964 se
1695 2907 2041 2979 promiserat

340 2999 666 3053 locuturum
689 2998 716 3052 Ἰ
747 2998 989 3053 Prorsus
1018 2998 1168 3068 quod
1193 2997 1451 3054 nondum
1474 2996 1572 3052 illa
1603 2997 1742 3053 bora
1768 2997 2038 3068 venisset,

338 3086 698 3143 continuatio
718 3087 1028 3142 verborum
1051 3088 1176 3157 ejus
1197 3087 1478 3155 ostendit,
1503 3103 1627 3159 qum
1650 3087 1761 3144 ista
1791 3105 1920 3146 sese
1941 3089 2039 3145 ha-

340 3178 466 3232 bet:
509 3197 535 3229 ι
565 3176 714 3244 Ηεεο,
739 3176 950 3248 inquit,
985 3177 1043 3232 in
1080 3177 1396 3246 proverbiis
1427 3176 1658 3233 locutus
1680 3193 1812 3234 sum
1835 3180 1996 3236 vobis
2023 3198 2034 3235 :

339 3267 488 3322 venit
517 3267 660 3322 hora
689 3282 822 3321 cum
847 3268 971 3336 jam
1015 3282 1129 3322 non
1164 3266 1222 3320 in
1274 3267 1589 3336 proverbiis
1618 3266 1824 3339 loquar
1851 3269 2036 3340 vobis,

338 3358 435 3411 sed
469 3355 662 3428 palam
694 3355 765 3412 de
795 3355 962 3412 Patre
986 3371 1110 3411 meo
1132 3355 1492 3412 annuntiabo
1523 3357 1703 3413 vobis.
1727 3357 1832 3413 Illo
1862 3358 1954 3415 die
1976 3359 2034 3416 in

336 3445 572 3502 nomine
603 3461 730 3502 meo
762 3444 970 3518 potetis
997 3463 1009 3501 :
1042 3451 1098 3501 et
1133 3460 1248 3501 non
1281 3445 1409 3501 dico
1447 3445 1609 3502 vobis
1639 3447 1779 3517 quia
1809 3463 1913 3520 ego
1944 3465 2033 3504 ro-

334 3537 481 3607 gabo
497 3535 716 3592 Patrem
733 3534 980 3590 devobis
1005 3533 1157 3606 ;ipse
1186 3535 1340 3591 enim
1374 3537 1544 3591 Pater
1567 3544 1719 3592 amat
1754 3554 1870 3609 vos,
1901 3541 2036 3608 quia

335 3642 431 3679 vos
464 3640 556 3680 me
586 3623 849 3693 amastis,
883 3628 939 3678 et
968 3622 1294 3679 credidistis
1351 3625 1489 3695 quia
1519 3640 1622 3696 ego
1655 3642 1688 3682 a
1717 3631 1832 3683 Deo
1862 3628 2031 3683 exivi.

335 3713 488 3767 Exivi
521 3730 552 3768 a
583 3715 769 3780 Patre,
801 3718 858 3768 et
897 3713 1025 3768 veni
1064 3711 1122 3766 in
1157 3714 1440 3769 mundum
1479 3733 1492 3770 :
1529 3715 1735 3771 iterum
1769 3716 2034 3789 relinquo

334 3801 643 3865 mundum,
677 3807 732 3855 et
761 3801 906 3856 vado
946 3801 1015 3856 ad
1079 3801 1305 3858 Patrem
1338 3825 1365 3851 »
1411 3804 1591 3873 (locu.
1653 3822 1766 3875 va,
1815 3807 2029 3879 25-28).

333 3896 474 3944 tium
513 3906 612 3961 per
641 3890 762 3945 haec
783 3890 980 3946 omnia
1012 3889 1184 3945 verba
1208 3891 1396 3946 adhuc
1419 3891 1577 3948 illam
1605 3897 1897 3966 promittat
1928 3897 2030 3954 bo-

333 3995 454 4032 ram
491 3994 602 4047 qua
633 3992 746 4032 non
773 3977 893 4047 jam
928 3977 985 4032 in
1020 3977 1338 4048 proverbiis
1367 3979 1654 4051 loquetur,
1705 3986 1804 4040 sed
1841 3987 2029 4058 palam

333 4069 400 4121 de
437 4069 599 4123 Patre
621 4066 1098 4123 annuntiabiteis
1121 4085 1134 4134 ;
1160 4067 1219 4123 in
1252 4084 1367 4140 qua
1397 4069 1536 4126 hora
1567 4073 1822 4131 diciteos
1848 4077 1904 4131 in
1929 4093 2032 4133 suo

334 4155 566 4211 nomine
589 4156 895 4227 petituros,
930 4171 1035 4212 nec
1066 4171 1123 4211 se
1159 4155 1386 4212 Patrem
1419 4159 1489 4214 de
1519 4159 1635 4216 illis
1669 4168 2028 4236 rogaturum,

329 4262 394 4300 eo
419 4247 571 4316 quod
603 4247 727 4318 ipse
759 4245 926 4300 Pater
956 4250 1111 4302 amet
1139 4261 1258 4313 eos,
1300 4247 1441 4318 quia
1471 4256 1522 4303 et
1553 4250 1662 4321 ipsi
1695 4263 2037 4313 amaverunt

329 4335 646 4402 Christum,
678 4340 734 4391 et
764 4334 1134 4392 crediderunt
1164 4338 1318 4408 quod
1371 4354 1403 4394 a
1441 4339 1604 4395 Patre
1634 4341 1833 4398 exierit
1859 4353 1913 4400 et
1941 4364 2033 4404 ve-

329 4425 869 4490 neritinmundum,
891 4423 1101 4482 iterum
1127 4426 1431 4484 relicturus
1465 4431 1817 4490 mundumet
1845 4434 2034 4494 iturus

323 4513 392 4568 ad
427 4515 657 4570 Patrem
693 4531 704 4568 :
741 4531 874 4570 cum
901 4530 1034 4586 ergo
1059 4516 1248 4572 adhuc
1271 4517 1641 4588 promittatur
1672 4519 1814 4578 bora
1843 4523 1943 4581 illa
1977 4526 2032 4582 in

326 4619 439 4672 qua
466 4604 591 4658 sine
623 4603 938 4674 proverbiis
963 4603 1262 4661 locuturus
1286 4611 1392 4672 est,
1416 4624 1522 4664 cur
1543 4609 1638 4665 isti
1665 4610 1882 4681 dicunt,
1908 4615 2037 4671 Ecce

323 4708 470 4746 nunc
497 4692 680 4761 palam
715 4692 972 4762 loqueris,
1005 4697 1058 4748 et
1083 4695 1428 4765 proverbium
1469 4698 1682 4754 nullum
1714 4701 1880 4765 dicis;
1921 4703 2037 4761 nisi

322 4777 458 4848 quia
489 4775 588 4831 illa
614 4792 741 4846 qua:
773 4779 882 4832 scit
911 4777 1035 4847 ipse
1079 4795 1194 4834 non
1251 4780 1710 4851 intelligentibus
1741 4802 1868 4843 esse
1902 4807 2033 4860 pro-

320 4864 536 4934 verbis,
569 4863 654 4920 illi
688 4881 875 4936 usque
906 4867 1048 4921 adeo
1080 4883 1194 4922 non
1217 4867 1569 4939 intelligunt,
1603 4881 1662 4927 ut
1695 4891 1798 4928 nec
1829 4876 2030 4934 saltem

321 4975 436 5012 non
470 4972 532 5012 se
564 4954 888 5026 intelligere
921 4953 1298 5026 intelligant?
1327 4958 1554 5014 Parvuli
1587 4961 1742 5016 enim
1775 4969 1962 5034 erant,
1981 4975 2037 5022 et

322 5048 579 5104 nondum
615 5043 998 5118 spiritualiter
1021 5045 1436 5116 dijudicabant,
1463 5064 1586 5120 quae
1617 5050 1688 5107 de
1721 5054 1898 5110 rebus
1918 5071 2033 5112 non

317 5139 386 5194 ad
421 5154 650 5212 corpus,
685 5137 786 5193 sed
828 5137 898 5192 ad
933 5135 1202 5208 spiritum
1238 5137 1664 5209 pertinentibus
1693 5144 2030 5201 audiebant.

384 5229 437 5283 2.
472 5227 728 5299 Denique
760 5228 830 5283 de
859 5226 983 5298 ipsa
1028 5242 1229 5283 eorum
1263 5237 1423 5284 aelate
1463 5229 1654 5286 adhuc
1687 5235 2034 5306 secundum,

315 5317 646 5373 interiorem
681 5317 974 5375 hominem
1013 5333 1187 5388 parva
1211 5323 1266 5373 et
1300 5317 1532 5376 infirma
1563 5337 1662 5377 eos
1695 5323 2023 5382 admonens

319 5430 347 5460 «
384 5403 702 5475 Respondit
757 5407 842 5462 eis
882 5409 1087 5463 Jesus:
1149 5406 1320 5465 Modo
1371 5410 1605 5467 creditis
1637 5413 1664 5465 ἶ)
1695 5411 1835 5470 Ecce
1865 5417 2022 5472 venit

315 5491 477 5562 hom,
505 5500 558 5548 et
585 5494 708 5563 jam
743 5495 919 5561 venit,
952 5503 1012 5550 ut
1045 5496 1464 5570 dispergamini
1519 5504 1917 5576 unusquisque
1957 5505 2016 5561 in

314 5585 567 5669 propria.
601 5587 655 5638 et
691 5597 780 5638 me
811 5583 1000 5641 solum
1027 5586 1390 5659 relinquatis.
1428 5590 1493 5645 Et
1527 5607 1639 5648 non
1674 5608 1804 5649 sum
1839 5595 2014 5666 solus,

1315 283 1392 342 ΙΝ
1437 279 1760 346 JOANNIS
1807 276 2336 353 EVANGELIUM,
2385 282 2448 343 S.
2498 282 2928 344 AUGUSTINI

3745 52 4096 119 π

3728 281 3888 343 1900

2173 417 2310 486 quia
2351 418 2516 474 Pater
2564 436 2793 478 mecum
2834 423 2942 476 est.
2977 442 3004 469 ››
3038 417 3215 475 Paulo
3259 424 3392 475 ante
3442 421 3683 480 dixerat.
3720 443 3747 468 ‹‹
3774 419 3883 474 Re-

2171 513 2374 585 linquo
2408 520 2713 585 mundum,
2747 523 2805 575 et
2833 519 2981 574 vado
3031 517 3102 574 ad
3135 517 3360 574 Patrem
3397 537 3410 585 ;
3461 540 3487 568 ››
3531 535 3688 574 nunc
3719 518 3884 587 dicit,

2175 625 2201 654 «
2239 605 2410 661 Pater
2440 623 2669 663 mecum
2694 613 2797 664 est.
2835 630 2860 658 υ
2894 608 3031 672 Quis
3053 609 3215 663 vadit
3243 608 3312 662 ad
3336 623 3465 664 eum
3498 607 3594 679 qui
3627 625 3759 663 cum
3785 607 3883 663 illo

2173 706 2261 759 est
2281 704 2307 759 ‘?
2336 705 2441 760 Sed
2477 706 2582 762 hoc
2606 707 2952 780 intelligenti
2983 711 3071 763 est
3098 708 3364 772 verbum,
3391 725 3503 762 non
3537 707 3883 779 intelligenti

2177 796 2538 863 proverbium
2576 813 2588 850 :
2622 797 2705 852 sic
2755 803 2948 853 tamen
2984 798 3136 868 quod
3193 797 3363 852 modo
3395 815 3428 851 a
3461 797 3717 868 parvulis
3763 815 3878 852 non

2171 882 2538 955 intelligitur,
2573 893 2886 959 utcumque
2935 889 3193 959 sugitur;
3237 895 3289 944 et
3333 888 3415 944 eis
3458 889 3630 944 etiam
3673 888 3720 942 si
3758 905 3872 943 non

2171 973 2401 1044 praebet,
2434 977 2568 1046 quia
2603 978 2860 1034 nondum
2892 993 3020 1033 eum
3051 977 3310 1048 capiunt,
3366 977 3623 1032 solidum
3654 977 3874 1046 cibum,

2171 1061 2379 1117 saltem
2413 1065 2661 1120 lacteum
2695 1082 2808 1122 non
2841 1067 3088 1138 denegat
3118 1065 3482 1122 alimentum.
3516 1066 3593 1121 Ex
3627 1066 3732 1121 hoc
3764 1068 3874 1122 ali-

2171 1161 2364 1208 mento
2395 1158 2499 1221 est,
2533 1156 2681 1225 quod
2714 1157 2975 1212 sciebant
2998 1172 3129 1211 eum
3154 1171 3325 1212 nosse
3349 1157 3567 1224 omnia,
3602 1172 3704 1211 nec
3728 1173 3880 1227 opus

2170 1244 2217 1297 ei
2250 1261 2377 1300 esse
2410 1250 2473 1300 ut
2502 1262 2632 1301 eum
2666 1247 2795 1318 quis
2819 1247 3165 1318 interroget:
3201 1248 3354 1318 quod
3380 1247 3614 1318 quidem
3649 1263 3752 1302 cur
3782 1248 3876 1302 di-

2169 1335 2374 1401 xerint,
2410 1336 2588 1406 quaeri
2631 1342 2832 1406 potest.
2870 1337 3111 1393 Videtur
3141 1339 3294 1394 enim
3339 1339 3533 1410 potius
3568 1337 3743 1393 fuisse
3774 1338 3869 1393 di-

2166 1425 2434 1493 cendum,
2466 1429 2588 1481 Non
2621 1443 2768 1498 opus
2791 1427 2998 1482 esttibi
3026 1431 3088 1482 ut
3119 1444 3474 1498 quemquam
3505 1427 3829 1499 interroges
3858 1447 3875 1492 ;

2167 1531 2302 1582 non,
2337 1526 2396 1572 ut
2432 1519 2554 1588 quis
2584 1526 2634 1573 te
2670 1517 2988 1590 interroget.
3047 1518 3326 1574 Dixerunt
3381 1518 3620 1590 quippe,
3649 1518 3873 1574 Scimus

2165 1610 2291 1676 quia
2321 1611 2460 1661 nosti
2491 1611 2713 1663 omnia:
2753 1613 2810 1665 et
2867 1609 3062 1679 utique
3103 1609 3201 1679 qui
3245 1608 3402 1664 novit
3433 1609 3652 1676 omnia,
3689 1611 3876 1679 magis

2165 1710 2197 1749 a
2229 1695 2617 1752 nescientibus
2646 1697 2992 1768 interrogari
3025 1697 3192 1765 solet,
3222 1703 3282 1752 ut
3318 1698 3745 1769 interrogantes
3775 1715 3870 1753 au-

2163 1793 2327 1848 diant
2357 1797 2509 1866 quod
2545 1795 2764 1864 volunt,
2799 1797 2868 1852 ab
2908 1815 2973 1852 eo
3005 1797 3102 1867 qui
3133 1797 3288 1853 novit
3316 1797 3551 1861 omnia;
3596 1814 3711 1852 non
3744 1797 3871 1867 ipse

2160 1883 2538 1956 interrogare,
2570 1890 2850 1957 tanquam
2882 1887 3078 1943 volens
3111 1885 3330 1956 aliquid
3362 1886 3530 1952 scire,
3581 1885 3681 1956 qui
3714 1887 3874 1940 novit

2161 1973 2376 2027 omnia.
2409 1976 2554 2038 Quid
2587 1976 2696 2029 sibi
2729 1992 2865 2046 ergo
2906 1977 3048 2043 vult,
3100 1975 3255 2046 quod
3284 1975 3336 2030 ei
3384 1991 3552 2046 quem
3599 1975 3866 2030 sciebant

2161 2077 2327 2116 nosse
2349 2063 2710 2130 omnia,cum
2727 2065 2917 2120 dicere
2933 2065 3207 2120 debuisse
3224 2066 3545 2129 videantur,
3563 2063 3688 2120 Non
3714 2080 3868 2135 Opus

2159 2155 2247 2206 est
2276 2151 2380 2207 tibi
2412 2159 2475 2207 ut
2523 2169 2878 2225 quemquam
2938 2154 3272 2224 interroges,
3326 2154 3637 2210 dicendum
3670 2156 3864 2226 potius

2160 2245 2526 2313 putaverunt,
2559 2244 2673 2299 Non
2705 2261 2838 2314 opus
2889 2252 2969 2299 est
3009 2246 3108 2299 tibi
3153 2249 3210 2298 ut
3259 2248 3378 2314 quis
3411 2251 3461 2299 te
3511 2247 3805 2314 interroget
3839 2250 3867 2298 Ρ

2156 2340 2304 2406 Quid
2336 2344 2488 2412 quod
2515 2346 2826 2412 utrumque
2860 2342 3107 2413 legimus
3130 2343 3367 2408 factum,
3391 2347 3447 2396 et
3477 2341 3864 2412 interrogasse

2157 2431 2374 2486 scilicet
2406 2432 2734 2500 Dominum,
2768 2437 2824 2488 et
2872 2433 3290 2501 interrogatum
3325 2432 3506 2488 fuisse
3534 2432 3561 2486 ?
3607 2431 3717 2486 Sed
3751 2432 3862 2487 hoc

2154 2521 2264 2575 cito
2295 2519 2540 2574 solvitur
2570 2538 2583 2577 :
2619 2521 2754 2590 quia
2786 2521 2891 2578 hoc
2941 2538 3055 2576 non
3103 2522 3175 2590 ei,
3203 2522 3300 2576 sed
3341 2520 3459 2576 illis
3492 2520 3677 2591 potius
3705 2537 3860 2591 Opus

2154 2610 2881 2682 eratquosinterrogabat,
2923 2611 3010 2666 vel
3062 2628 3094 2666 a
3123 2611 3334 2680 quibus
3368 2611 3859 2681 interrogabatur.

2153 2698 2349 2769 Neque
2366 2699 2520 2754 enim
2544 2698 2769 2770 aliquos
2793 2701 2885 2755 ille
2907 2699 3314 2769 interrogabat,
3342 2703 3404 2754 ut
3421 2699 3492 2754 ab
3515 2699 3600 2754 eis
3631 2701 3856 2770 aliquid

2152 2787 2419 2852 disceret,
2451 2787 2551 2842 sed
2585 2805 2679 2842 eos
2712 2789 2899 2859 potius
2930 2794 2991 2843 ut
3021 2789 3270 2844 doceret.
3306 2788 3372 2842 Et
3404 2788 3503 2859 qui
3535 2787 3862 2858 interroga-

2154 2878 2286 2932 bant
2316 2895 2471 2942 eum,
2498 2877 2756 2934 volentes
2781 2879 2850 2933 ab
2873 2894 2938 2933 eo
2961 2878 3178 2949 aliquid
3205 2879 3447 2946 discere,
3484 2877 3565 2932 illi
3599 2880 3860 2949 profecto

2151 2967 2206 3024 id
2239 2984 2387 3039 opus
2431 2971 2573 3034 erat,
2624 2973 2687 3022 ut
2735 2967 2950 3023 scirent
2999 2968 3188 3038 aliqua
3235 2970 3304 3024 ab
3354 2967 3453 3024 illo
3485 2969 3583 3039 qui
3621 2975 3864 3026 noverat

2149 3065 2368 3120 omnia.
2401 3063 2685 3119 Nimirum
2710 3079 2840 3133 ergo
2863 3071 3165 3137 propterea
3188 3081 3302 3120 non
3327 3081 3473 3137 opus
3489 3072 3610 3121 erat
3634 3072 3700 3122 ut
3720 3081 3857 3121 eum

2149 3166 2280 3237 quis
2311 3165 2711 3236 interrogaret.
2739 3165 3016 3229 Quoniam
3044 3182 3146 3221 nos
3179 3167 3408 3236 quando
3433 3167 3860 3236 interrogamur

2147 3253 2217 3308 ab
2249 3254 2331 3308 eis
2355 3253 2453 3324 qui
2484 3255 2688 3308 volunt
2710 3253 2926 3324 aliquid
2949 3270 2982 3308 a
3013 3254 3180 3309 nobis
3203 3255 3369 3320 scire,
3401 3270 3468 3309 ex
3499 3255 3643 3325 ipsis
3675 3255 3858 3312 inter-

2147 3343 2752 3414 rogalionibuseorum
2777 3344 3180 3413 cognoscimus
3212 3344 3348 3414 quid
3376 3343 3551 3398 velint
3581 3344 3803 3400 discere
3840 3363 3854 3409 ;

2144 3450 2291 3504 opus
2323 3441 2410 3488 est
2441 3449 2575 3504 ergo
2610 3432 2775 3487 nobis
2816 3432 2885 3488 ab
2917 3432 3002 3489 eis
3043 3433 3409 3504 interrogari,
3455 3450 3601 3504 quos
3647 3434 3856 3488 docere

2144 3523 2365 3592 aliquid
2398 3522 2687 3589 volumus,
2723 3527 2782 3576 nt
2824 3522 3234 3593 inquisitiones
3281 3538 3482 3577 eorum
3515 3522 3727 3594 quibus
3762 3539 3856 3579 re-

2143 3613 2544 3683 spondendum
2575 3617 2662 3667 est
2687 3613 3021 3666 noverimus
3046 3629 3060 3676 ;
3087 3611 3166 3667 illi
3201 3617 3393 3667 autem
3430 3628 3498 3668 ne
3527 3611 3583 3666 id
3611 3612 3850 3681 quidem

2142 3719 2287 3772 opus
2318 3706 2459 3768 erat,
2489 3701 2584 3770 qui
2616 3701 2809 3756 omnia
2825 3705 3091 3759 noverat;
3127 3716 3230 3756 nec
3260 3717 3406 3772 opus
3429 3700 3846 3772 babebatquod

2142 3791 2214 3846 ab
2244 3807 2308 3846 eo
2340 3790 2585 3862 quisque
2633 3791 2780 3845 scire
2810 3789 3000 3859 vellet,
3035 3805 3132 3860 per
3163 3790 3290 3860 ejus
3338 3790 3841 3858 interrogationem

2141 3897 2501 3954 cognoscere,
2535 3880 2664 3950 quia
2695 3879 2855 3950 prius
2887 3895 3056 3950 quam
3092 3879 3558 3949 interrogaretur,
3599 3879 3851 3936 interro-

2142 3971 2331 4042 gaturi
2357 3975 2590 4024 noverat
2612 3969 2986 4025 voluntatem.
3011 3969 3117 4024 Sed
3157 3968 3285 4024 ideo
3315 3983 3374 4024 se
3415 3969 3737 4041 patiebatur
3764 3970 3858 4024 in-

2142 4061 2450 4129 terrogari,
2499 4064 2560 4113 ut
2599 4057 2682 4112 vel
2731 4057 2814 4112 eis
2846 4057 2944 4128 qui
2994 4064 3131 4114 tunc
3161 4058 3420 4124 aderant,
3467 4057 3552 4112 vel
3597 4059 3697 4130 qui
3728 4058 3856 4115 haec

2145 4147 2262 4204 sive
2284 4147 2437 4201 dicta
2456 4147 2683 4202 fuerant
2709 4145 2986 4205 audituri.
3017 4146 3137 4202 sive
3159 4146 3374 4216 scripta
3396 4146 3622 4215 lecturi,
3645 4147 3858 4218 quales

2145 4239 2362 4301 essent,
2396 4252 2428 4290 a
2457 4235 2672 4308 quibus
2722 4235 3215 4307 interrogabatur,
3263 4236 3588 4292 ostenderet
3620 4252 3634 4304 ;
3669 4253 3860 4308 eoque

2147 4327 2318 4382 modo
2344 4342 2650 4382 nossemus
2666 4328 2747 4381 vel
2765 4325 2981 4397 quibus
3006 4341 3119 4380 non
3143 4323 3360 4380 circum
3385 4327 3677 4381 veniretur
3700 4327 3860 4381 frau-

2146 4415 2340 4484 dibus,
2373 4415 2457 4470 vel
2494 4417 2706 4486 quibus
2743 4415 2893 4486 apud
2926 4430 3055 4469 eum
3090 4414 3463 4485 proﬁceretur
3501 4415 3867 4472 accessibus.

2147 4505 2461 4561 Praevidere
2487 4511 2678 4559 autem
2724 4504 3101 4576 cogitationes
3133 4505 3454 4572 hominum,
3488 4510 3544 4560 et
3574 4505 3697 4560 ideo
3731 4524 3852 4564 non

2145 4611 2294 4667 opus
2326 4593 2537 4649 habere
2565 4599 2628 4648 ut
2657 4610 2790 4649 eum
2825 4593 2958 4663 quis
2983 4595 3379 4666 interrogaret,
3416 4610 3694 4666 magnum
3728 4594 3856 4651 Deo

2145 4701 2256 4740 non
2290 4689 2436 4750 erat,
2465 4701 2528 4740 se
2558 4700 2840 4756 magnum
2874 4683 3133 4756 parvulis
3164 4692 3287 4739 erat
3333 4684 3432 4754 qui
3462 4685 3511 4740 ei
3553 4685 3854 4755 dicebant,

2145 4777 2202 4829 In
2235 4775 2330 4829 hoc
2359 4773 2634 4829 credimus
2665 4776 2793 4844 quia
2817 4791 2855 4828 a
2887 4774 2993 4829 Deo
3011 4776 3192 4829 existi.
3220 4772 3399 4829 Multo
3428 4779 3616 4830 autem
3655 4777 3857 4846 majus

2142 4870 2284 4933 erat,
2322 4865 2392 4919 ad
2439 4867 2590 4936 quod
2642 4863 3086 4934 intelligendum
3121 4879 3217 4920 eos
3264 4863 3488 4920 volebat
3534 4865 3758 4919 extendi
3790 4872 3856 4921 et

2142 4953 2590 5024 crescere,quod
2615 4969 2748 5008 cum
2768 4953 2851 5008 illi
2871 4953 3173 5022 dixissent,
3199 4969 3517 5024 verumque
3539 4955 3850 5020 dixissent,

2142 5061 2176 5098 a
2209 5044 2310 5099 Deo
2339 5046 2524 5112 existi,
2559 5044 2638 5098 ait
2668 5042 2782 5110 ille,
2816 5044 2980 5098 Pater
3007 5059 3212 5100 mecum
3243 5053 3348 5111 est;
3385 5060 3454 5097 ne
3500 5043 3584 5099 sic
3617 5061 3648 5098 a
3680 5043 3850 5100 Patre

2145 5133 2353 5189 Filium
2407 5134 2721 5204 cogitarent
2759 5134 2961 5201 exisse,
3013 5142 3072 5189 ut
3119 5139 3383 5206 putarent
3430 5134 3600 5189 etiam
3645 5149 3843 5190 reces-

2145 5225 2311 5280 siser.

2205 5336 2253 5383 3.
2292 5331 2504 5389 Deinde
2535 5348 2860 5389 sermonem
2908 5333 3086 5388 istum
3120 5348 3400 5404 magnum
3442 5331 3852 5405 prolixumque

2130 5421 2521 5478 concludens:
2557 5422 2693 5481 Haec.
2738 5423 2949 5493 inquit,
2982 5424 3190 5478 loeutus
3239 5438 3355 5477 sum
3389 5422 3531 5478 vobis
3563 5424 3709 5478 utin
3759 5439 3848 5479 me

2125 5525 2313 5580 parem
2363 5512 2623 5569 habeatis.
2665 5515 2727 5566 In.
2788 5513 2986 5567 mundo
3032 5528 3344 5583 pressuram
3394 5511 3703 5579 habebitis;
3752 5514 3844 5566 sed

2126 5600 2398 5671 conﬁdite,
2428 5617 2525 5671 ego
2565 5605 2666 5656 vici
2696 5602 2978 5658 mundum.
3007 5599 3152 5657 illud
3186 5600 3416 5658 initium
3450 5601 3635 5658 fuerat
3664 5601 3841 5659 babi-
