4182 6198
321 342 475 401 1901

319 483 458 536 tura
487 480 597 535 ista
629 495 923 552 pressura,
959 482 1027 537 de
1059 497 1171 554 quo
1203 485 1469 554 superius
1501 488 1563 539 ut
1593 499 1687 539 eos
1711 485 2034 540 ostenderet

326 570 623 641 parvulos,
655 571 869 642 quibus
899 570 1089 628 adhuc
1132 587 1248 628 non
1296 573 1756 646 intelligentibus
1785 579 1841 631 et
1877 573 2032 630 aliud

1485 344 1964 408 TRACTA'I'US
2011 347 2155 408 CIV.
2207 350 2464 416 CAPUT
2516 360 2694 422 XVII.

3696 383 3850 440 1902

2148 490 2427 587 temporis
2449 510 2562 549 non
2588 496 2837 568 habebit,
2873 503 2970 556 sed
3004 505 3195 558 omnis
3219 505 3321 576 pize
3355 512 3558 564 nostra:
3588 511 3849 568 intentio-

2145 580 2234 666 nis
2248 580 2608 655 actionisque
2631 587 2765 643 ﬁnis
2788 590 2915 661 ipsa
2936 592 3063 648 erit.
3091 593 3326 666 Propter
3347 596 3497 653 hanc
3519 599 3850 658 Sacramen-

324 678 434 733 pro
463 661 574 717 alio
605 661 1028 762 sentientibus,
1045 663 1356 762 proverbia.
1373 665 1801 762 quodammodo
1839 669 2035 762 essent
2144 665 2219 762 tis
2243 669 2367 739 ejus
2391 671 2729 747 imbuimur,
2755 687 2988 751 pr0pter
3010 682 3159 739 hanc
3184 661 3550 744 mirabilibus
3577 691 3704 760 ejus
3727 708 3850 762 ope-

325 768 712 824 quecumque
743 769 952 825 magna
981 758 1037 809 et
1067 754 1263 810 divina
1301 754 1563 823 dixisset,
1597 757 1693 822 ait,
1738 755 1884 813 Modo
1912 772 2031 812 cre-

320 842 456 898 ditis
486 844 510 895 .'
540 844 668 899 Ecce
707 846 858 898 venit
888 844 1045 912 hora,
1077 852 1129 900 et
1167 845 1289 916 jam
1333 848 1496 913 venit,
1541 850 1601 902 ut
1633 846 2032 917 dispergamini

316 937 693 1008 unusquisque
721 934 781 989 in
812 937 1058 1007 propria.
1107 934 1251 992 Ecce
1287 936 1523 992 initium
1572 951 1880 1007 pressurae,
1929 936 2030 992 sed

317 1039 433 1079 non
466 1041 534 1079 eo
566 1025 738 1081 modo
779 1033 1246 1097 perseveratum.
1281 1026 1444 1092 Quod
1476 1026 1632 1082 enim
1655 1026 1938 1098 adjunxit,
1977 1032 2030 1083 et

318 1129 408 1169 me
432 1115 608 1170 solum
629 1114 983 1186 relinquatis,
1014 1131 1130 1172 non
1161 1115 1286 1172 vult
1315 1133 1414 1174 eos
1448 1116 1592 1174 tales
1629 1133 1756 1174 esse
1795 1119 1853 1174 in
1893 1132 2030 1172 con-

319 1208 595 1274 sequenti
636 1222 926 1277 pressura,
949 1221 1126 1278 quam
1168 1211 1300 1279 post
1346 1207 1473 1278 ejus
1521 1209 1923 1265 ascensionem
1969 1208 2029 1266 in

317 1298 544 1355 mundo
574 1299 803 1355 fuerant
834 1299 1111 1367 habituri,
1137 1302 1201 1353 ut
1217 1298 1550 1370 relinquant
1568 1315 1701 1355 eum
1727 1323 1742 1366 ;
1765 1299 1863 1355 sed
1888 1299 2027 1355 utin

320 1389 422 1445 illo
457 1406 655 1460 pacem
695 1389 945 1446 habeant
988 1394 1400 1460 permanentes
1449 1390 1506 1444 in
1555 1405 1641 1444 eo.
1700 1389 1823 1445 Non
1873 1387 2028 1444 enim

316 1479 553 1550 quando
584 1482 1038 1549 comprehensus
1080 1483 1188 1544 est,
1239 1478 1643 1534 tantummodo
1692 1493 1866 1534 carne
1920 1494 2028 1534 sua

313 1571 448 1637 ejus
478 1584 733 1637 carnem,
763 1583 964 1622 verum
992 1569 1165 1623 etiam
1206 1572 1399 1623 mente
1429 1567 1788 1638 reliquerunt
1825 1567 2022 1622 fidem.

311 1659 398 1713 Ad
434 1658 544 1713 hoc
577 1657 822 1730 pertinet
853 1658 1007 1728 quod
1040 1659 1140 1721 ait,
1182 1657 1332 1713 Modo
1385 1657 1655 1714 creditis?
1701 1660 1833 1714 Ecce
1876 1659 2024 1715 venit

315 1748 476 1815 hora,
524 1757 583 1803 ut
629 1747 1028 1820 dispergamini
1065 1750 1124 1804 in
1155 1750 1402 1821 prapria,
1434 1757 1484 1803 et
1531 1764 1616 1804 me
1652 1749 1974 1819 relinquatis
2003 1765 2024 1804 :

312 1841 599 1907 tanquam
633 1838 866 1906 diceret,
898 1837 1063 1893 Tunc
1094 1839 1174 1892 ita
1205 1836 1804 1909 perturbabimini,'ut
1848 1845 2020 1892 etiam

317 1930 476 1998 quod
510 1927 680 1982 modo
730 1928 979 1994 creditis,
1027 1927 1384 1998 relinquatis.
1431 1927 1720 1983 Venerunt
1763 1928 1917 1983 enim
1951 1929 2022 1984 ad

307 2018 1117 2089 tantamdesperationem,et
1148 2033 1266 2072 suae
1313 2017 1569 2089 pristina:
1623 2015 1778 2084 fidei,
1829 2021 1894 2072 ut
1940 2017 2024 2074 ita

305 2108 580 2177 dixerim,
613 2111 882 2174 mortem,
937 2112 1157 2178 quanta
1196 2106 1465 2179 apparuit
1501 2107 1560 2164 in
1610 2107 1708 2164 illo
1738 2106 2018 2181 Cleopha,

304 2199 404 2268 qui
436 2199 721 2268 postejus
752 2197 1235 2254 resurrectionem
1280 2214 1413 2253 eum
1471 2197 1572 2254 illo
1603 2214 1665 2255 se
1714 2197 1870 2269 loqui
1919 2214 2018 2255 ne-

303 2290 524 2353 sciens,
566 2292 623 2342 et
673 2287 818 2358 quid
867 2289 917 2343 ei
967 2288 1275 2360 contigerit
1332 2305 1590 2359 narrans,
1633 2290 1756 2357 Nos,
1806 2290 2018 2361 inquit,

305 2378 660 2450 sperabamus
689 2378 827 2450 quod
857 2378 971 2450 ipse
999 2377 1188 2452 fuerat
1227 2379 1608 2452 redempturus
1653 2383 1822 2439 Israel
1863 2387 2018 2456 (Luc.

306 2484 464 2537 xxtv,
512 2469 626 2538 2t).
689 2468 829 2524 Ecce
886 2470 1174 2540 quomodo
1223 2485 1352 2526 eum
1413 2471 1791 2544 reliquerant,
1854 2476 2017 2534 dese-

311 2561 494 2614 rendo
508 2559 883 2630 etiamipsam
897 2557 1070 2615 ﬁdem
1093 2576 1210 2632 qua
1241 2561 1296 2616 in
1311 2577 1441 2618 eum
1465 2573 1596 2619 ante
1627 2566 2012 2624 crediderant.

306 2649 372 2704 in
405 2667 473 2705 ea
504 2665 636 2704 vero
668 2665 939 2720 pressura
981 2666 1154 2722 quam
1207 2654 1335 2722 post
1364 2652 1491 2723 ejus
1535 2651 2014 2724 gloriﬁcalionem

305 2743 545 2811 accepto
567 2739 786 2810 Spiritu
817 2743 1021 2795 sancto
1044 2739 1422 2811 pertulerunt,
1449 2759 1562 2798 non
1593 2759 1725 2800 eum
1757 2745 2016 2818 relique-

301 2835 442 2886 runt
475 2847 487 2886 :
531 2835 588 2886 et
617 2831 876 2901 quamvis
900 2830 1163 2901 fugerent
1185 2831 1253 2888 de
1276 2831 1497 2888 civitate
1523 2833 1577 2888 in
1601 2835 1916 2900 civitatem,
1942 2837 2014 2892 ab

301 2922 437 2993 ipso
472 2936 588 2975 non
619 2921 987 2991 refugerunt;
1029 2921 1130 2976 sed
1174 2930 1228 2976 ut
1260 2920 1539 2977 habentes
1589 2939 1923 2994 pressuram
1954 2927 2013 2981 in

309 3010 557 3076 mundo,
589 3008 647 3065 in
689 3008 787 3065 illo
831 3025 1031 3081 pacem
1073 3013 1352 3077 tenerent,
1377 3028 1492 3067 non
1523 3013 1594 3068 ab
1635 3012 1772 3084 ,ipso
1805 3015 2013 3085 refuga:

303 3100 567 3166 fuerunt,
601 3098 701 3155 sed
737 3098 930 3171 ipsum
955 3099 1147 3170 potius
1173 3100 1459 3172 refugium
1491 3101 1839 3158 habuerunt.
1872 3102 2015 3161 Dato

303 3189 528 3260 quippe
568 3188 684 3242 illis
733 3188 948 3259 Spiritu
990 3192 1212 3254 sancto,
1245 3188 1460 3245 factum
1491 3195 1580 3245 est
1626 3189 1686 3245 in
1735 3192 1818 3247 eis
1862 3193 2013 3262 quod

302 3294 463 3333 nunc
489 3277 708 3333 dictum
729 3282 816 3334 est
845 3277 950 3347 eis,
983 3277 1264 3348 Conﬁdite,
1294 3294 1386 3349 ego
1413 3280 1519 3334 vici
1543 3280 1829 3338 mundum.
1859 3281 2017 3336 Con-

300 3366 578 3433 ﬁderunt,
613 3374 666 3422 et
691 3367 966 3423 vicerunt.
1001 3367 1063 3422 In
1098 3384 1236 3439 quo,
1269 3366 1380 3424 nisi
1410 3367 1470 3424 in
1518 3368 1665 3425 illo?
1694 3368 1819 3424 Non
1859 3369 2014 3426 enim

296 3456 545 3513 vicisset
576 3456 672 3513 ille
704 3459 1014 3526 mundum,
1047 3459 1091 3514 si
1124 3459 1251 3530 ejus
1273 3461 1536 3516 membra
1561 3460 1813 3516 vinceret
1843 3477 2015 3516 mun-

307 3547 440 3602 dus.
479 3548 642 3602 Unde
691 3549 774 3604 ait
820 3547 1151 3619 Apostolus,
1203 3547 1419 3605 Gratias
1452 3551 1577 3617 Deo,
1611 3553 1707 3623 qui
1744 3550 1837 3606 dat
1858 3552 2017 3607 nobis

307 3639 649 3704 victoriam,-
697 3636 1085 3710 continuoque
1124 3637 1398 3709 subjecit,
1435 3655 1539 3712 per
1585 3641 1875 3696 Dominum
1913 3656 2014 3696 no-

317 3736 491 3782 strum
531 3725 712 3782 Iesum
750 3727 1022 3782 Christum
1068 3729 1121 3799 (Ι
1169 3727 1290 3786 Cor.
1339 3746 1432 3798 xv,
1471 3730 1602 3801 57):
1650 3732 1750 3802 qui
1795 3729 2016 3788 dixerat

300 3816 444 3883 suis,
481 3815 768 3885 Conﬁdite,
803 3831 898 3887 ego
929 3817 1034 3873 vici
1061 3820 1357 3874 mundum.

864 3945 1287 4003 TRACTATUS
1317 3948 1434 4005 CIV
1447 3992 1461 4004 .

292 4054 362 4109 In
397 4053 456 4111 id
482 4055 626 4128 quod
654 4057 918 4128 sequitur,
953 4057 1082 4113 Haec
1114 4057 1336 4116 locutus
1366 4064 1455 4114 est
1485 4059 1678 4128 Jesus,
1737 4064 1792 4117 et
1822 4062 2016 4120 suble-

369 4147 484 4202 vati
515 4145 703 4203 oculis
735 4147 794 4203 in
826 4149 1033 4205 emtum
1065 4149 1207 4205 dixit
1241 4165 1253 4203 :
1287 4149 1476 4216 Pater,
1520 4150 1671 4206 venit
1701 4149 1864 4222 hora,
1896 4156 2016 4211 cla—

368 4234 534 4292 riﬁca
565 4235 774 4294 Filium
799 4242 992 4309 tuum,
1014 4243 1078 4294 ut
1107 4237 1285 4296 Filius
1312 4239 1682 4298 clarificette.
1722 4241 1848 4314 Cap.
1876 4252 2012 4313 xvii,

371 4328 424 4396 ᾗ.
469 4330 520 4383 1.

376 4450 425 4501 1.
462 4449 610 4504 Ante
643 4449 751 4505 ista
784 4466 911 4520 quae
947 4467 1100 4506 nunc
1143 4468 1351 4507 sumus
1402 4453 1708 4523 adjuvante
1766 4453 2012 4514 Domino

296 4537 626 4606 tractaturi,
653 4538 873 4593 dixerat
895 4539 1088 4609 Jeeus,
1122 4541 1244 4597 Haec
1276 4541 1480 4596 locutus
1510 4559 1631 4598 sum
1657 4544 1826 4612 vobis,
1859 4553 1917 4601 ut
1952 4547 2012 4600 in

296 4642 597 4698 mepacem
629 4628 876 4684 habeatis
906 4647 925 4683 :
957 4646 1087 4701 quae
1127 4648 1241 4687 non
1275 4633 1594 4689 recentiora
1642 4633 1810 4704 paulo
1841 4650 2012 4706 supe-

291 4717 420 4772 rius
453 4718 526 4771 ab
556 4734 621 4772 eo
650 4718 820 4784 dicta,
864 4719 963 4774 sed
1011 4722 1206 4776 omnia
1255 4722 1535 4779 debemus
1576 4724 1855 4796 accipere,
1890 4724 2011 4780 sive

295 4807 820 4878 quaecumqueillis
843 4809 1073 4866 locutus
1100 4818 1182 4866 est
1211 4828 1279 4867 ex
1312 4830 1427 4883 quo
1456 4830 1552 4869 eos
1583 4816 1756 4884 coepit
1796 4815 2007 4871 habere

289 4896 638 4967 discipulos,
672 4899 790 4954 sive
817 4905 973 4956 certe
1002 4917 1071 4956 ex
1099 4918 1211 4971 quo
1243 4908 1373 4973 post
1402 4920 1628 4959 coenam
1650 4921 1889 4960 exorsus
1918 4909 2008 4960 est

292 4986 456 5041 hunc
503 4987 906 5044 admirabilem
959 4992 1365 5062 prolixumque
1405 5010 1752 5051 sermonem.
1803 4995 2002 5050 Talem

291 5077 512 5147 quippe
543 5080 1021 5136 commemoravit
1052 5097 1290 5137 causam
1322 5098 1426 5137 cur
1456 5083 1537 5138 eis
1569 5083 1640 5138 sit
1669 5081 1919 5148 locutus,
1944 5090 2006 5140 ut

289 5165 364 5219 ad
395 5180 534 5219 eum
577 5164 748 5222 ﬁnem
773 5167 1098 5225 rectissime
1137 5173 1456 5227 referantur
1504 5171 1590 5226 vel
1632 5171 1829 5227 omnia
1873 5188 2002 5243 quae

285 5260 526 5324 locutus
556 5261 644 5310 est
666 5256 770 5326 eis,
802 5258 888 5313 vel
919 5275 987 5313 ea
1017 5261 1267 5316 maxime
1296 5278 1419 5331 quae
1451 5260 1595 5315 dixit
1618 5263 1742 5330 jam
1772 5276 1872 5332 pro
1919 5259 2003 5316 eis

291 5345 639 5409 moriturus,
663 5351 939 5417 tanquam
973 5349 1145 5404 verba
1176 5351 1516 5416 novissima,
1539 5358 1912 5422 posteaquam
1937 5351 2008 5406 de

291 5434 554 5488 convivio
587 5439 788 5490 sancto
810 5437 906 5492 ille
933 5438 1031 5508 qui
1062 5454 1195 5494 eum
1228 5440 1414 5495 fuerat
1444 5439 1783 5506 traditurus,
1815 5454 2007 5510 egres-

290 5539 392 5579 sus
413 5528 524 5580 est.
560 5521 720 5582 Hane
761 5525 918 5581 enim
961 5529 1387 5585 commendavit
1436 5545 1669 5586 causam
1724 5530 2008 5584 sermonis

286 5614 402 5684 sui,
437 5620 503 5669 ut
532 5611 594 5668 in
627 5613 730 5670 illo
762 5632 962 5686 pacem
996 5615 1294 5685 haberent,
1339 5627 1571 5691 propter
1618 5618 1773 5689 quod
1825 5623 2005 5676 totum

289 5708 482 5776 agitur
512 5706 669 5779 quod
702 5705 1004 5765 christiani
1044 5724 1273 5768 sumus.
1308 5708 1438 5767 Haec
1470 5709 1623 5766 enim
1670 5726 1781 5782 pax
1827 5711 2006 5768 tinem

2140 756 2304 852 ribus
2335 766 2393 852 et
2423 767 2786 823 sermonibus
2816 773 3137 842 erudimur,
3170 785 3401 846 propter
3429 777 3579 834 hanc
3601 756 3850 852 Spiritus

2140 848 2267 918 ejus
2299 850 2508 923 pignus
2538 859 2885 930 accepimus,
2920 869 3156 933 propter
3186 865 3336 922 hanc
3386 866 3444 921 in
3493 848 3851 925 eum‘credi-

2142 952 2275 993 mus
2305 945 2361 995 et
2383 958 2712 1014 speramus,
2742 953 2796 1003 et
2825 952 2950 1018 ejus
2982 968 3177 1007 amore
3210 961 3496 1024 quantum
3529 957 3706 1013 donat
3750 975 3848 1013 ac-

2141 1027 2473 1087 cendimur:
2494 1033 2597 1090 hac
2613 1053 2749 1107 pace
2772 1038 2828 1092 in
2852 1041 3138 1110 pressuris
3157 1043 3431 1099 omnibus
3451 1046 3846 1114 consolamur,

2141 1114 2260 1171 haec
2300 1135 2332 1174 a
2377 1125 2667 1191 pressuris
2707 1129 2978 1186 omnibus
3023 1129 3379 1190 liberamur:
3424 1144 3656 1207 propter
3700 1138 3848 1194 hanc

2138 1221 2372 1264 omnem
2401 1213 2830 1274 tribulationem
2865 1222 3088 1279 fortiter
3120 1224 3504 1295 sustinemus,
3539 1232 3603 1284 ut
3634 1228 3690 1282 in
3735 1227 3842 1282 hac

2139 1295 2378 1354 feliciter
2407 1301 2535 1358 sine
2568 1304 2687 1362 ulla
2725 1310 3100 1369 tribulatione
3142 1331 3474 1386 regnemus.
3527 1317 3730 1373 Merito
3773 1319 3846 1373 ad

2137 1401 2263 1475 eam
2295 1388 2503 1447 clausit
2529 1397 2725 1465 verba,
2756 1415 2882 1470 quae
2912 1418 3121 1472 parum
3161 1404 3619 1475 intelligentibus
3667 1406 3847 1462 disci-

2139 1474 2292 1546 pulis
2323 1485 2489 1536 erant
2520 1487 2848 1556 proverbia;
2884 1489 3269 1548 intellecturis
3292 1474 3619 1564 eaiquando
3650 1495 3732 1549 eis
3756 1496 3849 1550 de—

2137 1564 2320 1624 disset
2349 1573 2704 1641 promissum
2728 1577 3011 1648 Spiritum
3034 1586 3325 1651 sanctum,
3348 1584 3416 1639 de
3439 1600 3556 1654 quo
3579 1584 3850 1656 superius

2138 1656 2216 1711 ait
2247 1674 2262 1713 :
2301 1681 2329 1709 «
2359 1660 2736 1721 Haeclocutus
2768 1684 2899 1724 sum
2923 1671 3108 1737 vobis,
3134 1672 3291 1744 apud
3323 1689 3421 1729 vos
3455 1689 3723 1730 manens.
3744 1674 3848 1729 Pa-

2136 1747 2389 1806 racletus
2417 1756 2609 1809 autem
2643 1756 2897 1827 Spiritus
2929 1767 3189 1832 sanctus,
3223 1779 3399 1834 quem
3446 1763 3637 1820 mittet
3684 1763 3850 1819 Pater

2135 1835 2194 1892 in
2227 1840 2462 1896 nomine
2493 1858 2641 1911 meo,
2674 1844 2770 1900 ille
2803 1863 2900 1903 vos
2933 1849 3162 1905 docebit
3210 1853 3428 1917 omnia,
3481 1855 3538 1906 et
3577 1854 3850 1923 suggeret

2133 1926 2296 1984 vobis
2345 1933 2544 1989 omnia
2591 1951 2972 2010 quaecumque
3020 1941 3215 1997 dixero
3239 1943 3402 1999 vobis
3435 1944 3666 2013 »(Joan.
3730 1959 3848 2009 xxv,

2129 2016 2220 2086 25,
2243 2019 2355 2090 26).
2383 2021 2511 2080 Haec
2543 2025 2820 2084 nimirum
2853 2030 3046 2086 futura
3074 2031 3260 2088 fuerat
3290 2032 3389 2088 illa
3431 2033 3589 2103 hora,
3628 2049 3746 2103 qua
3791 2048 3852 2088 se

2131 2113 2480 2178 promiserat
2510 2132 2622 2171 non
2648 2117 2772 2188 jam
2805 2119 2864 2174 in
2899 2121 3218 2190 proverbiis
3241 2121 3590 2192 locuturum,
3613 2123 3710 2177 sed
3754 2138 3843 2193 pa~

2132 2195 2244 2253 lam
2282 2199 2346 2256 de
2380 2202 2546 2258 Patre
2576 2208 3079 2266 annuntiaturum.
3128 2209 3341 2266 Eadem
3391 2210 3606 2282 quippe
3656 2211 3842 2281 ipsius

2128 2287 2317 2360 verba,
2352 2290 2638 2348 revelante
2680 2293 2895 2365 Spiritu
2937 2305 3157 2362 sancto,
3203 2296 3668 2368 intelligentibus
3714 2299 3840 2367 jam

2130 2393 2244 2434 non
2279 2388 2440 2435 erant
2472 2381 2669 2438 futura
2700 2387 3021 2453 proverbia.
3053 2386 3250 2457 Neque
3281 2387 3433 2442 enim
3481 2387 3751 2459 loquente
3779 2387 3840 2442 in

2127 2485 2328 2534 eorum
2370 2471 2642 2528 cordibus
2676 2473 2892 2544 Spiritu
2924 2479 3144 2542 sancto,
3183 2478 3462 2533 taciturus
3489 2481 3607 2534 erat
3638 2477 3841 2548 unige-

2128 2558 2285 2615 nitns
2309 2559 2508 2628 Filius,
2543 2562 2640 2633 qui
2671 2563 2814 2618 dixit
2847 2564 2906 2620 in
2938 2581 3005 2620 ea
3046 2564 3182 2621 hora
3222 2565 3415 2637 palam
3473 2582 3535 2622 se
3581 2565 3699 2622 illis
3740 2583 3840 2622 an-

2128 2651 2533 2705 nuntiaturum
2557 2665 2685 2706 esse
2706 2654 2775 2706 de
2797 2652 2983 2721 Patre,
3014 2655 3162 2723 quod
3195 2655 3276 2709 eis
3299 2655 3634 2725 utiquejam
3669 2654 3839 2709 intel-

2127 2738 2444 2810 ligentibus
2476 2756 2591 2795 non
2633 2746 2789 2797 esset
2836 2742 3236 2813 proverbium.
3288 2744 3398 2800 Sed
3455 2744 3559 2800 hoc
3609 2760 3842 2815 quoque

2124 2827 2340 2900 ipsum,
2362 2831 2654 2900 quomodo
2678 2830 2851 2886 simul
2877 2833 3197 2903 loquantur
3219 2833 3274 2888 in
3301 2849 3542 2889 suorum
3566 2833 3840 2904 spiritua-

2124 2917 2270 2974 lium
2299 2920 2574 2975 cordibus
2605 2926 2660 2975 et
2691 2921 2791 2976 Dei
2823 2921 2999 2978 Filius
3047 2928 3102 2978 et
3144 2923 3395 2993 Spiritus
3428 2929 3685 2990 sanctus,
3722 2925 3839 2979 imo

2126 3008 2251 3078 ipsa
2273 3009 2530 3064 Trinitas
2553 3027 2680 3080 quae
2711 3012 3178 3080 inseparabiliter
3198 3019 3491 3083 operatur,
3512 3013 3838 3084 intelligen-

2121 3097 2168 3157 τί
2181 3114 2283 3152 aus
2298 3099 2770 3166 estverbum,non
2783 3099 3440 3172 intelligentibusautem
3455 3103 3842 3173 proverbium.

2195 3189 2248 3241 2.
2275 3187 2416 3243 Cum
2449 3205 2583 3260 ergo
2616 3188 2852 3245 dixisset
2885 3195 3119 3260 propter
3151 3191 3290 3259 quid
3320 3191 3519 3246 omnia
3564 3193 3643 3247 sit
3689 3193 3843 3248 locut

2126 3280 2242 3342 tus,
2274 3283 2338 3332 ut
2368 3278 2426 3332 in
2456 3277 2556 3332 illo
2587 3279 2807 3335 scilicet
2837 3297 3035 3350 pacem
3069 3280 3360 3349 haberent,
3395 3281 3453 3335 in
3486 3282 3703 3336 mundo
3735 3282 3841 3337 bu-

2126 3369 2328 3425 bentes
2351 3386 2704 3440 pressuram,
2731 3369 3181 3440 exhortatusque
3204 3369 3410 3425 fuisset
3440 3380 3496 3425 ut
3519 3371 3579 3425 in
3602 3371 3843 3427 conﬁde-

2127 3465 2275 3525 rent,
2333 3458 2472 3528 quia
2528 3459 2651 3531 ipse
2704 3460 2840 3515 vicit
2897 3459 3214 3528 mundum;
3264 3474 3328 3514 eo
3377 3459 3480 3529 qui
3528 3464 3655 3514 erat
3703 3459 3837 3515 illos

2127 3563 2391 3604 sermone
2422 3548 2609 3617 finito,
2643 3547 2852 3604 deinde
2881 3548 2951 3604 ad
3001 3551 3232 3602 Patrem
3282 3547 3453 3602 verba
3503 3547 3732 3614 direxit,
3781 3554 3837 3603 et

2125 3652 2288 3693 orare
2307 3637 2430 3706 jam
2457 3638 2645 3709 coepit.
2674 3637 2764 3692 Sic
2795 3638 2950 3694 enim
2992 3636 3358 3708 Evangelista
3406 3636 3694 3706 sequitur,
3746 3637 3840 3690 di-

2127 3743 2262 3783 cens
2287 3743 2298 3782 :
2325 3727 2447 3782 Haec
2478 3728 2684 3782 locutus
2713 3731 2789 3783 est
2817 3727 2991 3795 Iesus,
3025 3735 3075 3783 et
3115 3727 3405 3783 subtevatis
3434 3727 3606 3784 oculis
3637 3728 3695 3782 in
3725 3742 3836 3782 Ct}!-

2126 3818 2241 3874 tum
2269 3817 2444 3874 dixit:
2474 3819 2658 3887 Pater,
2698 3817 2843 3874 venit
2902 3820 3059 3887 hora,
3107 3817 3358 3891 clariﬁca
3407 3819 3609 3876 Filium
3658 3826 3837 3876 tuum.

2125 3907 2358 3964 Poterat
2406 3908 2689 3965 Dominus
2757 3907 3105 3981 Unigenitus
3171 3913 3229 3964 et
3295 3915 3619 3967 coaeternus
3685 3908 3840 3965 Patri

2125 3997 2186 4052 in
2220 3999 2404 4054 forma
2434 3999 2583 4055 servi
2634 4002 2690 4054 et
2721 4015 2788 4054 ex
2837 3999 3023 4054 forma
3071 3999 3245 4066 servi,
3295 3999 3344 4054 si
3392 3999 3502 4056 hoc
3550 4015 3698 4071 opus
3743 4015 3839 4055 es-

2125 4091 2233 4158 set,
2265 4104 2428 4144 orare
2459 4088 2726 4156 silentio;
2775 4087 2978 4145 sedita
3011 4105 3071 4144 se
3121 4089 3276 4144 Patri
3327 4087 3598 4145 exhibere
3654 4087 3834 4144 voluit

2125 4183 2511 4247 precatorum,
2556 4185 2618 4234 ut
2652 4179 3010 4234 meminisset
3052 4184 3318 4234 nostrum
3367 4194 3429 4233 se
3480 4193 3604 4234 esse
3635 4179 3840 4233 docto—-

2125 4283 2269 4325 rem.
2320 4269 2565 4326 Proinde
2613 4285 2743 4326 eam
2805 4286 2978 4340 quam
3032 4269 3165 4324 fecit
3213 4268 3525 4324 orationem
3579 4283 3682 4338 pro
3735 4283 3837 4322 no-

2123 4358 2236 4427 bis,
2270 4364 2466 4416 notam
2510 4359 2645 4416 fecit
2695 4364 2751 4414 et
2807 4359 3005 4415 nobis:
3055 4358 3330 4428 quoniam
3379 4357 3527 4412 tanti
3567 4355 3835 4427 magistri

2123 4465 2241 4505 non
2273 4448 2465 4506 solum
2494 4449 2567 4505 ad
2603 4449 2762 4520 ipsos
2785 4446 3222 4516 sermocinatio,
3245 4447 3347 4502 sed
3369 4447 3543 4502 etiam
3565 4461 3668 4516 pro
3692 4445 3834 4514 ipsis

2121 4540 2192 4595 ad
2253 4540 2479 4596 Patrem
2531 4539 2738 4607 oratio,
2791 4535 3213 4608 discipulorum
3263 4541 3352 4592 est
3400 4535 3721 4591 aedificatio.
3768 4535 3834 4589 Et

2122 4631 2171 4685 si
2233 4630 2463 4685 illorum
2513 4629 2615 4699 qui
2671 4629 2793 4684 haec
2844 4628 2994 4683 dicta
3042 4627 3283 4681 aderant
3330 4626 3602 4695 audituri,
3646 4626 3833 4697 profe-

2119 4723 2211 4774 cto
2240 4723 2295 4774 et
2327 4723 2524 4775 nostra
2553 4719 2650 4789 qui
2683 4720 2984 4775 fueramus
3039 4717 3368 4788 conscripta
3409 4715 3637 4772 lecturi.
3672 4714 3828 4778 Quu-

2117 4814 2353 4880 propter
2385 4810 2490 4864 hoc
2523 4809 2679 4881 quod
2712 4808 2815 4876 ait,
2867 4811 3048 4878 Pater,
3081 4805 3229 4863 venit
3272 4803 3429 4873 hora,
3467 4805 3711 4875 clari/ica
3745 4807 3830 4860 Fi-

2117 4898 2257 4955 lium
2310 4906 2490 4968 tuum,
2524 4902 2776 4957 ostendit
2820 4915 2988 4955 omne
3021 4905 3273 4970 tempus.
3325 4906 3377 4952 et
3426 4897 3560 4967 quid
3595 4898 3831 4966 quando

2117 4992 2326 5049 faceret
2358 4992 2442 5050 vel
2477 4992 2602 5048 fieri
2633 4993 2869 5056 sineret,
2903 4991 2974 5046 ab
3007 4990 3105 5044 illo
3155 5004 3284 5045 esse
3330 4987 3683 5058 dispositum
3730 4985 3832 5056 qui

2114 5083 2363 5154 tempori
2394 5083 2662 5139 subditus
2694 5097 2810 5136 non
2843 5085 2927 5135 est
2953 5105 2966 5148 ;
2992 5079 3264 5150 quoniam
3288 5092 3418 5147 quae
3445 5076 3635 5130 futura
3666 5083 3829 5130 erant

2115 5189 2218 5244 per
2241 5172 2474 5242 singula
2506 5176 2784 5240 tempora,
2820 5170 2874 5223 in
2910 5168 3009 5223 Dei
3041 5166 3544 5238 sapientiacausas
3573 5161 3827 5218 efﬁcien-

2117 5264 2205 5315 tes
2229 5260 2466 5325 habent,
2501 5261 2558 5314 in
2589 5276 2704 5328 qua
2729 5259 2888 5313 nulla
2913 5262 3051 5311 sunt
3082 5261 3361 5324 tempora.
3398 5251 3519 5308 Non
3543 5267 3680 5322 ergo
3703 5269 3826 5308 cre-

2120 5350 2290 5404 datur
2322 5351 2440 5405 baec
2473 5349 2616 5404 hora
2646 5350 2758 5403 tato
2801 5355 3042 5416 urgente
3073 5345 3321 5410 venisse,
3357 5343 3456 5397 sed
3486 5342 3601 5398 Deo
3631 5345 3825 5413 potius

2119 5440 2445 5494 ordinante.
2482 5438 2596 5496 Nec
2626 5437 2851 5493 siderea
2899 5433 3213 5490 necessitas
3257 5433 3470 5489 Christi
3514 5437 3827 5492 eonnexuit

2118 5527 2447 5597 passionem
2480 5543 2492 5581 :
2520 5525 2672 5580 absit
2690 5525 2845 5580 enim
2898 5531 2956 5578 ut
2981 5523 3173 5578 sidera
3217 5522 3365 5576 mori
3387 5523 3822 5593 cogereutside-

2119 5634 2246 5672 rum
2277 5617 2655 5673 conditorem.
2681 5614 2805 5670 Non
2839 5613 3028 5686 itaque
3050 5613 3589 5684 Cbristumtempus
3621 5618 3682 5669 ut
3704 5629 3821 5669 mo-

2119 5712 2280 5765 retur
2311 5707 2572 5779 impegit,
2604 5706 2705 5763 sed
2737 5708 2969 5776 tempus
3017 5702 3280 5761 Christus
3339 5719 3452 5776 quo
3503 5708 3823 5762 moreretur
