4164 6184
333 308 357 369 ί
371 308 487 371 903

328 445 503 518 elegit
535 463 547 499 :
583 442 683 515 qui
713 440 887 499 etiam
919 444 1152 512 tempus
1183 454 1298 509 quo
1331 439 1400 493 de
1433 436 1664 509 Virgine
1706 438 1877 491 natus
1926 439 2035 503 est,

329 551 463 593 cum
488 534 657 591 Patre
677 530 998 601 constituit,
1033 530 1103 588 de
1134 544 1251 604 quo
1281 527 1407 585 sine
1440 531 1698 601 tempore
1722 533 1890 582 natus
1926 531 2033 582 est.

326 623 662 683 Secundum
687 637 860 697 quam
892 635 1086 678 veram
1117 633 1435 689 sanamque
1475 615 1827 682 doctrinam,
1858 615 2033 673 etiam

326 712 544 771 Paulus
575 709 898 787 apostolus,
920 731 949 760 «
969 707 1115 765 Cum
1138 710 1337 763 autem
1358 704 1536 771 venit,
1569 703 1828 777 ninquit,
1855 724 1880 754 α
1916 702 2035 775 ple-

326 803 533 860 nitudo
554 800 856 875 temporis,
875 798 1038 854 misit
1060 797 1212 853 Deus
1236 794 1442 851 Filium
1466 809 1639 850 suum
1673 814 1701 841 υ
1732 791 1935 865 (Galat.
1957 807 2032 860 tv,

328 894 417 964 4);
448 900 503 949 et
532 892 684 948 Deus
720 905 819 961 per
850 887 1220 959 Prophetam,
1257 908 1285 934 «
1307 883 1613 956 Tempore,
1648 904 1675 933 η
1735 882 1834 951 ait,
1869 903 1899 930 ‹‹
1939 897 2036 939 ac-

327 980 595 1046 ceptabili
627 977 886 1035 exaudivi
914 981 989 1043 te,
1013 980 1070 1032 et
1094 976 1151 1030 in
1184 974 1275 1029 die
1300 973 1505 1029 salutis
1520 972 1716 1044 adjuvi
1737 976 1791 1028 te
1812 990 1844 1025 »
1884 972 2031 1043 (lsai.

328 1086 481 1136 χιιι,
511 1068 597 1140 8);
630 1072 688 1123 et
718 1083 926 1123 rursus
972 1061 1308 1138 Apostolus,
1347 1082 1369 1112 ι
1422 1063 1565 1119 Ecce
1616 1077 1768 1118 nunc
1808 1065 2036 1133 tempus

331 1156 717 1230 acceptabile,
759 1170 892 1212 ecce
925 1169 1081 1211 nunc
1113 1152 1238 1209 dies
1269 1151 1477 1209 salutis
1508 1173 1536 1201 »
1567 1151 1642 1220 (ll
1677 1151 1797 1218 Cor,
1847 1167 1925 1217 vi,
1955 1150 2035 1221 2).

328 1248 489 1307 Dicat
518 1263 678 1319 ergo,
712 1247 893 1314 Pater,
917 1244 1070 1300 venit
1098 1244 1255 1311 hora,
1302 1240 1405 1313 qui
1441 1257 1569 1296 cum
1622 1240 1787 1294 Patre
1842 1238 2037 1311 dispo-

328 1337 449 1392 suit
486 1352 692 1393 omnes
743 1334 964 1389 horas:
1014 1336 1293 1403 tauquam
1347 1330 1567 1395 dicens,
1630 1330 1814 1395 Pater,
1860 1344 2035 1400 quam

331 1430 566 1498 propter
594 1424 866 1480 homines
898 1431 950 1479 et
983 1423 1134 1493 apud
1171 1420 1436 1476 homines
1470 1419 1537 1473 ad
1577 1435 1668 1473 me
1709 1418 2031 1473 clariﬁcan-

328 1519 468 1572 dum
502 1516 674 1571 simul
701 1513 1124 1580 constituimus,
1154 1512 1300 1567 venit
1351 1510 1504 1579 hora,
1553 1508 1799 1578 clari/ica
1837 1506 2037 1563 Filium

328 1618 501 1666 tuum,
532 1611 596 1662 ut
623 1613 673 1661 et
708 1607 879 1660 Filius
907 1606 1034 1659 tuus
1062 1602 1332 1671 clariﬁcet
1363 1605 1431 1656 te.

399 1699 449 1751 3.
484 1695 880 1752 Clariiicatum
905 1711 938 1748 a
970 1693 1134 1749 Patre
1159 1691 1367 1747 Filium
1422 1689 1687 1747 nonnulli
1722 1682 2036 1762 accipiunt,

331 1789 388 1843 in
421 1787 530 1841 hoc
562 1786 715 1858 quod
746 1784 794 1841 ci
829 1800 943 1840 non
968 1781 1245 1856 pepercit,
1279 1782 1373 1837 sed
1402 1797 1503 1852 pro
1546 1779 1712 1836 nobis
1762 1780 2060 1836 omnibus-

329 1876 708 1933 tradiditeum
725 1875 901 1944 (Rom.
919 1872 1166 1944 vm,32).
1188 1871 1298 1926 Sed
1316 1871 1364 1926 si
1391 1871 1661 1942 passione
1684 1869 2038 1927 clariiicatus

328 1964 569 2033 dicitur,
605 1968 823 2037 quanto
840 1960 1021 2034 magis
1040 1959 1483 2017 resurrectione!
1512 1959 1651 2015 Nam
1685 1959 1741 2014 in
1769 1958 2038 2031 passione

331 2054 650 2125 magisejus
664 2051 961 2109 humilitas
975 2066 1149 2122 quam
1166 2050 1397 2105 claritas
1411 2049 2039 2121 commendatur,Apo-

333 2142 479 2198 stolo
500 2142 777 2214 teste,qui
800 2141 960 2207 dicit,
996 2161 1021 2191 α
1044 2138 1388 2196 Humiliavit
1409 2140 1809 2210 semetipsum,
1852 2136 2038 2193 lactus

330 2234 610 2290 obediens
640 2247 823 2303 usque
853 2231 925 2286 ad
969 2233 1237 2296 mortem,
1272 2233 1517 2284 mortem
1551 2234 1743 2284 autem
1770 2229 2035 2284 crucism

327 2323 537 2379 deinde
567 2320 854 2393 sequitur,
886 2323 943 2375 et
973 2319 1042 2375 de
1075 2318 1205 2390 ejus
1234 2316 1654 2373 clarificatione
1694 2318 1820 2388 jam
1873 2316 2037 2386 dicit,

331 2435 360 2464 «
395 2415 635 2485 Propter
663 2411 817 2484 quod
841 2414 898 2466 et
930 2409 1082 2466 Deus
1115 2408 1277 2465 illum
1312 2408 1602 2478 exaltavit,
1636 2412 1693 2465 et
1721 2408 1956 2466 donavit
1986 2408 2035 2465 ei

332 2518 542 2558 nomen
576 2502 728 2573 quod
761 2504 850 2556 est
875 2515 1053 2572 super
1100 2513 1274 2555 omne
1324 2514 1557 2565 nomen,
1595 2502 1655 2553 ut
1693 2498 1751 2553 in
1804 2498 2037 2554 nomine

329 2595 462 2647 Jesu
496 2607 669 2646 omne
700 2605 849 2661 genu
885 2588 1150 2645 flectatur
1179 2586 1526 2651 ccclestium,
1562 2588 1947 2657 terrestrium,
1979 2592 2038 2642 et

330 2681 719 2744 infernarum,
735 2678 991 2734 etomnis
1013 2677 1569 2749 linguaconiiteatur
1593 2676 1731 2747 quia
1753 2675 2036 2731 Dominus

330 2769 501 2824 Jesus
532 2767 798 2823 Christus
828 2766 886 2821 in
912 2766 1093 2837 gloria
1115 2769 1205 2819 est
1236 2764 1330 2819 Dei
1356 2764 1562 2819 Patris.
1599 2784 1626 2812 »
1650 2762 1779 2818 Haec
1800 2768 1886 2818 est
1916 2763 2034 2820 cla-

332 2856 575 2913 riilcatio
598 2855 828 2911 Domini
849 2852 1179 2910 uostriJesu
1204 2852 1438 2918 Christi,
1464 2854 1674 2925 quaeab
1697 2853 1822 2923 ejus
1845 2869 2035 2908 resur-

332 2946 587 3003 rectione
618 2943 862 3017 sumpsit
888 2943 1212 2999 exordium.
1238 2941 1549 2998 Humilitas
1572 2959 1705 3015 ergo
1738 2943 1863 3014 ejus
1894 2942 2035 2998 inci-

333 3038 416 3108 pit
444 3038 504 3091 in
536 3050 801 3092 sermone
828 3032 1107 3106 Apostoli,
1141 3033 1211 3087 ab
1260 3047 1325 3087 eo
1360 3032 1482 3087 loco
1534 3032 1626 3086 ubi
1668 3033 1769 3096 ait,
1832 3031 2033 3089 Semel-

330 3130 513 3197 ipsum
543 3124 857 3181 rxinanivit
885 3125 1121 3192 formam
1144 3124 1311 3177 servis
1340 3120 1611 3192 accipiens
1644 3140 1658 3190 ;
1692 3126 1747 3177 et
1779 3122 2064 3193 pervenit”

333 3229 540 3285 usque,
566 3212 634 3268 ad
658 3219 879 3268 mortem
915 3210 1112 3265 crucis.
1147 3210 1391 3266 Claritas
1420 3226 1550 3266 vero
1583 3210 1710 3280 ejus
1739 3210 1943 3283 incipit
1964 3212 2036 3267 ab

331 3323 396 3361 eo
428 3303 554 3361 loco
589 3303 688 3359 ubi
722 3303 826 3371 ait,
858 3303 1086 3372 Propter
1117 3301 1257 3373 quod
1273 3306 1323 3356 et
1356 3301 1492 3355 Deus
1506 3300 1774 3357 exultavit
1803 3317 1959 3363 eum:
1983 3307 2038 3358 et

334 3392 591 3464 pervenit
620 3407 818 3463 usque,
852 3390 910 3446 in
959 3390 1138 3459 gloria
1166 3393 1247 3444 est
1300 3390 1395 3444 Dei
1439 3390 1620 3445 Patris
1665 3389 1938 3461 (Philipp.
1973 3407 2032 3449 tt.

324 3484 508 3553 7-11).
541 3480 687 3538 Nam
718 3485 778 3537 et
807 3480 997 3552 ipsum
1028 3494 1264 3549 nomen,
1306 3480 1352 3534 si
1394 3478 1784 3551 inspiciuntur
1813 3480 2038 3537 codices

330 3574 522 3645 graeci,
554 3590 625 3630 ex
654 3588 770 3644 qua
801 3571 1003 3642 lingua
1046 3567 1316 3641 Epistolas
1355 3568 1686 3640 apostolicae
1747 3569 2035 3626 translata:

329 3669 469 3719 sunt
498 3664 557 3719 in
590 3662 850 3727 latinam,
875 3659 1029 3731 quod
1060 3658 1153 3714 hic
1203 3657 1416 3729 legitur
1464 3657 1665 3729 gloria,
1698 3659 1776 3714 ibi
1828 3658 2038 3732 legitur

330 3752 457 3822 δόξα
490 3770 503 3807 :
539 3752 690 3807 unde
711 3751 950 3806 verbum
985 3748 1302 3805 derivatum
1333 3757 1419 3804 est
1453 3750 1511 3805 in
1561 3765 1745 3821 grreco
1796 3752 1858 3805 ut
1889 3750 2039 3805 dice-

332 3842 487 3893 retur
510 3833 752 3906 δόξασαν,
777 3835 930 3905 quod
965 3834 1249 3907 interpres
1275 3833 1493 3890 latinus
1516 3834 1875 3907 aitclariﬁca,
1903 3852 2031 3892 cum

334 3930 528 3998 posset
557 3925 730 3980 etiam
762 3924 1013 3995 glori/ica
1045 3925 1254 3991 dicere,
1276 3926 1429 3995 quod
1462 3927 1827 3983 tantumdem
1865 3925 2029 3983 valet.

334 4018 400 4071 Et
432 4015 560 4071 ideo
593 4018 787 4086 posset
828 4013 1002 4070 etiam
1052 4015 1109 4069 in
1160 4013 1420 4085 Apostoli
1473 4014 1745 4087 Epistola,
1807 4014 1903 4071 ubi
1948 4020 2034 4073 est

332 4104 532 4178 gloria,
557 4102 789 4159 claritas
821 4104 952 4174 poni
982 4120 995 4157 :
1028 4105 1181 4175 quod
1214 4102 1264 4160 si
1298 4103 1456 4159 iteret
1487 4106 1852 4161 tantumdem
1888 4105 2036 4161 vale-

331 4202 433 4251 ret.
459 4193 527 4249 Ut
561 4197 755 4250 autem
781 4208 893 4248 non
919 4193 1221 4250 recedatur
1241 4211 1271 4249 a
1303 4193 1606 4249 verborum
1627 4193 1804 4265 sonis,
1832 4211 2029 4267 quem-

330 4283 645 4339 admodum
680 4299 712 4337 a
751 4280 1009 4338 claritate
1030 4280 1389 4349 clariﬁcatio,
1413 4282 1496 4339 sic
1526 4300 1557 4338 a
1585 4281 1773 4355 gloria
1802 4283 2026 4355 glorifi-

327 4374 479 4429 catio
510 4371 829 4429 derivatur.
867 4371 936 4428 Ut
971 4387 1105 4443 ergo
1156 4371 1441 4429 mediator
1494 4372 1589 4428 Dei
1638 4376 1693 4428 et
1725 4372 2028 4430 hominum

329 4465 501 4518 homo
532 4461 797 4519 Christus
825 4461 998 4518 Jesus
1030 4462 1477 4518 ressurrectione
1509 4461 1922 4519 clariﬁcaretur
1944 4463 2028 4519 vel

327 4552 773 4625 gloriﬁcaretur,
806 4552 969 4624 prius
1000 4551 1348 4608 humiliatus
1405 4557 1493 4609 est
1545 4552 1814 4625 passione
1849 4570 1862 4607 :
1915 4568 2027 4610 non

324 4643 481 4697 enim
514 4658 545 4697 a
572 4640 817 4699 mortuis
848 4642 1279 4710 resurrexisset,
1301 4642 1350 4697 si
1374 4646 1636 4699 mortuus
1661 4658 1773 4698 non
1801 4643 2027 4699 luisset.

323 4728 657 4794 llumilitas,
687 4731 970 4787 claritatis
993 4739 1076 4787 est
1126 4731 1436 4800 meritum;
1489 4732 1746 4804 claritas,
1798 4733 2031 4790 humili-

325 4821 463 4877 tatis
482 4823 571 4876 est
602 4820 927 4892 praemium.
948 4820 1057 4876 Sed
1073 4820 1182 4877 hoc
1216 4821 1432 4877 factum
1451 4831 1538 4878 est
1565 4823 1623 4878 in
1648 4825 1835 4880 forma
1848 4825 1993 4880 servi
2013 4844 2027 4893 ;

320 4911 380 4967 in
413 4910 602 4966 forma
632 4923 768 4966 vere
802 4909 899 4966 Dei
930 4926 1161 4981 semper
1191 4910 1321 4979 fuit,
1351 4927 1581 4983 semper
1604 4914 1707 4969 erit
1741 4913 1980 4970 claritas
2015 4929 2027 4969 :

319 5000 441 5057 imo
471 5016 587 5058 non
612 4998 724 5057 fuit
752 5001 918 5073 quasi
943 5000 1069 5072 jam
1102 5017 1217 5056 non
1250 5002 1350 5069 sit,
1405 5017 1509 5058 nec
1540 5003 1647 5058 erit
1686 5005 1851 5073 quasi
1887 5019 2030 5060 non-

325 5094 467 5151 dum
499 5093 607 5163 sit;
630 5091 731 5151 sed
756 5091 883 5149 sine
902 5090 1094 5160 initio,
1118 5091 1245 5148 sine
1266 5091 1381 5148 ﬁne
1414 5098 1746 5164 semperest
1768 5093 2029 5153 claritas.

325 5184 487 5248 Quod
515 5197 651 5256 ergo
705 5183 806 5252 ait,
866 5184 1053 5248 Pater,
1102 5183 1255 5238 venit
1308 5181 1465 5243 hora,
1531 5183 1775 5249 clariﬁca
1825 5186 2029 5243 Filium

317 5275 511 5337 tuum;
540 5272 626 5330 sic
654 5271 1104 5343 intelligendum
1138 5276 1248 5342 est,
1291 5280 1563 5344 tanquam
1601 5273 1831 5345 dixerit,
1864 5274 2034 5332 Venit

318 5360 466 5417 hora
487 5360 846 5418 seminandae
862 5359 1232 5430 humilitatis,
1252 5362 1500 5418 fructum
1522 5378 1631 5418 non
1655 5362 1887 5420 differas
1910 5364 2031 5421 cla-

320 5447 535 5505 ritatis.
566 5449 678 5507 Sed
711 5450 853 5522 quid
886 5449 993 5505 sibi
1027 5449 1152 5507 vult
1201 5450 1356 5523 quod
1407 5453 1694 5524 sequitur,
1751 5454 1815 5511 Ut
1864 5454 2036 5512 Filius

316 5555 450 5611 tuus
478 5536 743 5609 clariﬁcet
777 5546 829 5594 te
859 5542 887 5592 ?
916 5538 1215 5611 Numquid
1238 5542 1415 5598 etiam
1438 5540 1772 5599 DeusPater
1803 5545 2039 5615 pertulit

318 5626 709 5687 humilitatem
733 5627 929 5685 carnis
952 5628 1073 5684 sive
1097 5630 1413 5700 passionis,
1448 5647 1516 5685 ex
1538 5647 1651 5705 qua
1677 5632 1841 5689 illum
1872 5633 2035 5691 clari-

1278 303 1355 364 IN
1403 300 1731 365 JOANNIS
1778 300 2319 375 EVANGELIUM,
2368 306 2431 363 S.
2482 303 2918 365 AUGUSTINI

3699 300 3854 358 1904

2148 436 2308 493 ﬁcari
2338 440 2628 510 oporteret
2656 436 2682 491 (ε
2714 434 3014 501 Quomodo
3046 435 3218 505 igitur
3252 447 3386 488 eum
3434 432 3859 489 clariﬁcaturus

2106 525 2111 531 ’
2145 531 2267 582 erat
2298 525 2505 593 Filius,
2535 526 2706 598 cuius
2738 523 2971 582 claritas
3020 522 3374 595 sempiterna
3420 536 3524 579 nec
3553 536 3624 577 ex
3670 521 3860 579 forma

2146 616 2403 673 humana
2423 617 2607 689 potuit
2628 615 2808 672 videri
2830 614 3041 683 minor,
3072 628 3175 671 nec
3197 612 3255 668 in
3287 612 3485 669 divina
3507 616 3705 685 posset
3734 627 3860 669 esse

2143 705 2392 777 amplior
2417 705 2576 764 ?Sed
2609 705 2778 763 istam
2812 704 3192 779 quaestionem
3223 703 3281 759 in
3334 702 3493 760 hunc
3530 717 3859 760 sermonem

2146 794 2279 853 nolo
2301 799 2544 865 arctare,
2580 800 2679 851 aut
2709 796 2846 852 hinc
2876 809 3011 851 eum
3045 793 3231 849 facere
3256 791 3604 864 longiorem.

2715 883 3139 942 TRACTATUS
3179 882 3291 941 CV.

2145 976 2220 1031 Ab
2261 991 2321 1033 eo
2349 975 2489 1049 quod
2520 977 2779 1032 Dominus
2807 975 2908 1035 ait.
2942 973 3012 1030 Ut
3044 972 3222 1029 Filius
3263 975 3401 1029 tuus
3451 971 3729 1029 clariﬁcet
3762 978 3813 1028 te
3841 986 3856 1038 ;

2218 1081 2385 1137 usque
2413 1065 2491 1122 ad
2524 1067 2598 1133 id,
2622 1065 2895 1122 Claritate
2908 1079 3081 1136 quam
3105 1062 3305 1131 habui,
3329 1061 3670 1135 priusquam
3692 1076 3858 1118 mun-

2218 1155 2327 1212 dus
2358 1159 2530 1227 esset,
2555 1156 2706 1228 apud
2739 1159 2814 1212 te.
2841 1155 2972 1227 Cap.
3006 1170 3142 1221 xvu,
3166 1153 3219 1224 ᾗ.
3256 1153 3379 1207 1-5,

2220 1246 2267 1300 1.
2296 1245 2688 1302 Gloriilcatum
2713 1263 2740 1302 a
2774 1246 2941 1302 Patre
2973 1244 3184 1300 Filium
3227 1241 3550 1300 secundum
3608 1242 3855 1299 formam

2148 1335 2318 1403 servi,
2353 1351 2525 1406 quam
2560 1335 2724 1391 Pater
2755 1333 3059 1391 suscitavit
3087 1351 3121 1391 a
3153 1332 3419 1401 mortuis,
3460 1337 3515 1388 et
3563 1333 3634 1388 ad
3683 1348 3854 1388 suam

2148 1421 2440 1479 dexteram
2472 1422 2793 1491 collocavit,
2826 1438 2918 1479 res
2951 1424 3071 1493 ipsa
3101 1421 3342 1491 indicat,
3383 1430 3439 1478 et
3479 1419 3677 1477 nullus
3727 1437 3856 1477 am-

2148 1511 2291 1583 bigit
2318 1511 2694 1568 christianus.
2728 1512 2835 1568 Sed
2867 1510 3138 1584 quoniam
3177 1529 3288 1567 non
3304 1516 3526 1567 tantum
3546 1510 3713 1578 dixit,
3748 1512 3854 1565 Pa-

2148 1609 2252 1669 ter,
2277 1601 2524 1671 clari/ica
2553 1601 2754 1657 Filium
2787 1608 2946 1657 tuum
2965 1601 3063 1657 sed
3098 1599 3539 1669 addiditetiam,
3577 1603 3637 1654 ut
3678 1600 3855 1654 Filius

2147 1692 2274 1744 tuus
2302 1689 2575 1757 clariﬁcet
2608 1698 2659 1746 te
2675 1707 2694 1753 ,'
2728 1690 2932 1747 merito
2963 1694 3239 1763 quaeritur
3286 1690 3574 1762 quomodo
3625 1689 3854 1744 Patrem

2148 1778 2554 1836 clariﬁcaverit
2583 1780 2785 1847 Filius,
2812 1794 2944 1835 cum
2986 1780 3342 1851 sempiterna
3390 1778 3620 1835 claritas
3661 1777 3853 1833 Patris

2150 1884 2251 1924 nec
2285 1868 2574 1924 diminuta
2591 1869 2764 1925 fuerit
2795 1870 2852 1925 in
2880 1870 3061 1925 forma
3094 1867 3373 1938 humana,
3397 1884 3500 1925 nec
3522 1867 3723 1939 augeri
3748 1884 3853 1939 po.

2148 1957 2321 2012 tuerit
2353 1957 2410 2011 in
2436 1974 2541 2013 sua
2571 1952 3153 2029 peri‘ectiOnedivina.
3180 1956 3288 2012 Sed
3325 1955 3381 2011 in
3404 1957 3597 2027 seipsa
3619 1953 3855 2010 claritas

2150 2044 2337 2101 Patris
2368 2062 2470 2102 nec
2495 2046 2676 2101 minui
2712 2063 2815 2103 nec
2830 2046 3024 2118 augeri
3048 2050 3267 2118 potest;
3292 2046 3444 2117 apud
3460 2043 3727 2101 homines
3750 2061 3855 2098 au-

2148 2140 2261 2192 tem
2282 2136 2479 2209 procul
2495 2137 2671 2192 dubio
2696 2136 2884 2193 minor
2900 2140 3042 2207 erat,
3059 2136 3292 2209 quando
3308 2135 3364 2191 in
3378 2135 3580 2193 Judzea
3604 2140 3857 2191 tantum-

2149 2227 2318 2281 modo
2350 2224 2499 2282 Deus
2532 2232 2705 2282 notus
2748 2230 2865 2282 erat
2926 2227 3089 2295 (Psat.
3132 2241 3291 2295 Lxxv,
3357 2227 3453 2295 2):
3515 2228 3775 2281 nonduin
3826 2242 3860 2280 a

2147 2313 2285 2369 solis
2317 2322 2443 2371 ortu
2477 2331 2665 2387 usque
2695 2315 2764 2371 ad
2790 2330 3064 2372 occasum
3093 2314 3411 2371 laudabant
3434 2314 3596 2389 pueri
3622 2329 3855 2370 nomem

2147 2400 2376 2459 Domini
2408 2404 2583 2476 (Psal.
2618 2421 2756 2475 cxn,
2789 2405 2842 2471 3,
2881 2405 2949 2476 i).
2984 2404 3100 2460 Hoc
3131 2410 3322 2462 autem
3355 2403 3496 2478 quia
3539 2420 3636 2475 per
3666 2407 3859 2459 Evan-

2147 2491 2361 2565 gelium
2380 2494 2594 2550 Christi
2618 2496 2837 2550 factum
2861 2498 2968 2562 est,
2994 2498 3058 2551 ut
3081 2493 3400 2568 perFilium
3428 2492 3597 2550 Pater
3619 2493 3860 2549 innote-

2148 2588 2333 2639 sceret
2353 2584 2621 2654 gentibus
2640 2603 2654 2653 ;
2672 2584 2924 2656 proiecto
2947 2583 3176 2640 Patrem
3201 2583 3540 2639 clariﬁcavit
3570 2587 3626 2638 et
3645 2581 3856 2639 Filius.

2147 2670 2206 2727 Si
2240 2676 2432 2728 autem
2451 2672 2855 2728 tantummodo
2888 2678 3148 2729 mortuus
3173 2670 3593 2739 luissctFilius,
3622 2688 3727 2728 nec
3766 2688 3857 2727 re-

2148 2761 2519 2829 surrexisset,
2553 2761 2752 2832 procul
2786 2760 2964 2817 dubio
2998 2778 3100 2818 nec
3134 2778 3165 2816 a
3200 2761 3358 2818 Patre
3388 2761 3741 2818 clariﬁcatus
3767 2778 3857 2816 es-

2147 2854 2251 2921 set,
2286 2868 2388 2907 nec
2419 2851 2647 2908 Patrem
2671 2850 3077 2908 clarificasset:
3113 2869 3270 2908 nunc
3301 2856 3496 2909 autem
3555 2866 3861 2909 ressurre-

2146 2941 2338 2996 ctione
2366 2940 2722 2997 ctariiicatus
2744 2957 2776 2995 a
2798 2944 2983 3009 Patre,
3006 2942 3447 2997 resurrectionis
3481 2958 3603 2998 sua:
3644 2940 3865 3014 praedi-

2147 3030 2374 3086 catione
2418 3028 2699 3087 clarificat
2740 3030 2994 3085 Patrem.
3049 3030 3161 3086 iloc
3220 3030 3434 3103 quippe
3483 3032 3667 3103 aperit
3717 3032 3862 3088 ordo

2146 3119 2271 3193 ipse
2301 3120 2609 3176 verborum
2639 3137 2651 3174 :
2688 3119 2965 3191 litari/ica,
2998 3118 3208 3192 inquit,
3242 3120 3446 3176 Filium
3468 3124 3645 3184 tuum,
3680 3129 3741 3177 ut
3776 3124 3864 3177 Fi-

2148 3212 2258 3268 lius
2289 3220 2414 3267 tuus
2445 3210 2706 3281 clariﬁcet
2731 3217 2824 3275 te;
2853 3213 3132 3281 tanquam
3158 3210 3393 3278 diceret,
3420 3210 3723 3267 Resuscita
3748 3230 3862 3280 me,

2148 3311 2204 3357 ut
2241 3304 2574 3358 innotescas
2606 3300 2709 3356 toti
2746 3300 2870 3355 orbi
2905 3315 3007 3373 per
3038 3316 3151 3357 me.

2219 3396 2270 3447 2.
2301 3391 2514 3449 Deinde
2540 3391 2728 3462 magis
2762 3390 3068 3462 magisque
3092 3389 3356 3463 pandens
3374 3390 3667 3463 quomodo
3690 3393 3864 3449 clari-

2151 3482 2279 3537 ileet
2310 3481 2535 3536 Patrem
2568 3479 2746 3536 Filius
2779 3497 2791 3534 :
2823 3480 2975 3535 Sicut
3004 3480 3221 3548 dedisti,
3273 3480 3483 3552 inquit,
3534 3485 3581 3536 et
3616 3490 3864 3551 potesta-

2146 3582 2253 3629 trm
2285 3569 2462 3626 omnis
2486 3569 2692 3638 carnis,
2724 3579 2783 3625 ut
2808 3586 2965 3626 omne
2983 3568 3125 3642 quod
3168 3568 3368 3625 dedisti
3410 3572 3478 3637 ei,
3510 3571 3599 3627 det
3639 3574 3720 3627 eis
3777 3575 3863 3628 ri-

2144 3666 2256 3717 tum
2288 3667 2577 3717 (sternam.
2596 3660 2837 3716 Omnem
2861 3675 3093 3715 carnem
3118 3658 3511 3716 dixitomnem
3530 3659 3858 3730 hominem,

2148 3768 2180 3808 a
2210 3755 2372 3823 parte
2396 3754 2579 3806 totum
2612 3749 2949 3821 signiﬁcans
2983 3768 2996 3817 ;
3030 3748 3540 3821 quemadmodum
3581 3766 3782 3807 rursus
3827 3770 3860 3807 a

2147 3846 2309 3913 parte
2331 3840 2631 3911 superiore
2661 3838 3027 3909 significatus
3058 3842 3146 3894 est
3185 3837 3357 3894 homo
3407 3843 3588 3909 totus,
3630 3840 3723 3894 ubi
3779 3842 3860 3895 ait

2144 3929 2469 4005 Apostolus,
2500 3928 2691 3985 Omnis
2710 3930 2896 3984 anima
2923 3928 3274 4000 potestatibus
3293 3929 3704 3985 sublimioribus
3730 3931 3860 3985 sub.

2143 4024 2261 4080 (lita
2288 4024 2361 4078 sit
2404 4022 2579 4090 (Rom.
2625 4036 2748 4087 xm,
2802 4020 2874 4089 1).
2925 4019 3070 4083 Quid
3110 4019 3264 4076 enim
3296 4019 3461 4089 dixit,
3493 4019 3683 4077 Omnis
3720 4021 3853 4077 ani-

2146 4130 2252 4173 ma,
2289 4111 2424 4177 nisi,
2454 4109 2648 4167 omnis
2688 4109 2863 4165 homo
2883 4108 2911 4163 ‘I
2932 4110 3001 4164 Et
3028 4110 3136 4166 hoc
3168 4113 3361 4166 autem
3385 4111 3540 4181 quod
3589 4115 3850 4183 potestas

2136 4202 2367 4259 Christo
2398 4216 2430 4255 a
2453 4199 2616 4256 Patre
2637 4200 2768 4256 data
2799 4203 2889 4256 est
2917 4198 3110 4256 omnis
3140 4199 3355 4267 carnis,
3388 4200 3715 4257 secundum
3751 4201 3853 4258 ho-

2140 4291 2355 4348 minem
2388 4289 2833 4362 intelligendum
2856 4296 2971 4344 est:
2996 4303 3129 4345 nam
3153 4289 3471 4345 secundum
3506 4289 3687 4345 Deum
3720 4306 3847 4346 om-

2142 4381 2239 4437 nia
2273 4397 2372 4453 per
2402 4380 2595 4452 ipsum
2632 4380 2779 4434 facta
2810 4378 2994 4450 sunt(
3020 4378 3178 4435 Joan.
3216 4395 3252 4445 ι,
3284 4378 3361 4448 3),
3393 4383 3452 4433 et
3482 4379 3538 4433 in
3560 4380 3685 4451 ipso
3706 4395 3849 4436 con-

2140 4471 2260 4526 dita
2289 4475 2428 4525 sunt
2458 4467 2656 4524 omnia
2686 4466 2743 4521 in
2776 4465 2919 4522 casto
2950 4476 3001 4522 et
3033 4468 3089 4523 in
3125 4472 3296 4535 terra,
3330 4466 3577 4523 visibilia
3604 4473 3661 4523 et
3700 4468 3850 4523 invi-

2142 4558 2335 4615 sibilia
2369 4558 2585 4627 (Coloss.
2624 4573 2658 4615 ι,
2698 4555 2802 4627 16).
2837 4555 2985 4611 Sicut
3017 4572 3148 4625 ergo
3189 4555 3387 4612 dedisti
3406 4564 3458 4612 et
3501 4559 3853 4630 potestatem,

2143 4648 2358 4720 inquit,
2390 4648 2570 4703 omnis
2600 4645 2810 4704 carnis.
2847 4644 2925 4701 ita
2956 4648 3011 4700 te
3042 4644 3321 4717 gloriiicet
3354 4644 3533 4701 Filius
3585 4654 3744 4714 tuus,
3791 4647 3850 4702 id

2141 4746 2248 4805 est,
2274 4742 2472 4793 notum
2493 4741 2549 4793 te
2576 4735 3067 4793 faciaomnicarni
3084 4752 3259 4807 quam
3283 4734 3853 4793 dedistiei.Sicenim

2142 4826 2375 4895 dedisti,
2399 4829 2455 4880 ut
2486 4841 2643 4881 omne
2658 4824 2803 4896 quod
2832 4823 3037 4879 dedisti
3055 4831 3127 4889 ct,
3158 4824 3243 4880 det
3266 4825 3343 4880 eis
3361 4827 3523 4880 vitam
3554 4831 3850 4881 aeternam.

2211 4918 2261 4973 3.
2295 4917 2415 4972 Ilzrc
2433 4924 2511 4971 est
2540 4924 2746 4982 autem,
2780 4914 2991 4986 inquit,
3030 4915 3138 4968 vita
3168 4920 3404 4982 (Fama,
3439 4917 3495 4968 ut
3527 4920 3853 4983 cognoscant

2142 5018 2192 5063 te
2217 5007 2391 5063 mlum
2418 5020 2602 5060 verum
2626 5004 2813 5074 Deum,
2836 5012 2892 5059 et
2918 5019 3074 5076 quem
3112 5004 3312 5059 misisti
3338 5004 3513 5059 Iesum
3549 5003 3850 5059 Christum.

2138 5096 2293 5152 Ordo
2325 5094 2631 5151 verborum
2663 5096 2767 5159 est,
2799 5101 2859 5148 ut
2885 5096 2935 5148 te
2964 5098 3013 5149 et
3044 5109 3199 5166 quem
3230 5092 3431 5149 misisti
3466 5093 3640 5149 Iesum
3692 5093 3856 5150 Chri-

2139 5195 2279 5245 stum
2345 5190 2668 5255 cognoscant
2723 5183 2897 5239 solum
2954 5199 3139 5239 verum
3194 5184 3372 5241 Deum.
3419 5184 3853 5256 Consequenter

2140 5278 2298 5334 enim
2322 5274 2635 5347 etSpiritus
2657 5278 2890 5330 sanctus
2922 5274 3289 5347 intelligitur,
3324 5276 3462 5347 quia
3484 5274 3737 5346 Spiritus
3763 5284 3856 5336 est

2142 5367 2331 5423 Patris
2352 5369 2407 5421 et
2441 5363 2588 5430 Filii,
2621 5367 2900 5436 tanquam
2929 5363 3184 5421 charitas
3210 5363 3611 5420 substantialis
3634 5368 3691 5421 et
3718 5380 3858 5425 con-

2142 5452 2541 5514 substantialis
2573 5453 2894 5510 amborum.
2931 5456 3214 5520 Quoniam
3247 5472 3360 5509 non
3396 5454 3510 5509 duo
3544 5454 3628 5511 dii
3678 5455 3855 5516 Pater

2145 5553 2200 5603 et
2225 5548 2420 5611 Filius,
2446 5562 2548 5600 nec
2582 5550 2691 5599 tres
2721 5544 2797 5599 dii
2831 5543 2998 5600 Pater
3023 5552 3077 5600 et
3116 5545 3297 5602 Filits
3337 5556 3387 5601 et
3414 5545 3665 5618 Spiritus
3713 5568 3860 5610 san-

2146 5642 2275 5695 ctus
2299 5655 2311 5705 ;
2337 5635 2433 5690 sed
2467 5632 2595 5706 ipsa
2626 5633 2881 5689 Trinitas
2914 5648 3067 5689 unus
3100 5634 3259 5690 solus
3282 5650 3454 5690 verus
3508 5635 3679 5693 Deus.
3734 5640 3853 5704 Nec
