4182 6198
343 283 501 343 1905

338 421 490 479 idem
538 429 731 480 tamen
772 422 949 480 Pater
998 424 1099 497 qui
1145 425 1345 492 Filius,
1393 444 1498 486 nec
1536 428 1688 485 idem
1743 429 1919 486 Filius
1947 430 2046 499 qui

341 514 533 579 Pater,
568 528 673 570 nec
701 513 855 570 idem
889 514 1145 588 Spiritus
1168 521 1402 575 sanctus
1431 519 1527 592 qui
1552 518 1723 577 Pater
1743 525 1799 578 et
1820 521 1999 579 Filius
2026 537 2040 587 ;

341 603 622 677 quoniam
642 607 758 661 tres
787 608 929 660 sunt
949 608 1120 661 Pater
1138 612 1195 662 et
1216 607 1395 663 Filius
1417 619 1466 663 et
1491 611 1745 681 Spiritus
1766 621 2043 679 sanctus;

339 692 443 748 sed
475 692 605 763 ipsa
634 692 889 750 Trinitas
921 710 1075 750 unus
1105 699 1195 751 est
1227 700 1396 753 Deus.
1428 697 1487 755 Si
1518 715 1650 770 ergo
1680 717 1747 757 eo
1790 700 1961 758 modo
1990 705 2045 757 te

338 780 481 850 glori
491 781 627 838 ficat
654 782 834 839 Filius
864 786 1001 840 sicut
1022 783 1222 841 dedisti
1243 788 1293 842 ei
1306 791 1621 857 potestatem
1643 793 1817 845 omnis
1836 794 2040 851 carnis.

340 874 399 926 et
420 870 500 927 sic
524 871 760 941 dedisti,
786 880 847 928 ut
865 888 1024 931 omne
1043 874 1183 946 quod
1201 874 1395 932 dedisti
1412 879 1481 945 ei,
1500 877 1586 934 det
1605 882 1684 934 eis
1700 883 1862 936 vitam
1884 885 2048 939 aeter-

338 977 492 1027 nam,
528 964 604 1027 et,
638 961 751 1017 hcce
778 967 859 1019 est
890 964 997 1018 vita
1028 971 1260 1035 aeterna,
1309 973 1371 1022 ut
1395 973 1716 1040 coquoscant
1745 974 1835 1031 te;
1880 973 1962 1027 sic
1995 977 2048 1027 te

334 1048 524 1120 igitur
554 1048 733 1106 Filius
760 1050 1063 1123 glorificat,
1088 1057 1151 1109 ut
1180 1054 1456 1112 omnibus
1488 1073 1636 1128 quos
1660 1058 1872 1114 dedisti
1895 1059 1969 1125 ei,
1996 1068 2047 1115 te

336 1138 640 1208 cognitum
677 1139 868 1209 faciat,
892 1140 1069 1197 Porro
1090 1142 1137 1199 si
1159 1143 1411 1215 cognitio
1436 1145 1537 1202 Dei
1561 1151 1650 1203 est
1674 1147 1783 1203 vita
1810 1152 2044 1216 aeterna,

338 1230 504 1284 tanto
538 1230 723 1301 magis
752 1229 939 1286 vivere
986 1232 1310 1301 tendimus,
1361 1244 1580 1306 quanto
1631 1238 1815 1308 magis
1846 1238 1905 1295 in
1938 1237 2047 1294 hac

340 1316 677 1389 cognitione
709 1319 1067 1389 proﬁcimus.
1099 1321 1224 1378 Non
1256 1330 1447 1381 autem
1475 1327 1793 1383 moriemur
1820 1328 1879 1385 in
1928 1330 2047 1386 vita

336 1413 558 1463 aeterna
591 1424 603 1462 :
637 1412 775 1465 tunc
807 1425 944 1482 ergo
979 1410 1075 1466 Dei
1106 1412 1353 1483 cognitio
1383 1418 1635 1486 perfecta
1663 1418 2045 1490 erit,quando

340 1498 499 1554 nulla
535 1515 689 1555 mors
737 1500 875 1579 erit.
919 1502 1163 1559 Summa
1195 1507 1334 1561 tunc
1364 1505 1464 1563 Dei
1496 1506 1831 1566 clarificatio
1865 1530 1879 1579 ;
1914 1511 2046 1581 quia

336 1605 576 1646 summa
624 1589 823 1663 gloria,
888 1609 1011 1662 quas
1058 1609 1243 1664 graece
1286 1595 1499 1651 dicitur
1542 1592 1686 1665 δόξα.
1743 1599 1904 1654 Unde
1957 1600 2043 1653 di-

335 1683 497 1734 ctum
549 1683 630 1735 est
661 1675 906 1749 δόξασον,
955 1683 1105 1753 quod
1159 1684 1344 1740 Latini
1404 1684 1639 1757 quidam
1694 1688 2045 1760 interpretati

336 1773 499 1837 sunt,
531 1767 822 1837 clariﬁca;
858 1772 1115 1841 quidam,
1149 1773 1428 1844 glorifica.
1465 1777 1506 1830 A
1530 1777 1821 1832 veteribus
1852 1783 2043 1836 autem

336 1858 550 1929 gloria,
581 1875 698 1931 qua
739 1858 976 1931 gloriosi
1030 1859 1297 1918 homines
1343 1862 1638 1931 dicuntur,
1674 1868 1747 1921 ita
1780 1874 1869 1923 est
1897 1869 2047 1924 defi-

340 1948 495 2002 nita:
529 1948 729 2005 Gloria
760 1953 850 2004 est
882 1951 1156 2022 frequens
1182 1951 1253 2008 de
1284 1952 1479 2023 aliquo
1501 1956 1657 2011 fama
1687 1972 1821 2012 cum
1855 1958 2041 2014 laude.

341 2042 414 2091 At
448 2036 497 2093 si
529 2035 707 2093 homo
738 2037 1008 2095 laudatur
1057 2056 1189 2097 cum
1242 2042 1405 2098 famis
1436 2044 1716 2113 creditur,
1752 2050 2045 2120 quomodo

338 2126 495 2181 Deus
526 2124 862 2183 laudabitur
879 2128 1110 2200 quando
1129 2129 1253 2200 ipse
1273 2131 1568 2189 videbitur
1588 2134 1614 2188 Τ
1635 2134 1873 2206 Propter
1890 2139 2042 2209 quod

338 2216 616 2287 scriptum
642 2220 750 2285 est,
785 2218 1046 2289 Beatiqui
1063 2218 1310 2274 habitant
1342 2224 1396 2275 in
1423 2222 1575 2280 domo
1602 2229 1695 2280 tua
1716 2243 1738 2289 ;
1768 2229 1822 2280 in
1843 2229 2048 2283 saecula

333 2304 666 2361 saeculorum
692 2305 999 2363 laudabunt
1029 2318 1083 2365 te
1110 2310 1282 2381 (Psat.
1316 2327 1540 2378 Lxxxm,
1573 2314 1650 2384 5).
1693 2314 1778 2371 Ibi
1809 2316 1919 2371 erit
1949 2316 2046 2372 Dei

337 2394 470 2451 sine
502 2395 615 2450 fine
646 2396 925 2463 laudatio,
949 2398 1047 2453 ubi
1079 2400 1190 2455 erit
1215 2401 1308 2457 Dei
1334 2402 1499 2471 plena
1522 2404 1808 2474 cognitio;
1833 2409 1888 2461 et
1910 2407 2046 2478 quia

336 2485 515 2557 plena
545 2485 818 2557 cognitio,
869 2487 996 2544 ideo
1042 2506 1279 2546 summa
1324 2491 1662 2549 clarificatio
1705 2493 1791 2549 vel
1821 2493 2047 2567 glorifi-

341 2575 514 2631 catio.

407 2665 461 2721 ιι.
492 2664 605 2720 Sed
640 2664 801 2736 prius
824 2666 917 2724 hic
937 2667 1289 2727 clariﬂoatur
1309 2675 1478 2741 Deus,
1501 2673 1640 2730 dum
1665 2676 2046 2733 annuntiatus

334 2750 675 2808 hominibus
708 2754 1043 2822 innoteecit,
1067 2760 1122 2813 et
1145 2773 1245 2827 per
1266 2758 1437 2815 ﬁdem
1463 2761 1821 2817 credentium
1850 2762 2045 2832 praedi-

341 2844 528 2897 catur.
563 2846 806 2915 Propter
835 2844 991 2915 quod
1018 2845 1178 2917 dicit,
1213 2847 1319 2917 Ego
1342 2855 1392 2904 te
1413 2850 1716 2920 clariﬁcan
1743 2869 1907 2922 super
1935 2863 2043 2911 ler-

329 2947 472 3000 ram,
520 2946 658 3005 Opus
702 2939 1073 2991 consummavi
1119 2937 1260 3008 quod
1310 2937 1507 2995 dedisti
1534 2941 1668 2995 mihi
1705 2944 2037 3011 uttfaeiam.

323 3018 450 3077 Non
484 3022 874 3094 ait,jussisli;
908 3026 1032 3093 sed,
1055 3026 1296 3083 dedisti:
1330 3028 1429 3084 ubi
1452 3033 1900 3089 commendatur
1922 3034 2039 3089 evi-

321 3109 471 3165 dens
502 3110 713 3183 gratia.
747 3112 891 3178 Quid
914 3113 1066 3170 enim
1088 3115 1257 3171 habet
1278 3119 1431 3188 quod
1461 3134 1572 3173 non
1596 3120 1837 3192 accepit,
1860 3122 2035 3178 etiam

324 3197 387 3254 in
410 3198 724 3272 Unigenito
750 3200 1003 3257 humana
1026 3204 1277 3260 natura?
1295 3208 1380 3261 An
1406 3223 1519 3261 non
1545 3210 1787 3277 accepit,
1806 3215 1869 3265 ut
1889 3210 2035 3267 nihil

324 3288 489 3357 mali,
523 3292 621 3344 sed
671 3290 824 3345 bona
871 3292 1078 3348 faceret
1125 3295 1344 3364 omnia,
1394 3297 1628 3368 quando
1660 3297 1717 3354 in
1752 3300 2035 3355 unitatem

328 3393 589 3448 persona:
618 3385 893 3452 suscepta
922 3385 1009 3437 est
1041 3399 1074 3439 ιι
1118 3383 1327 3453 Verbo,
1380 3401 1481 3456 per
1533 3388 1688 3458 quod
1720 3387 1871 3445 facta
1902 3398 2036 3445 sunt

324 3468 524 3523 omnia
547 3468 574 3523 ?
600 3470 711 3526 Sed
747 3468 1039 3543 quomodo
1070 3476 1502 3532 consummavit
1524 3494 1673 3549 opus
1706 3480 1857 3550 quod
1884 3496 2038 3537 acce-

326 3556 410 3629 pit
444 3562 506 3611 ut
540 3557 725 3625 faciat,
761 3576 889 3617 cum
923 3565 1098 3618 restet
1128 3562 1320 3619 adhuc
1343 3566 1628 3635 passionis
1669 3567 2035 3639 experimen-

325 3648 477 3713 tum,
510 3645 612 3701 ubi
649 3649 999 3720 martyribus
1028 3651 1154 3708 suis
1187 3652 1439 3710 maxime
1470 3655 1716 3725 praebuit
1751 3658 1906 3728 quod
1940 3674 2033 3713 se-

325 3740 671 3806 querentur,
722 3738 1086 3810 exemplum;
1140 3742 1296 3798 unde
1339 3741 1419 3797 ait
1462 3744 1759 3815 apostolus
1810 3746 2033 3816 Petrus,

326 3824 576 3881 Christus
592 3842 789 3897 passus
809 3834 888 3882 est
902 3844 1005 3897 pro
1020 3830 1175 3885 nobis
1199 3830 1517 3903 relinquens
1534 3834 1686 3889 nobis
1704 3836 2031 3907 exemptum,

325 3918 383 3968 ut
413 3930 713 3986 sequamur
755 3917 983 3988 vestigia
1029 3919 1143 3990 ejus
1174 3919 1221 3990 (Ι
1274 3920 1427 3976 Petr.
1478 3938 1539 3989 ιι,
1571 3922 1703 3995 21);
1756 3923 1867 3980 nisi
1901 3926 2036 3997 quia

321 4019 767 4061 consummasse
798 4023 860 4063 se
891 4007 1033 4063 dicit.
1061 4007 1218 4080 quod
1241 4025 1305 4066 se
1334 4016 1875 4070 consummaturum
1907 4032 2035 4071 esse

318 4091 644 4149 certissime
674 4094 877 4149 nevit?
905 4096 1070 4152 Sicut
1097 4095 1269 4169 longe
1299 4090 1435 4155 ante
1458 4100 1517 4156 in
1556 4102 1859 4173 prophetia
1896 4121 2031 4175 prae-

320 4181 478 4237 teriti
509 4183 794 4254 temporis
849 4201 987 4241 usus
1032 4190 1119 4242 est
1160 4186 1370 4257 verbis,
1403 4192 1636 4261 quando
1689 4197 1819 4262 post
1848 4211 2035 4249 annos

324 4270 616 4341 plurimos
664 4273 926 4331 futurum
989 4277 1177 4333 fuerat
1232 4279 1383 4348 quod
1414 4278 1691 4337 dicebat:
1741 4282 2031 4350 Foderunt,

323 4360 541 4431 inquit,
588 4377 788 4420 manus
835 4380 983 4421 meas
1012 4373 1065 4421 et
1113 4366 1298 4438 pedes,
1328 4367 1819 4427 dinumeraverunt
1849 4377 2035 4430 omnia

324 4464 449 4505 ossa
476 4465 597 4505 mea
625 4453 803 4520 (Psal.
843 4471 959 4521 xxx,
994 4456 1081 4523 17,
1130 4455 1217 4524 l8)
1244 4474 1257 4523 ;
1306 4473 1421 4513 non
1452 4459 1554 4527 ait,
1588 4458 1829 4516 Fodient
1860 4468 1916 4517 et
1945 4465 2033 4519 di-

326 4541 741 4598 numerabunt.
771 4544 836 4599 Et
853 4545 915 4600 in
938 4546 1047 4603 hoc
1072 4546 1198 4620 ipso
1220 4547 1549 4620 Evangelia,
1576 4550 1797 4619 Omnia,
1821 4552 2032 4625 inquit,

325 4644 451 4701 qua
479 4631 673 4687 audivi
698 4649 734 4688 a
765 4634 924 4690 Patre
952 4650 1093 4705 meo,
1123 4644 1252 4693 nota
1268 4636 1375 4706 feci
1404 4638 1554 4694 vobis
1583 4640 1764 4711 (Joan.
1786 4658 1876 4711 xv,
1904 4643 1994 4713 15)
2018 4661 2031 4698 :

326 4718 551 4790 quibus
581 4720 663 4777 ait
691 4727 911 4793 postea,
944 4724 1131 4782 Adhuc
1148 4727 1323 4783 multa
1345 4726 1513 4785 habeo
1534 4729 1679 4785 vobis
1699 4730 1875 4787 dicere
1894 4750 1917 4795 ;
1944 4732 2035 4788 sed

324 4825 438 4863 non
470 4805 695 4878 potestis
725 4812 825 4868 illa
862 4820 1084 4884 portare
1125 4816 1281 4873 modo
1313 4817 1412 4887 (Id.
1446 4835 1553 4887 xvi,
1591 4821 1694 4889 12).
1737 4821 1843 4886 Qui
1877 4823 2032 4877 enim

321 4900 500 4957 certis
518 4907 574 4956 et
598 4899 1068 4960 immutabilibus
1088 4906 1283 4963 causis
1307 4908 1504 4964 omnia
1527 4910 1719 4965 futura
1742 4911 2036 4981 praedesti-

319 4988 507 5059 navit,
557 4988 838 5062 quidquid
888 4993 1145 5050 tacturus
1174 4998 1261 5051 est
1290 4996 1425 5053 fecit
1454 5014 1467 5051 :
1505 5014 1634 5053 nam
1662 5004 1715 5053 et
1765 5014 1865 5070 per
1892 5017 2031 5071 pro-

321 5078 567 5152 phetam
598 5079 820 5137 dictum
853 5082 924 5140 de
954 5082 1053 5139 illo
1083 5089 1195 5155 est,
1229 5085 1337 5154 Qui
1372 5089 1500 5157 fecit
1528 5103 1653 5158 qua:
1678 5089 1876 5156 futura
1905 5098 2034 5145 sunt

319 5170 486 5241 (isai.
522 5186 647 5237 xcv,
678 5172 766 5243 11,
797 5188 899 5229 see.
937 5174 1125 5246 LXX).

389 5262 448 5315 Ξ».
480 5262 815 5318 Secundum
867 5262 972 5319 hoc
1014 5266 1188 5321 etiam
1235 5268 1382 5339 quod
1434 5268 1698 5339 sequitur
1741 5268 1919 5324 dicit:
1972 5270 2036 5325 Et

320 5366 475 5406 nunc
502 5351 763 5420 clari/ica
792 5368 876 5408 me
898 5364 977 5417 tu.
1011 5358 1199 5423 Pater,
1229 5357 1376 5426 apud
1393 5362 1754 5427 temetipsum,
1776 5357 2035 5414 claritate

322 5456 491 5514 quam
519 5439 711 5505 habui,
755 5444 1075 5513 priusquam
1125 5444 1365 5500 mundus
1409 5450 1565 5511 esset,
1605 5445 1752 5513 apud
1783 5453 1851 5501 te.
1886 5445 2033 5502 Nam

324 5546 500 5604 supra
531 5530 777 5599 dixerat,
804 5536 989 5600 Pater,
1012 5533 1162 5589 venit
1177 5534 1331 5602 hora,
1353 5535 1605 5603 etariﬁca
1632 5536 1831 5591 Filium
1861 5541 2034 5605 tuum,

328 5629 388 5680 ut
414 5622 594 5680 Filius
624 5629 755 5679 tuus
784 5622 1052 5692 clariﬁeet
1079 5626 1179 5693 te;
1222 5624 1281 5681 in
1313 5640 1429 5697 quo
1476 5626 1785 5693 verborum
1833 5624 2035 5683 ordine

1505 291 1965 355 'l‘liAC'l‘ATUS
2012 290 2132 352 CV.
2177 290 2462 353 CAPUT.
2510 293 2697 355 XVII.

3704 302 3859 363 1906

2157 430 2490 487 ostenderat
2520 433 2682 504 prius
2706 450 2739 488 a
2762 435 2925 490 Patre
2942 434 3379 492 clariticandum
3414 437 3644 509 Filium,
3669 445 3735 496 ut
3759 443 3861 496 Ριιο

2157 526 2301 577 trem
2351 519 2695 579 clarificaret
2745 523 2947 580 Filius.
2984 523 3151 581 Modo
3200 529 3394 582 autem
3445 527 3609 596 dixit,
3669 532 3776 600 Ego
3810 537 3861 585 te

2153 608 2460 680 etariﬁeavi
2482 622 2646 684 super
2675 620 2902 680 terram,
2934 629 3070 683 opus
3098 618 3472 671 consummavi
3501 618 3641 689 quod
3659 619 3861 673 dedisti

2156 700 2297 755 mihi
2324 706 2385 755 ut
2413 700 2621 770 faciam
2650 720 2667 755 :
2688 708 2740 757 et
2770 709 2902 758 tunc
2948 704 3195 774 clari/ica
3241 720 3327 761 me
3356 710 3678 779 :tanquam
3698 708 3859 778 ‘prior

2154 787 2280 859 ipse
2313 793 2536 846 Patrem
2560 789 2983 860 clariﬁcaverit,
3006 810 3039 849 a
3061 809 3175 864 quo
3205 793 3412 850 deinde
3436 801 3492 850 ut
3514 796 3862 852 olarificetur

2157 878 2437 948 exposcit.
2462 878 2610 952 Ergo
2642 880 3081 952 intelligendum
3104 886 3191 938 est
3218 887 3467 954 utroque
3489 884 3662 940 verbo
3684 900 3860 955 supe-

2155 965 2275 1022 rius
2297 983 2467 1024 usum
2499 970 2819 1026 secundum
2848 971 2902 1026 id
2927 972 3081 1043 quod
3107 973 3371 1028 futurum
3393 978 3533 1040 erat,
3557 990 3742 1046 eoque
3763 992 3860 1029 or-

2154 1055 2290 1113 dine
2329 1073 2442 1130 quo
2468 1060 2729 1116 futurum
2762 1066 2907 1127 erat,
2939 1062 3198 1132 Cleri/ica
3218 1064 3442 1124 Filium,
3476 1071 3537 1118 ut
3571 1071 3625 1119 te
3650 1066 3857 1129 clariﬁ-

2154 1152 2234 1200 cet
2267 1148 2441 1203 Filius
2470 1166 2489 1203 .·
2540 1151 2708 1206 modo
2751 1164 2879 1206 vero
2912 1168 3085 1207 usum
3136 1153 3316 1208 fuisse
3362 1154 3536 1208 verbo
3586 1153 3858 1224 praeteriti

2154 1237 2434 1306 temporis
2464 1238 2536 1291 de
2568 1253 2624 1293 re
2656 1239 2868 1306 futura,
2895 1241 2989 1296 ubi
3012 1241 3112 1310 ait,
3144 1242 3253 1312 Ego
3279 1249 3331 1296 te
3349 1242 3680 1312 ctariﬁcaoit
3699 1258 3862 1313 super

2155 1332 2384 1391 terram,
2407 1341 2537 1397 apus
2563 1331 2938 1383 consummavi
2967 1330 3107 1400 quod
3136 1330 3332 1386 dedisti
3360 1333 3496 1386 mihi
3524 1335 3586 1387 ut
3624 1333 3859 1401 faciam.

2159 1415 2371 1471 Deinde
2408 1416 2675 1475 dicendo,
2729 1417 2793 1471 Et
2822 1432 2971 1473 nunc
2999 1420 3241 1489 clari/ica
3270 1436 3355 1476 me
3384 1427 3463 1488 tu,
3496 1421 3683 1479 Pater,
3717 1421 3861 1493 apud

2157 1507 2517 1576 temetipsum,
2551 1506 2719 1577 quasi
2754 1507 3044 1577 posterius
3074 1512 3229 1563 esset
3259 1508 3667 1563 clarificandus
3697 1526 3730 1563 a
3762 1514 3862 1563 Pa-

2154 1597 2261 1661 tre,
2297 1610 2467 1665 quem
2491 1594 2652 1665 prius
2673 1595 2797 1666 ipse
2818 1594 3263 1661 clarificaverat;
3284 1596 3423 1667 quid
3445 1598 3722 1659 ostendit,
3746 1597 3859 1653 nisi

2154 1685 2424 1756 superius
2458 1686 2551 1739 ubi
2586 1686 2687 1755 ait,
2721 1686 2826 1757 Ego
2875 1693 2926 1740 te
2960 1685 3262 1756 clariﬁcavi
3291 1702 3457 1757 super
3502 1692 3733 1745 terram,
3782 1686 3862 1740 ita

2154 1774 2411 1831 locutum
2446 1775 2724 1842 seruisse,
2747 1778 3024 1846 tanquam
3060 1775 3461 1846 fecissetquod
3497 1776 3755 1832 tacturus
3778 1792 3864 1832 es-

2155 1864 2244 1916 set
2267 1875 2281 1926 ;
2307 1860 2401 1916 hic
2432 1865 2622 1918 autem
2670 1862 3002 1933 poposcisse
3027 1870 3088 1917 ut
3117 1863 3280 1918 Pater
3309 1863 3542 1933 faceret,
3576 1879 3674 1934 per
3706 1862 3859 1933 quod

2152 1948 2296 2005 illud
2322 1950 2504 2007 Filius
2529 1952 2785 2006 facturus
2800 1956 2971 2019 esset,
2998 1952 3052 2006 id
3087 1956 3197 2019 est,
3230 1959 3291 2007 ut
3331 1951 3501 2008 Pater
3521 1951 3862 2008 olarificaret

2157 2037 2393 2107 Filium,
2439 2056 2536 2111 per
2581 2056 2755 2111 quam
2806 2040 2929 2096 Filii
2962 2041 3434 2097 claritieationem
3466 2039 3639 2096 etiam
3676 2040 3854 2094 Filius

2155 2128 2582 2186 clariﬁcaturus
2613 2134 2768 2186 esset
2790 2131 3055 2186 Patrem?
3074 2131 3334 2202 Denique
3365 2132 3412 2184 si
3438 2131 3505 2187 de
3531 2147 3591 2186 re
3611 2146 3739 2201 quas
3771 2131 3828 2184 fu
3846 2158 3862 2168 -

2156 2222 2285 2274 tura
2312 2226 2454 2284 erat,
2506 2236 2796 2290 ponamus
2841 2220 3018 2275 etiam
3077 2220 3254 2275 futuri
3290 2219 3570 2290 temporis
3597 2218 3860 2281 verbum,

2158 2308 2253 2362 ubi
2287 2324 2387 2377 pro
2414 2313 2671 2379 tempore
2702 2310 2893 2363 futuro
2916 2308 3108 2379 posuit
3138 2308 3262 2376 ipse
3294 2307 3678 2379 praeteritum,
3702 2305 3862 2361 nulla

2156 2398 2459 2452 sententiae
2516 2397 2837 2455 remanebit
2878 2397 3202 2454 obscuritas
3236 2414 3246 2450 :
3301 2396 3478 2453 veluti
3517 2396 3568 2451 ei
3599 2395 3861 2463 dixisset,

2156 2485 2274 2558 Ego
2302 2490 2357 2542 te
2385 2485 2713 2542 clariﬁeabo
2756 2503 2932 2558 super
2979 2492 3214 2554 terram,
3260 2504 3407 2558 opus
3438 2486 3861 2543 consummabo

2155 2575 2311 2647 quod
2344 2576 2554 2632 dedisti
2588 2575 2731 2632 mihi
2765 2580 2829 2631 ut
2850 2576 3057 2632 faciam
3085 2579 3177 2632 :et
3210 2592 3362 2631 nunc
3384 2575 3640 2631 clarifica
3661 2579 3858 2641 metu,

2154 2664 2341 2733 Pater,
2375 2668 2526 2736 apud
2561 2668 2953 2733 temetipsum.
2991 2664 3311 2737 Nempeita
3344 2664 3582 2737 planum
3615 2669 3729 2731 est,
3760 2664 3860 2719 sic-

2155 2759 2219 2810 ut
2276 2755 2420 2810 illud
2467 2756 2564 2811 ubi
2614 2757 2715 2824 ait,
2770 2755 3025 2825 Cleri/ica
3072 2755 3280 2811 Filium
3330 2762 3513 2821 tuum,
3572 2763 3632 2811 ut
3689 2755 3861 2811 Filius

2152 2850 2277 2899 tuus
2305 2846 2568 2915 clari/teet
2599 2853 2651 2901 te
2680 2863 2697 2899 :
2746 2849 2803 2901 et
2831 2845 2958 2916 ipsa
3004 2848 3095 2901 est
3123 2844 3365 2900 omnino
3408 2843 3714 2910 sententia,
3747 2844 3856 2898 nisi

2151 2935 2291 3005 quia
2319 2942 2377 2991 et
2410 2936 2502 2992 hic
2530 2935 2724 2991 dictus
2746 2939 2837 2990 est
2865 2936 3132 3004 ejusdem
3166 2935 3600 2991 clariﬁeationis
3621 2934 3853 3002 modus,

2149 3023 2226 3081 ibi
2255 3030 2449 3079 autem
2473 3024 2681 3078 tacitus
2709 3040 2723 3088 ;
2756 3029 3035 3094 tanquam
3061 3023 3204 3078 illud
3229 3023 3343 3079 isto
3367 3028 3754 3095 exponeretur
3773 3024 3857 3080 eis

2147 3128 2295 3185 quos
2343 3115 2562 3183 poterat
2603 3127 2958 3182 permovere,
3007 3113 3300 3183 quomodo
3345 3111 3514 3167 Pater
3542 3111 3770 3180 Filium,
3801 3118 3858 3168 et

2148 3202 2397 3259 maxime
2428 3200 2715 3271 quomodo
2759 3200 2988 3255 Patrem
3037 3199 3381 3255 clarificaret
3423 3204 3483 3255 et
3523 3199 3723 3255 Filius.
3756 3200 3853 3256 Di-

2148 3291 2329 3347 cendo
2359 3290 2512 3348 enim
2545 3288 2849 3346 clarificari
2877 3305 2912 3344 a
2942 3302 3001 3343 se
3035 3288 3263 3343 Patrem
3295 3304 3472 3360 super
3516 3294 3751 3358 terram,
3794 3306 3857 3346 se

2148 3387 2337 3438 autem
2369 3400 2403 3437 a
2433 3381 2601 3437 Patre
2651 3380 2802 3449 apud
2852 3379 3121 3435 eumdem
3156 3378 3407 3445 Patrem,
3442 3379 3678 3434 modum
3711 3397 3852 3452 pro-

2150 3473 2295 3528 fecto
2330 3471 2636 3543 utriusque
2664 3468 3093 3526 clariticationis
3135 3467 3407 3524 ostendit.
3464 3468 3592 3538 Ipse
3639 3469 3852 3540 quippe

2146 3564 2371 3617 Patrem
2404 3559 2744 3616 clariﬁcavit
2773 3573 2950 3630 super
2980 3563 3217 3623 terram,
3248 3572 3379 3612 eum
3409 3556 3683 3629 gentibus
3716 3574 3856 3630 prae.
3953 3546 3962 3553 ’

2146 3650 2395 3708 dicundo
2420 3664 2434 3714 ;
2461 3649 2625 3704 Pater
2636 3648 2977 3719 veroipsum
2996 3647 3145 3719 apud
3162 3646 3572 3717 semetipsum,
3589 3647 3659 3702 ad
3682 3664 3849 3702 suam

2145 3743 2436 3798 dexteram
2476 3737 2835 3794 collocando.
2861 3737 2971 3793 Sed
2998 3736 3127 3792 ideo
3152 3739 3353 3808 postea
3374 3735 3445 3791 de
3477 3734 3849 3791 clariﬁcando

2148 3832 2312 3887 Patre
2342 3828 2439 3886 ubi
2464 3829 2562 3898 ait,
2591 3828 2695 3899 Ego
2726 3833 2779 3881 te
2804 3826 3133 3897 ctariﬁcavi,
3156 3826 3394 3881 verbum
3418 3825 3688 3893 presteriti
3712 3830 3853 3882 tein—

2148 3920 2303 3993 poris
2321 3932 2530 3990 ponere
2555 3916 2779 3980 maluit,
2804 3920 2869 3971 ut
2890 3919 3241 3972 monstraret
3262 3914 3322 3970 in
3342 3914 3850 3985 prmdestinatione

2139 4011 2263 4082 jam
2296 4008 2538 4075 factum,
2568 4011 2624 4062 et
2657 4023 2757 4078 pro
2780 4006 2902 4075 jam
2930 4006 3076 4060 facto
3110 4002 3439 4059 habendum
3473 4004 3627 4075 quod
3650 4004 3852 4061 certis-

2145 4098 2294 4154 sime
2327 4098 2517 4152 fuerat
2545 4103 2774 4151 uturum
2806 4112 2821 4163 ;
2847 4093 2901 4149 id
2936 4097 3046 4159 est,
3080 4096 3143 4148 ut
3172 4108 3205 4147 a
3230 4092 3399 4147 Patre
3429 4094 3581 4162 apud
3628 4096 3850 4147 Patrem

2143 4187 2521 4261 glorilicatus,
2595 4188 2820 4241 Patrem
2896 4199 3075 4256 super
3122 4190 3331 4239 terram
3388 4180 3744 4252 gloriﬁcaret
3797 4187 3854 4235 et

2144 4276 2345 4332 Filius.

2212 4369 2266 4422 6.
2300 4367 2413 4423 Sed
2446 4366 2597 4422 hanc
2614 4360 3180 4436 praedestinationem
3213 4358 3275 4415 in
3297 4374 3406 4413 sua
3436 4356 3852 4413 clariﬁcations

2142 4456 2507 4513 manifestius
2524 4453 2771 4525 aperuit,
2805 4467 2920 4520 qua
2939 4465 3072 4507 eum
3104 4445 3445 4504 olariticavit
3482 4448 3675 4511 Pater,
3700 4446 3756 4498 in
3783 4461 3848 4500 eo

2143 4545 2299 4618 quod
2332 4541 2621 4614 adjunxit,
2645 4539 2919 4595 Claritate
2940 4553 3105 4610 quam
3135 4535 3325 4601 habui,
3347 4535 3675 4606 priusquam
3688 4550 3852 4589 mun-

2141 4635 2241 4692 dus
2272 4640 2430 4698 esset,
2462 4630 2605 4701 apud
2632 4637 2701 4684 te.
2749 4629 2903 4684 Ordo
2944 4628 3250 4683 verborum
3295 4629 3404 4697 est,
3458 4640 3627 4695 quam
3677 4624 3851 4680 habui

2142 4723 2288 4794 apud
2315 4726 2390 4789 te,
2419 4721 2743 4791 priusquam
2770 4716 3007 4772 mundus
3048 4722 3203 4771 esset.
3245 4712 3335 4770 Ad
3373 4713 3484 4770 hoc
3515 4712 3665 4770 valet
3694 4715 3849 4785 quod

2145 4812 2246 4881 ait,
2278 4813 2342 4867 Et
2386 4824 2533 4865 nunc
2559 4809 2804 4881 clari/ica
2834 4820 2960 4868 me;
3010 4804 3117 4861 hoc
3164 4812 3272 4871 est,
3312 4803 3466 4861 sicut
3495 4808 3655 4870 tunc,
3689 4803 3766 4859 ita
3795 4809 3851 4859 et

2147 4917 2297 4959 nunc
2325 4919 2339 4966 ;
2373 4901 2526 4956 sicut
2554 4904 2691 4955 tunc
2722 4894 3250 4970 praedestinatione,
3281 4895 3363 4951 ita
3392 4898 3450 4950 et
3480 4908 3633 4950 nunc
3664 4893 3849 4963 peris-

2143 4989 2336 5048 ctione
2368 5008 2381 5047 :
2414 4990 2503 5045 fac
2533 4989 2592 5046 in
2626 4988 2869 5056 mundo,
2899 4986 3053 5057 quod
3084 4986 3237 5054 apud
3272 4989 3325 5040 te
3349 4983 3469 5054 jam
3504 4983 3689 5038 fuerat
3717 4985 3850 5037 ante

2144 5082 2429 5138 mundum
2455 5096 2469 5145 ;
2503 5080 2591 5135 fac
2621 5079 2680 5134 in
2712 5094 2819 5135 suo
2854 5081 3130 5149 tempore,
3163 5073 3318 5145 quod
3344 5076 3477 5128 ante
3497 5069 3690 5127 omnia
3707 5074 3849 5126 tem-

2145 5187 2284 5243 pora
2313 5170 2591 5228 statuisti.
2625 5170 2742 5225 Hoc
2785 5167 3025 5238 quidam
3075 5164 3161 5220 sie
3207 5160 3641 5231 intelligendum
3675 5164 3851 5230 puta-

2143 5264 2299 5318 runt,
2348 5265 2629 5330 tanquam
2683 5260 2893 5314 natura
2944 5254 3207 5310 humana
3236 5266 3367 5323 quae
3396 5256 3669 5319 suscepta
3698 5255 3786 5306 est
3818 5268 3849 5306 a

2141 5349 2349 5415 Verbo,
2385 5350 2817 5405 converteretur
2845 5344 2905 5400 in
2937 5342 3217 5407 Verbum,
3249 5345 3306 5396 et
3334 5339 3507 5396 homo
3527 5343 3851 5396 mutaretur

2143 5440 2202 5495 in
2232 5438 2418 5496 Deum
2448 5457 2463 5506 ;
2498 5437 2638 5505 imo,
2669 5436 2721 5492 si
2750 5432 3089 5506 diligentius
3118 5430 3271 5502 quod
3295 5428 3515 5500 opinati
3536 5435 3677 5484 suat
3698 5432 3850 5502 cogi-

2142 5532 2355 5595 temus,
2391 5527 2562 5583 homo
2594 5526 2806 5597 periret
2836 5523 2896 5579 in
2931 5522 3060 5579 Deo.
3085 5519 3213 5576 Non
3244 5518 3398 5576 enim
3433 5517 3747 5591 quisquam
3779 5542 3847 5584 ex

2142 5617 2258 5673 ista
2288 5615 2607 5674 mutatione
2637 5612 2888 5670 hominis
2920 5610 3003 5668 vel
3035 5608 3321 5683 duplicari
3346 5608 3440 5665 Dei
3476 5608 3727 5669 Verbum
3761 5616 3849 5671 di-
