4164 6184
377 265 402 325 1
412 264 523 324 907

372 408 577 460 cturus
607 405 716 470 est,
751 401 835 458 vel
869 402 1086 474 augeri,
1140 408 1200 458 ut
1245 407 1345 460 aut
1393 403 1510 460 duo
1553 404 1673 460 sint
1700 403 1855 476 quod
1887 417 2075 460 unum

374 494 500 560 fuit,
534 498 633 549 aut
662 491 916 564 amplius
948 493 1023 548 sit
1051 493 1202 564 quod
1230 493 1421 549 minus
1445 493 1573 549 fuit.
1599 493 1772 551 Porro
1794 493 1844 549 si
1870 497 2079 549 natura

372 585 631 640 humana
661 582 1002 638 in-Verbum
1037 588 1260 638 mutata
1291 588 1460 655 atque
1484 601 1780 649 conversa,
1819 583 2076 640 Verbum

372 675 471 731 Dei
503 681 788 746 quantum
819 676 1018 729 eratet
1049 673 1197 743 quod
1224 677 1346 728 erat
1370 673 1476 730 hoc
1499 673 1626 740 erit,
1660 674 1759 730 ubi
1781 677 1871 729 est
1901 673 2076 729 homo

371 765 416 820 si
452 783 565 822 non
599 765 746 836 perit
776 764 802 818 ?

439 857 492 908 7.
527 853 638 909 Sed
670 853 735 907 ad
772 852 922 906 hanc
954 851 1308 922 opinionem,
1345 867 1522 924 quam
1573 850 1800 908 veritati
1835 867 2077 922 prorsus

373 961 486 1001 non
520 945 680 998 video
713 942 1042 1010 convenire,
1067 941 1208 997 nihil
1243 959 1346 998 nos
1373 949 1555 1014 urget,
1579 943 1630 997 si
1653 941 1796 997 Filio
1824 941 2075 1009 dicente,

370 1037 443 1089 Et
466 1049 612 1089 nunc
637 1033 886 1099 clari/ica
916 1047 1001 1086 me
1023 1039 1104 1100 tu,
1137 1033 1319 1099 Pater,
1349 1032 1495 1103 apud
1516 1033 1883 1104 temetipsum,
1907 1031 2076 1086 clari-

370 1131 482 1179 tate
511 1138 674 1194 quam
703 1121 888 1179 habui.
921 1125 1239 1193 priusquam
1270 1123 1508 1177 mundus
1539 1129 1694 1190 esset,
1719 1121 1866 1194 apud
1897 1127 1965 1192 te,
1989 1120 2076 1176 inv

369 1213 699 1285 telligamus
728 1210 1301 1283 praedestinationem
1333 1210 1611 1268 claritatis
1641 1212 1910 1268 humana:
1945 1225 2073 1282 quas

367 1303 424 1357 in
451 1302 548 1357 illo
569 1305 657 1358 est
676 1307 916 1368 naturae,
941 1318 1007 1356 ex
1032 1301 1262 1356 mortali
1285 1301 1639 1358 immortalis
1668 1302 1824 1374 apud
1846 1301 2071 1356 Patrem

367 1393 574 1447 futurae
601 1417 614 1460 ;
637 1397 692 1448 et
715 1390 954 1460 hocjam
981 1391 1450 1462 przedestinando
1471 1391 1688 1446 factum
1714 1391 1900 1447 fuisse
1920 1394 2074 1445 ante-

367 1499 534 1554 quam
568 1482 822 1538 mundus
853 1489 1020 1549 esset,
1055 1482 1207 1552 quod
1243 1481 1301 1536 in
1336 1483 1553 1538 mundo
1583 1483 1756 1538 etiam
1787 1498 1892 1537 suo
1925 1485 2072 1536 tem-

367 1589 502 1644 pore
537 1572 717 1628 fieret.
764 1571 822 1626 Si
857 1571 1009 1627 enim
1043 1571 1113 1626 de
1145 1571 1310 1627 nobis
1349 1571 1494 1627 dixit
1540 1571 1871 1642 Apostolus,
1920 1572 2073 1628 Sicut

365 1663 524 1730 elegit
551 1677 651 1716 nos
697 1660 750 1715 in
784 1662 897 1731 ipso
929 1666 1054 1717 ante
1085 1660 1276 1715 mundi
1304 1663 1747 1717 constitutionem
1782 1661 1991 1733 (Ephes.
2031 1681 2070 1731 ι,

366 1752 420 1821 4)
444 1771 458 1819 ;
493 1767 596 1806 cur
625 1749 936 1806 abhorrere
969 1755 1206 1821 putatur
1225 1768 1258 1805 a
1290 1767 1444 1819 vero,
1469 1751 1518 1806 si
1551 1755 1688 1808 tunc
1712 1751 1877 1808 Pater
1899 1758 2074 1824 caput

367 1845 624 1897 nostrum
657 1840 1015 1911 gloriﬁcavit,
1053 1842 1283 1914 quando
1306 1857 1413 1898 nos
1444 1843 1505 1898 in
1538 1841 1686 1915 ipso,
1714 1846 1777 1898 ut
1807 1844 2070 1901 membra

365 1934 491 2004 ejus
520 1949 791 2002 essemus,
823 1931 1039 2004 elegit?
1084 1934 1177 1989 Sic
1227 1933 1381 1989 enim
1415 1951 1522 1990 nos
1551 1933 1740 2001 electi,
1774 1937 2068 2007 quomodo

369 2023 489 2093 ipse
519 2021 909 2088 claritlcatus;
943 2021 1078 2094 quia
1111 2022 1452 2094 priusquam
1486 2023 1744 2079 mundus
1767 2029 1937 2090 esset,
1963 2041 2068 2081 nec

369 2125 471 2166 nos
503 2127 760 2177 eramus,
785 2127 889 2166 nec
916 2112 1040 2181 ipse
1063 2111 1348 2167 mediator
1367 2112 1467 2167 Dei
1490 2120 1540 2169 et
1566 2112 1868 2169 hominum
1893 2114 2066 2171 homo

365 2200 626 2255 Christus
654 2199 830 2254 Jesus
859 2199 904 2269 (Ι
939 2199 1074 2256 Tim.
1107 2217 1169 2265 ιι,
1199 2200 1274 2270 5).
1327 2201 1438 2256 Sed
1471 2200 1566 2258 ille
1597 2202 1697 2273 qui
1738 2217 1840 2274 per
1870 2203 2066 2275 ipsum

364 2288 420 2343 in
459 2290 748 2359 quantum
773 2288 1029 2344 Verbum
1062 2289 1189 2360 ejus
1219 2293 1333 2358 est,
1364 2290 1540 2346 etiam
1571 2305 1695 2363 qua?
1715 2293 1911 2361 futura
1939 2299 2067 2349 sunt

363 2382 516 2444 fecit,
558 2385 612 2434 et
660 2382 811 2433 vocat
855 2395 920 2434 ea
950 2394 1076 2450 quae
1105 2395 1213 2435 non
1245 2383 1395 2450 sunt,
1439 2385 1704 2454 tanquam
1751 2382 1856 2437 sint
1889 2382 2063 2454 (Rom.

365 2485 436 2533 iv,
475 2469 556 2537 17)
587 2485 600 2534 ;
634 2468 891 2538 profecto
923 2469 1247 2525 secundum
1279 2470 1334 2526 id
1367 2472 1521 2542 quod
1568 2472 1854 2529 mediator
1887 2473 1980 2528 Dei
2012 2481 2066 2529 et

363 2557 667 2612 hominum
704 2558 874 2612 homo
906 2563 1016 2628 est,
1049 2563 1183 2614 ante
1214 2560 1420 2616 mundi
1452 2561 1928 2618 constitutionem
1964 2579 2064 2632 pro

365 2646 532 2700 nobis
561 2645 713 2700 Deus
762 2645 925 2700 Pater
973 2647 1318 2718 glorificavit
1365 2650 1583 2720 ipsum,
1627 2651 1676 2706 si
1721 2655 1858 2706 tunc
1891 2651 2067 2723 elegit

361 2739 533 2790 etiam
567 2752 673 2792 nos
695 2735 752 2790 in
785 2737 929 2807 ipso.
961 2737 1105 2800 Quid
1138 2738 1294 2793 enim
1321 2739 1459 2794 dicit
1492 2741 1806 2811 Apostolus
1828 2742 1855 2795 ‘2
1885 2763 1911 2791 ιι
1947 2742 2066 2798 Sci-

364 2842 495 2880 mus
526 2829 720 2881 autem
745 2826 1022 2897 quoniam
1045 2827 1426 2899 diligentibus
1447 2833 1625 2885 Deum
1647 2831 1844 2886 omnia
1867 2847 2063 2903 coope-

361 2918 565 2969 rantur
596 2915 653 2969 in
687 2914 926 2983 bonum,
961 2915 1050 2972 his
1078 2918 1175 2988 qui
1208 2919 1532 2974 secundum
1567 2920 1932 2991 propositum
1965 2938 2064 2978 vo-

360 3001 470 3058 cati
502 3006 656 3058 sunt.
690 3005 845 3070 Quos
875 3005 1029 3061 enim
1053 3007 1359 3076 praescivit.
1385 3013 1440 3063 et
1472 3010 2060 3079 praedestinavitcon-

355 3093 570 3148 formes
599 3091 723 3148 fieri
756 3093 1029 3165 imaginis
1061 3095 1188 3149 Filii
1221 3097 1368 3166 ejus,
1406 3101 1470 3153 ut
1501 3099 1577 3154 sit
1606 3098 1727 3171 ipse
1758 3100 2059 3172 primoge-

354 3181 511 3237 nitus
542 3181 600 3237 in
634 3183 832 3238 multis
865 3184 1168 3241 fratribus:
1207 3201 1348 3258 quos
1378 3191 1574 3243 autem
1607 3189 2062 3260 praedestinavit,

356 3271 483 3327 illos
509 3275 566 3326 et
595 3272 813 3328 vocavit
844 3294 872 3321 »
903 3273 1004 3343 (Id.
1041 3290 1161 3342 Vlll,
1190 3276 1410 3348 20-30).

421 3361 474 3416 8.
509 3360 629 3417 Nisi
661 3361 809 3417 forte
840 3361 1027 3434 ipsum
1060 3365 1532 3435 praedestinatum
1565 3367 1752 3425 dicere
1783 3370 2058 3426 formida-

353 3451 569 3520 bimus,
602 3451 742 3522 quia
763 3454 831 3508 de
854 3453 1024 3510 nobis
1046 3459 1272 3510 tantum
1299 3461 1363 3512 ut
1385 3457 1711 3514 efﬁciamur
1731 3460 2061 3516 conformes

350 3542 622 3612 imaginis
651 3543 802 3613 ejus,
853 3544 956 3600 hoc
988 3545 1204 3603 dixisse
1255 3548 1477 3604 videtur
1525 3550 1852 3621 Apostolus.
1887 3554 2061 3617 Quasi

353 3649 482 3688 vero
505 3631 821 3703 quisquam
853 3635 1110 3706 regulam
1139 3637 1271 3692 ﬁdei
1298 3638 1820 3707 ﬁdeliterintuens,
1846 3642 2058 3700 Filium

361 3722 456 3776 Dei
492 3726 810 3793 negaturus
859 3729 949 3778 est
998 3727 1499 3797 praedestinatum,
1550 3730 1647 3800 qui
1680 3747 1816 3788 eum
1847 3749 2059 3804 negare

354 3811 645 3864 hominem
679 3827 795 3866 non
827 3817 1032 3881 potest.
1070 3815 1240 3871 Recte
1275 3819 1490 3889 quippe
1520 3821 1735 3876 dicitur
1767 3839 1881 3878 non
1915 3839 2058 3894 pra:-

350 3897 677 3952 destiuatus
706 3901 1026 3956 secundum
1061 3903 1116 3956 id
1149 3906 1303 3974 quod
1343 3915 1430 3962 est
1461 3909 1708 3966 Verbum
1741 3911 1864 3980 Dei,
1909 3911 2061 3970 Deus

353 3987 502 4055 apud
539 3985 741 4043 Deum.
777 3987 989 4059 thuid
1024 3995 1178 4048 enim
1213 3997 1743 4070 praedestinaretur,
1776 4019 1904 4057 cum
1933 4004 2056 4073 jam

353 4079 508 4132 esset
529 4077 681 4148 quod
709 4083 850 4144 erat,
869 4080 990 4136 sine
1014 4081 1198 4151 initio,
1219 4085 1340 4142 siue
1358 4088 1604 4145 termino
1627 4092 2059 4162 sempiternus?

355 4164 500 4221 Illud
570 4170 764 4223 autem
817 4171 1350 4240 prmdestinaudum
1400 4184 1542 4248 erat,
1594 4181 1744 4250 quod
1796 4185 2057 4240 nondum

352 4260 498 4324 erat,
532 4260 595 4311 ut
635 4257 719 4311 sic
752 4275 857 4314 suo
892 4264 1150 4332 tempore
1185 4265 1362 4333 (teret,
1396 4271 1890 4340 quemadmodum
1925 4283 2056 4331 ante

352 4345 550 4401 omnia
581 4351 839 4419 tempore
896 4352 1367 4420 praedestinatum
1417 4364 1541 4415 erat
1572 4365 1634 4416 ut
1665 4362 1839 4418 fierit.
1877 4364 2055 4429 Quis-

367 4436 499 4506 quis
530 4436 712 4509 igitur
742 4439 840 4495 Dei
872 4441 1082 4500 Filium
1136 4448 1610 4516 praedestinatum
1662 4458 1854 4525 negat,
1905 4455 2057 4513 hunc

352 4526 618 4582 eumdem
675 4526 858 4585 filium
893 4530 1148 4588 hominis
1182 4542 1371 4608 negat.
1407 4539 1513 4595 Sed
1551 4547 1787 4614 propter
1816 4549 2056 4603 conten-

355 4616 527 4670 tiosos
570 4618 741 4674 etiam
798 4621 932 4676 hinc
976 4624 1285 4682 audiamus
1334 4632 1674 4701 Apostolum
1726 4633 1784 4689 in
1815 4651 2056 4693 suarum

352 4705 584 4796 eaerdio
632 4706 994 4766 Litterarum.
1044 4712 1185 4770 Nam
1233 4722 1289 4772 et
1341 4720 1398 4774 in
1440 4721 1632 4792 prima
1663 4725 2052 4796 Epistolarum

353 4791 503 4882 ejus,
535 4809 660 4862 qum
693 4799 780 4849 est
810 4797 883 4851 ad
914 4798 1224 4871 Romanos,
1269 4811 1325 4861 et
1371 4791 1551 4878 ipsius
1595 4791 1859 4882 Epistolas
1893 4814 2055 4882 prin-

353 4880 566 4951 cipium
598 4888 705 4950 est,
751 4886 843 4939 ubi
880 4889 1128 4960 legitur:
1187 4895 1392 4950 Paulus
1438 4880 1774 4957 servus'Jesu
1823 4880 2051 4970 Christi,

350 4982 566 5026 vocatus
596 4975 897 5043 Apostolus,
931 4989 1252 5051 segregatus
1281 4988 1337 5038 in
1369 4988 1730 5058 Evangelium
1771 4993 1882 5059 Dei,
1916 4995 2056 5066 quod

351 5067 481 5116 ante
503 5065 826 5131 promiserat
847 5081 944 5133 per
970 5069 1266 5138 Prophetas
1290 5090 1414 5130 suos
1447 5080 1500 5132 in
1531 5081 1830 5152 Scripturis
1853 5065 2054 5140 sanctis

350 5151 415 5206 de
443 5152 578 5208 Filio
606 5170 726 5225 suo,
751 5160 842 5226 qui
868 5161 1048 5226 factus
1072 5167 1148 5217 est
1169 5167 1220 5218 ei
1239 5181 1309 5220 ea:
1333 5172 1538 5225 semine
1560 5151 1737 5226 David
1754 5174 2053 5230 secundum

351 5257 595 5310 carnem,
630 5249 725 5315 qui
741 5251 1172 5317 prwdestinatus
1202 5264 1279 5310 est
1308 5257 1481 5313 Filius
1513 5260 1607 5314 Dei
1646 5261 1704 5316 in
1735 5264 1935 5320 virtute
1961 5279 2052 5320 se-

349 5333 593 5385 cunt/um
625 5335 898 5404 Spiritum
919 5343 1368 5411 sanctiﬁcationis
1389 5364 1458 5403 ea:
1479 5355 1880 5408 resurrectione
1907 5371 2054 5410 mor-

354 5427 576 5514 tuorum
605 5425 700 5492 (Id.
735 5442 773 5493 1,
811 5429 939 5498 1ο4).
997 5433 1327 5493 Secundum
1381 5438 1527 5496 hanc
1578 5458 1712 5514 ergo
1755 5445 2052 5514 przedesti-

353 5509 644 5565 nationem
695 5517 866 5572 etiam
915 5519 1265 5582 clariﬁcatus
1303 5533 1390 5582 est
1439 5509 1770 5604 antequam-
1797 5536 2052 5590 mundus

349 5605 522 5663 esset,
557 5604 618 5654 ut
648 5609 800 5660 esset
849 5608 1082 5667 claritas
1113 5614 1238 5683 ejus
1271 5633 1336 5672 ex
1372 5622 1788 5681 resurrectione
1811 5629 2056 5683 mortuo-

1322 263 1398 320 ΙΝ
1441 264 1771 326 JOANNIS
1822 264 2359 334 EVANGELIUM,
2405 267 2470 325 S.
2519 265 2938 327 AUGUSTINI

3753 271 3898 332 1908

2190 416 2317 458 rum
2353 402 2507 474 apud
2559 404 2815 469 Patrem,
2862 401 2931 456 ad
2964 403 3135 474 cujus
3188 403 3485 459 dexteram
3527 402 3709 460 sedet.
3758 405 3893 460 Cum

2191 507 2327 563 ergo
2358 492 2578 548 videret
2624 491 2785 548 illius
2833 492 3258 563 praedestinatee
3305 510 3426 549 suae
3475 493 3902 552 clariﬁcationis

2190 580 2423 637 venisse
2441 582 2564 652 jam
2598 589 2848 652 tempus,
2881 587 2947 637 ut
2977 586 3033 638 et
3062 598 3220 638 nunc
3253 583 3414 639 ﬁeret
3461 584 3519 638 in
3554 584 3896 650 redditione,

2189 669 2340 740 quod
2372 670 2562 726 fuerat
2583 670 2642 726 in
2666 670 3314 742 praedestinationejam
3341 674 3585 740 factum,
3611 675 3794 730 oravit
3817 675 3897 729 di-

2189 773 2346 826 cens,
2379 762 2452 814 Et
2481 775 2628 815 nunc
2655 760 2900 831 clari/ica
2928 777 3012 816 me
3041 768 3125 828 tu,
3143 763 3326 830 Pater,
3357 762 3501 832 apud
3528 763 3899 836 temetipsum,

2188 849 2445 904 claritate
2482 865 2648 920 quam
2688 850 2884 918 habui,
2911 853 3248 922 priusquam
3277 852 3513 907 mundus
3561 861 3720 920 esset,
3751 855 3898 925 apud

2188 946 2280 993 te:
2315 943 2590 1010 tanquam
2621 939 2860 1009 diceret,
2890 939 3216 997 Claritatem
3240 959 3416 1014 quam
3439 943 3617 999 habui
3640 943 3795 1016 apud
3819 949 3894 1010 te,

2187 1026 2246 1082 id
2278 1032 2390 1094 est,
2421 1028 2585 1084 illam
2618 1029 2945 1087 claritatem
2977 1047 3156 1104 quam
3195 1031 3368 1088 habui
3401 1033 3553 1104 apud
3582 1036 3634 1089 te
3666 1033 3720 1088 in
3758 1051 3895 1106 prae-

2187 1116 2575 1175 destinatione
2596 1123 2718 1187 tua,
2742 1123 2976 1193 tempus
2999 1126 3088 1177 est
3112 1125 3174 1178 ut
3195 1122 3348 1194 apud
3375 1125 3430 1177 te
3451 1121 3694 1178 habeam
3717 1124 3892 1182 etiam

2189 1206 2388 1264 vivens
2419 1207 2477 1262 in
2510 1208 2748 1266 dextera
2778 1213 2897 1266 tua.
2943 1211 3051 1268 Sed
3104 1212 3383 1283 quoniam
3434 1211 3533 1267 diu
3567 1228 3671 1268 nos
3716 1215 3898 1270 lenuit

2187 1295 2368 1367 hujus
2398 1297 2685 1354 discussio
2716 1298 3076 1371 quaestionis,
3109 1299 3221 1357 alio
3253 1317 3382 1373 quas
3414 1309 3742 1374 sequuntur
3773 1318 3891 1358 ser-

2188 1403 2359 1444 mone
2390 1388 2698 1446 tractanda
2727 1393 2886 1446 sunt.

2743 1526 3169 1584 TRACTATUS
3217 1528 3332 1584 CVI
3345 1569 3359 1584 .

2184 1635 2260 1690 De
2287 1650 2348 1691 eo
2379 1635 2519 1707 quod
2566 1634 2834 1691 Dominus
2883 1636 3034 1706 dicit,
3071 1637 3434 1693 Manifestavi
3477 1656 3691 1697 nomen
3724 1646 3895 1698 tuum

2255 1724 2595 1783 hominibus
2623 1741 2638 1793 ;
2672 1741 2842 1796 usque
2862 1726 2932 1780 ad
2953 1726 3027 1786 id.
3061 1727 3122 1781 Et
3153 1729 3523 1785 crediderunt
3546 1731 3682 1802 quia
3711 1737 3773 1787 tu
3805 1750 3898 1787 me

2257 1812 2494 1870 misisti.
2530 1815 2663 1884 Cap.
2696 1831 2836 1882 xvii,
2869 1815 2923 1885 Ῡ.
2950 1817 3072 1871 6-8.

2258 1924 2304 1973 1.
2342 1920 2417 1975 De
2448 1919 2539 1976 his
2573 1919 2759 1976 verbis
2807 1921 3052 1992 Domini,
3085 1922 3236 1978 sicut
3267 1923 3388 1996 ipse
3419 1924 3737 2003 donaverit,
3771 1945 3897 1986 ser-

2183 2024 2350 2066 mone
2389 2010 2501 2066 isto
2556 2008 2912 2082 disputaturi
2961 2027 3187 2080 sumus,
3219 2030 3346 2086 qua:
3397 2014 3475 2070 ita
3521 2032 3584 2072 se
3630 2016 3892 2074 habent:

2179 2100 2524 2169 Manifestavi
2569 2115 2764 2156 nomen
2807 2109 2963 2156 tuum
3002 2101 3314 2159 hominibus
3343 2120 3473 2176 quos
3510 2104 3714 2162 dedisti
3745 2108 3891 2164 mihi

2177 2189 2242 2244 de
2270 2189 2491 2245 mundo.
2517 2189 2680 2256 Quod
2708 2189 2756 2245 si
2779 2190 2852 2246 de
2883 2189 2972 2248 his
2990 2195 3219 2248 tantum
3243 2192 3386 2250 dicit
3407 2195 3715 2268 discipulis
3747 2214 3882 2254 cum

2179 2278 2397 2350 quibus
2418 2279 2682 2346 canavit,
2711 2283 2766 2336 et
2791 2280 2862 2336 ad
2885 2297 3033 2353 quos
3053 2285 3371 2354 antequam
3394 2300 3558 2341 orare
3580 2285 3886 2359 inciperet,

2179 2371 2300 2424 tam
2333 2367 2516 2424 multa
2545 2367 2776 2426 loeutus
2792 2376 2914 2437 est;
2949 2387 3065 2427 non
3096 2371 3344 2442 pertinet
3374 2372 3482 2429 hoc
3504 2376 3567 2430 ad
3592 2374 3753 2432 illam
3773 2377 3893 2435 cla.

2179 2457 2587 2529 riticationem,
2620 2457 2742 2514 sive
2774 2463 2838 2515 ut
2869 2459 2966 2516 alii
3012 2459 3376 2533 interpretati
3410 2467 3566 2533 sunt,
3596 2465 3894 2538 gloriﬁca—

2177 2547 2417 2616 tionem,
2446 2548 2517 2604 de
2547 2564 2666 2620 qua
2695 2549 2960 2620 superius
2983 2549 3350 2622 loquebatur,
3383 2569 3500 2624 qua
3522 2552 3698 2610 Filius
3715 2555 3896 2613 clari-

2176 2637 2312 2692 ticat
2339 2636 2428 2692 vel
2459 2637 2745 2710 gloriﬁcat
2773 2642 3022 2695 Patrem.
3042 2640 3265 2704 Quanta
3284 2645 3375 2697 est
3394 2643 3548 2698 enim
3582 2642 3668 2698 vel
3692 2646 3892 2717 qualis

2175 2724 2379 2796 gloria,
2413 2726 2721 2784 duodecim
2744 2729 2827 2784 vel
2863 2729 3132 2786 undecim
3165 2731 3702 2802 potiusinuotuisse
3726 2751 3892 2793 mor-

2176 2815 2432 2872 talibus?
2461 2817 2519 2872 Si
2555 2825 2745 2874 autem
2779 2819 2928 2889 quod
2978 2819 3075 2887 ait,
3127 2821 3468 2892 Mani/estavi
3493 2838 3693 2881 nomen
3726 2830 3891 2882 tuum

2173 2905 2507 2974 hominibus,
2540 2923 2673 2978 quos
2701 2907 2898 2963 dedisti
2913 2910 3051 2964 mihi
3068 2908 3134 2964 de
3155 2911 3380 2980 mundo,
3403 2929 3608 2970 omnes
3629 2913 3888 2990 intelligi

2175 2993 2376 3060 voluit,
2411 2993 2582 3049 etiam
2616 2994 2716 3067 qui
2767 2995 2826 3050 in
2873 3012 3006 3052 eum
3058 2997 3287 3054 fuerant
3319 2999 3616 3070 credituri,
3649 3005 3722 3060 ad
3753 3005 3888 3076 eju

2174 3099 2449 3156 magnam
2483 3100 2608 3155 qua:
2629 3084 2824 3141 futura
2857 3092 2975 3141 erat
3006 3103 3072 3143 ex
3097 3088 3368 3146 omnibus
3395 3092 3668 3161 gentibus
3696 3095 3889 3151 Eccle-

2170 3175 2320 3229 siam
2354 3174 2722 3246 pertinentes,
2757 3175 2825 3230 de
2852 3193 2960 3247 qua
2992 3175 3049 3231 in
3073 3176 3303 3234 Psalmo
3333 3180 3582 3248 canitur,
3608 3184 3670 3237 lu
3707 3185 3890 3240 Εσσισι

2169 3265 2254 3317 sia
2284 3280 2486 3332 magna
2517 3263 2810 3334 conﬁtebor
2838 3265 2941 3320 tibi
2980 3265 3158 3337 (Psal.
3209 3284 3400 3337 xxxrv,
3435 3270 3555 3340 t8);
3591 3276 3679 3328 est
3710 3273 3886 3344 plane

2172 3352 2282 3408 ista
2311 3351 2648 3410 elarificatio
2671 3369 2788 3426 qua
2813 3353 2989 3410 Filius
3018 3355 3299 3414 clariﬁeat
3322 3358 3570 3429 Patrem,
3595 3379 3730 3418 cum
3749 3365 3884 3435 ejus

2172 3458 2383 3498 nomen
2417 3446 2620 3499 notum
2653 3443 2792 3498 facit
2821 3444 3096 3501 omnibus
3116 3447 3414 3518 gentibus,
3449 3455 3505 3505 et
3535 3455 3648 3507 tam
3677 3454 3886 3510 multis

2169 3533 2638 3607 generationibus
2686 3533 3006 3590 hominum.
3041 3535 3110 3592 Et
3157 3537 3269 3594 tale
3318 3539 3544 3597 esthoc
3590 3545 3745 3613 quod
3778 3545 3886 3612 ait,

2169 3623 2525 3694 Manifestavi
2551 3639 2748 3680 nomen
2777 3629 2939 3680 tuum
2979 3624 3310 3695 hominibus,
3343 3644 3474 3702 quos
3505 3630 3711 3688 dedisti
3741 3635 3885 3690 mihi

2171 3714 2241 3770 de
2269 3714 2494 3783 mundo,
2526 3713 2698 3787 quale
2728 3712 2871 3770 illud
2911 3716 3063 3788 quod
3096 3716 3273 3788 paulo
3320 3724 3452 3776 ante
3480 3721 3722 3789 dixerat,
3765 3727 3886 3794 Ego

2171 3810 2223 3860 te
2250 3805 2554 3874 clariﬁcavi
2575 3819 2745 3871 super
2760 3808 2968 3860 terram
2999 3805 3176 3876 (Joan.
3201 3823 3338 3878 xvu,
3367 3810 3418 3880 4)
3445 3830 3459 3880 ;
3493 3828 3596 3882 pro
3616 3817 3880 3883 tempore

2171 3895 2364 3948 futuro
2398 3898 2456 3949 et
2488 3891 2606 3948 illic
2637 3897 2694 3948 et
2715 3893 2810 3950 hic
2833 3894 3191 3965 praeteritum
3213 3913 3456 3968 ponens,
3479 3901 3630 3956 sicut
3650 3903 3750 3973 qui
3772 3905 3878 3960 sci-

2170 3989 2255 4039 ret
2278 3982 2750 4056 praedestinatum
2781 3999 2910 4040 esse
2939 3989 3004 4040 ut
3031 3984 3093 4040 id
3115 3985 3294 4055 ﬁeret,
3325 3992 3382 4044 et
3397 3988 3524 4047 ideo
3555 3990 3761 4050 iecisse
3783 3994 3881 4051 di-

2169 4090 2305 4130 cens
2337 4089 2396 4128 se
2429 4073 2585 4146 quod
2618 4079 2739 4130 erat
2766 4073 2892 4131 sine
2925 4073 3047 4131 ulla
3076 4076 3440 4134 dubitatione
3471 4079 3756 4139 facturus.

2238 4163 2288 4216 2.
2325 4162 2436 4219 Sed
2469 4163 2536 4219 de
2570 4162 2664 4219 his
2695 4163 2792 4233 qui
2818 4165 2936 4234 μω
2970 4169 3134 4222 erant
3168 4165 3438 4241 discipuli
3469 4170 3621 4241 ejus,
3657 4189 3774 4230 non
3808 4174 3879 4232 de

2169 4254 2438 4309 omnibus
2487 4254 2585 4325 qui
2619 4254 2678 4310 in
2717 4253 2884 4310 illum
2917 4257 3141 4313 fuerant
3171 4259 3446 4315 credituri
3490 4275 3624 4318 eum
3658 4263 3879 4323 dixisse

2167 4345 2322 4416 quod
2359 4344 2524 4412 dixit,
2556 4344 2907 4416 Manifestavi
2935 4362 3132 4404 nomen
3175 4354 3336 4405 tuum
3361 4351 3708 4420 hominibus,
3742 4373 3877 4428 quos

2164 4434 2369 4489 dedisti
2399 4435 2541 4490 mihi
2569 4434 2636 4488 de
2666 4435 2890 4504 mundo,
2914 4451 2976 4491 ea
2997 4454 3127 4509 quae
3153 4443 3502 4509 sequuntur,
3532 4443 3873 4502 credibilius

2167 4540 2291 4580 esse
2321 4524 2742 4580 demonstrant.
2777 4525 2917 4580 Cum
2946 4526 3100 4583 enim
3133 4527 3238 4583 hoc
3267 4527 3527 4596 dixisset,
3561 4531 3870 4603 adjuuxit:

2168 4614 2264 4668 Tui
2292 4617 2468 4681 erant,
2487 4621 2538 4668 et
2563 4614 2701 4668 mihi
2727 4629 2818 4670 eos
2847 4613 3062 4683 dedisti,
3085 4624 3137 4671 et
3163 4633 3472 4675 sermonem
3497 4630 3652 4676 tuum
3675 4638 3873 4681 serva-

2165 4708 2404 4760 verunt:
2437 4720 2583 4760 nunc
2601 4711 2962 4776 cognoverunt
2982 4709 3116 4778 quia
3132 4711 3318 4764 omnia
3339 4725 3463 4781 qua?
3482 4710 3690 4769 dedisti
3711 4717 3873 4784 mihi,

2165 4793 2258 4848 abs
2292 4798 2343 4848 te
2371 4803 2534 4856 sunt;
2573 4796 2704 4868 quia
2753 4795 2912 4852 verba
2944 4813 3064 4867 quae
3093 4797 3289 4855 dedisti
3316 4799 3478 4861 mihi,
3511 4800 3637 4857 dedi
3666 4805 3744 4858 eis
3774 4823 3795 4861 :
3824 4814 3875 4861 et

2165 4884 2272 4954 ipsi
2302 4892 2644 4956 acceperunt,
2675 4891 2727 4940 ct
2759 4894 3121 4956 cognoverunt
3163 4904 3286 4945 vere
3314 4889 3442 4962 quia
3475 4907 3507 4945 a
3541 4899 3592 4948 te
3618 4895 3793 4959 exivi,
3821 4900 3874 4951 et

2162 4975 2520 5030 crediderunt
2561 4977 2692 5047 quia
2743 4982 2804 5031 tu
2853 4992 2938 5032 me
2982 4978 3202 5033 misisti.
3257 4981 3599 5053 Quanquam
3650 4988 3707 5038 et
3751 4985 3873 5042 hec

2163 5064 2361 5120 omnia
2381 5065 2448 5121 de
2472 5065 2686 5124 futuris
2707 5066 2983 5123 omnibus
3006 5066 3276 5124 fidelibus
3299 5067 3410 5126 dici
3432 5074 3748 5142 potuerunt
3763 5091 3868 5147 spe

2154 5153 2278 5225 jam
2305 5154 2614 5226 perfecta‘,
2639 5172 2768 5212 cum
2790 5158 2980 5214 adhuc
3001 5163 3198 5215 essent
3220 5159 3414 5215 futura
3440 5178 3452 5216 :
3477 5162 3578 5217 sed
3601 5169 3661 5218 ut
3685 5165 3756 5220 de
3780 5166 3868 5222 his

2165 5242 2303 5299 solis
2323 5259 2463 5314 quos
2489 5248 2627 5302 tunc
2650 5245 2899 5303 habebat
2923 5247 3230 5320 discipulis
3250 5249 3371 5305 hinc
3395 5249 3552 5323 loqui
3577 5252 3868 5328 intelliga-

2161 5336 2274 5399 tur,
2309 5333 2450 5390 illud
2485 5335 2671 5408 magis
2695 5341 2860 5408 urget
2888 5339 3036 5409 quod
3063 5339 3236 5410 paulo
3260 5344 3388 5408 post
3409 5340 3508 5407 ait,
3539 5342 3675 5398 Cum
3697 5361 3865 5401 essem

2157 5438 2281 5478 cum
2295 5422 2491 5495 cis,ego
2503 5425 2788 5482 servabam
2805 5442 2896 5484 eos
2909 5428 2970 5482 in
2983 5427 3210 5482 nomine
3228 5432 3320 5485 tuo
3338 5446 3355 5482 :
3371 5445 3502 5501 quos
3514 5430 3714 5487 dedisti
3727 5435 3866 5491 mihi

2157 5514 2443 5582 custodiri,
2482 5522 2536 5570 et
2567 5531 2721 5572 nemo
2751 5532 2822 5571 ex
2849 5516 2930 5574 eis
2976 5517 3167 5590 periit,
3199 5520 3308 5575 nisi
3336 5521 3482 5588 ﬁlius
3518 5523 3862 5594 perditionis,

2239 5640 2254 5676 ι
2281 5637 2363 5688 Sic
2396 5642 2500 5689 tres
2529 5639 2651 5694 Mss.
2681 5642 2745 5694 At
2775 5645 2952 5695 ceteri
2984 5658 3102 5695 cum
3139 5645 3313 5700 editis,
3344 5645 3513 5709 specie
3535 5653 3785 5711 per/ecta.
