  <div class='ocr_page' id='page_1' title='image "/cluster/home/n/w/nwhite01/storage/ocr_20150623/35/hvd.32044054170956/304.png"; bbox 0 0 4164 6184; ppageno 0'>
   <div class='ocr_carea' id='block_1_1' title="bbox 289 249 440 309">
    <p class='ocr_par' dir='ltr' id='par_1_1' title="bbox 289 249 440 309">
     <span class='ocr_line' id='line_1_1' title="bbox 289 249 440 309; baseline 0.007 -1"><span class='ocrx_word' id='word_1_1' title='bbox 289 249 440 309; x_wconf 80' lang='grc'><strong>1909</strong></span> 
     </span>
    </p>
   </div>
   <div class='ocr_carea' id='block_1_2' title="bbox 280 378 1991 458">
    <p class='ocr_par' dir='ltr' id='par_1_2' title="bbox 280 378 1991 458">
     <span class='ocr_line' id='line_1_2' title="bbox 280 378 1991 458; baseline -0.004 -18"><span class='ocrx_word' id='word_1_2' title='bbox 280 391 339 440; x_wconf 87' lang='lat' dir='ltr'><strong>ut</strong></span> <span class='ocrx_word' id='word_1_3' title='bbox 360 384 647 458; x_wconf 77' lang='lat' dir='ltr'><strong>Scriptura</strong></span> <span class='ocrx_word' id='word_1_4' title='bbox 671 384 970 455; x_wconf 77' lang='lat' dir='ltr'><strong>impleatur</strong></span> <span class='ocrx_word' id='word_1_5' title='bbox 987 397 1008 444; x_wconf 88' lang='lat'><em>;</em></span> <span class='ocrx_word' id='word_1_6' title='bbox 1028 383 1061 437; x_wconf 92' lang='lat' dir='ltr'>J</span> <span class='ocrx_word' id='word_1_7' title='bbox 1067 381 1242 438; x_wconf 88' lang='lat' dir='ltr'><strong>udam</strong></span> <span class='ocrx_word' id='word_1_8' title='bbox 1267 381 1606 453; x_wconf 75' lang='lat' dir='ltr'><strong>significans</strong></span> <span class='ocrx_word' id='word_1_9' title='bbox 1627 381 1726 452; x_wconf 85' lang='lat' dir='ltr'><strong>qui</strong></span> <span class='ocrx_word' id='word_1_10' title='bbox 1749 378 1991 436; x_wconf 79' lang='lat' dir='ltr'><strong>tradidit</strong></span> 
     </span>
    </p>
   </div>
   <div class='ocr_carea' id='block_1_3' title="bbox 279 469 1991 546">
    <p class='ocr_par' dir='ltr' id='par_1_3' title="bbox 279 469 1991 546">
     <span class='ocr_line' id='line_1_3' title="bbox 279 469 1991 546; baseline -0.005 -15"><span class='ocrx_word' id='word_1_11' title='bbox 279 489 443 531; x_wconf 88' lang='lat' dir='ltr'><strong>cum:</strong></span> <span class='ocrx_word' id='word_1_12' title='bbox 468 491 538 531; x_wconf 87' lang='lat' dir='ltr'><strong>ex</strong></span> <span class='ocrx_word' id='word_1_13' title='bbox 559 475 670 531; x_wconf 88' lang='lat' dir='ltr'><strong>isto</strong></span> <span class='ocrx_word' id='word_1_14' title='bbox 692 474 910 546; x_wconf 85' lang='lat' dir='ltr'><strong>quippe</strong></span> <span class='ocrx_word' id='word_1_15' title='bbox 930 471 1289 529; x_wconf 87' lang='lat' dir='ltr'><strong>duodenario</strong></span> <span class='ocrx_word' id='word_1_16' title='bbox 1313 488 1557 528; x_wconf 90' lang='lat' dir='ltr'><strong>numero</strong></span> <span class='ocrx_word' id='word_1_17' title='bbox 1582 469 1991 543; x_wconf 79' lang='lat' dir='ltr'><strong>Apostolorum</strong></span> 
     </span>
    </p>
   </div>
   <div class='ocr_carea' id='block_1_4' title="bbox 282 561 1990 637">
    <p class='ocr_par' dir='ltr' id='par_1_4' title="bbox 282 561 1990 637">
     <span class='ocr_line' id='line_1_4' title="bbox 282 561 1990 637; baseline -0.004 -16"><span class='ocrx_word' id='word_1_18' title='bbox 282 565 440 622; x_wconf 87' lang='lat' dir='ltr'><strong>solus</strong></span> <span class='ocrx_word' id='word_1_19' title='bbox 471 564 662 637; x_wconf 88' lang='lat' dir='ltr'><strong>periit.</strong></span> <span class='ocrx_word' id='word_1_20' title='bbox 695 563 918 620; x_wconf 85' lang='lat' dir='ltr'><strong>Deinde</strong></span> <span class='ocrx_word' id='word_1_21' title='bbox 948 562 1256 634; x_wconf 88' lang='lat' dir='ltr'><strong>subjungit</strong></span> <span class='ocrx_word' id='word_1_22' title='bbox 1281 579 1292 616; x_wconf 94' lang='lat'>:</span> <span class='ocrx_word' id='word_1_23' title='bbox 1329 563 1484 618; x_wconf 85' lang='lat' dir='ltr'><strong>Nunc</strong></span> <span class='ocrx_word' id='word_1_24' title='bbox 1511 570 1700 617; x_wconf 84' lang='lat' dir='ltr'><strong>autem</strong></span> <span class='ocrx_word' id='word_1_25' title='bbox 1729 561 1798 616; x_wconf 88' lang='lat' dir='ltr'><strong>ad</strong></span> <span class='ocrx_word' id='word_1_26' title='bbox 1829 569 1882 617; x_wconf 81' lang='lat' dir='ltr'><strong>te</strong></span> <span class='ocrx_word' id='word_1_27' title='bbox 1908 575 1990 615; x_wconf 82' lang='lat' dir='ltr'><strong>ve-</strong></span> 
     </span>
    </p>
   </div>
   <div class='ocr_carea' id='block_1_5' title="bbox 281 651 1992 725">
    <p class='ocr_par' dir='ltr' id='par_1_5' title="bbox 281 651 1992 725">
     <span class='ocr_line' id='line_1_5' title="bbox 281 651 1992 725; baseline -0.001 -16"><span class='ocrx_word' id='word_1_28' title='bbox 281 655 393 711; x_wconf 80' lang='lat' dir='ltr'><strong>nio.</strong></span> <span class='ocrx_word' id='word_1_29' title='bbox 421 653 583 712; x_wconf 86' lang='lat' dir='ltr'>Unde</span> <span class='ocrx_word' id='word_1_30' title='bbox 601 654 982 712; x_wconf 84' lang='lat' dir='ltr'><strong>manifestum</strong></span> <span class='ocrx_word' id='word_1_31' title='bbox 1000 659 1084 708; x_wconf 89' lang='lat' dir='ltr'><strong>est</strong></span> <span class='ocrx_word' id='word_1_32' title='bbox 1102 668 1238 708; x_wconf 90' lang='lat' dir='ltr'><strong>eum</strong></span> <span class='ocrx_word' id='word_1_33' title='bbox 1253 653 1322 707; x_wconf 90' lang='lat' dir='ltr'><strong>de</strong></span> <span class='ocrx_word' id='word_1_34' title='bbox 1339 651 1627 725; x_wconf 84' lang='lat' dir='ltr'><strong>corporali</strong></span> <span class='ocrx_word' id='word_1_35' title='bbox 1646 668 1753 707; x_wconf 90' lang='lat' dir='ltr'><strong>sua</strong></span> <span class='ocrx_word' id='word_1_36' title='bbox 1776 651 1992 707; x_wconf 86' lang='lat' dir='ltr'><strong>dixisse</strong></span> 
     </span>
    </p>
   </div>
   <div class='ocr_carea' id='block_1_6' title="bbox 283 743 1992 817">
    <p class='ocr_par' dir='ltr' id='par_1_6' title="bbox 283 743 1992 817">
     <span class='ocr_line' id='line_1_6' title="bbox 283 743 1992 817; baseline -0.003 -16"><span class='ocrx_word' id='word_1_37' title='bbox 283 744 615 817; x_wconf 62' lang='lat' dir='ltr'><strong>praesentia,</strong></span> <span class='ocrx_word' id='word_1_38' title='bbox 659 745 798 799; x_wconf 85' lang='lat' dir='ltr'><strong>Cum</strong></span> <span class='ocrx_word' id='word_1_39' title='bbox 822 759 1001 800; x_wconf 84' lang='lat' dir='ltr'><strong>essem</strong></span> <span class='ocrx_word' id='word_1_40' title='bbox 1025 758 1152 798; x_wconf 81' lang='lat' dir='ltr'><strong>cum</strong></span> <span class='ocrx_word' id='word_1_41' title='bbox 1183 745 1281 808; x_wconf 83' lang='lat' dir='ltr'><strong>eis,</strong></span> <span class='ocrx_word' id='word_1_42' title='bbox 1321 759 1418 814; x_wconf 89' lang='lat' dir='ltr'><strong>ego</strong></span> <span class='ocrx_word' id='word_1_43' title='bbox 1449 743 1727 798; x_wconf 81' lang='lat' dir='ltr'><strong>servabam</strong></span> <span class='ocrx_word' id='word_1_44' title='bbox 1757 757 1863 806; x_wconf 85' lang='lat' dir='ltr'><strong>eos,</strong></span> <span class='ocrx_word' id='word_1_45' title='bbox 1897 756 1992 796; x_wconf 87' lang='lat' dir='ltr'><strong>ve-</strong></span> 
     </span>
    </p>
   </div>
   <div class='ocr_carea' id='block_1_7' title="bbox 282 831 1990 905">
    <p class='ocr_par' dir='ltr' id='par_1_7' title="bbox 282 831 1990 905">
     <span class='ocr_line' id='line_1_7' title="bbox 282 831 1990 905; baseline -0.002 -15"><span class='ocrx_word' id='word_1_46' title='bbox 282 835 388 890; x_wconf 89' lang='lat' dir='ltr'><strong>luti</strong></span> <span class='ocrx_word' id='word_1_47' title='bbox 417 835 542 905; x_wconf 91' lang='lat' dir='ltr'><strong>jam</strong></span> <span class='ocrx_word' id='word_1_48' title='bbox 593 850 727 889; x_wconf 90' lang='lat' dir='ltr'><strong>cum</strong></span> <span class='ocrx_word' id='word_1_49' title='bbox 774 833 860 888; x_wconf 88' lang='lat' dir='ltr'><strong>eis</strong></span> <span class='ocrx_word' id='word_1_50' title='bbox 897 850 963 888; x_wconf 88' lang='lat' dir='ltr'><strong>ea</strong></span> <span class='ocrx_word' id='word_1_51' title='bbox 997 833 1303 904; x_wconf 80' lang='lat' dir='ltr'><strong>praesentia</strong></span> <span class='ocrx_word' id='word_1_52' title='bbox 1336 848 1450 888; x_wconf 87' lang='lat' dir='ltr'><strong>non</strong></span> <span class='ocrx_word' id='word_1_53' title='bbox 1499 837 1674 888; x_wconf 84' lang='lat' dir='ltr'><strong>esset.</strong></span> <span class='ocrx_word' id='word_1_54' title='bbox 1708 832 1786 884; x_wconf 82' lang='lat' dir='ltr'><strong>Eo</strong></span> <span class='ocrx_word' id='word_1_55' title='bbox 1821 831 1990 886; x_wconf 88' lang='lat' dir='ltr'><strong>modo</strong></span> 
     </span>
    </p>
   </div>
   <div class='ocr_carea' id='block_1_8' title="bbox 280 921 1995 997">
    <p class='ocr_par' dir='ltr' id='par_1_8' title="bbox 280 921 1995 997">
     <span class='ocr_line' id='line_1_8' title="bbox 280 921 1995 997; baseline -0.004 -17"><span class='ocrx_word' id='word_1_56' title='bbox 280 923 440 980; x_wconf 86' lang='lat' dir='ltr'><strong>enim</strong></span> <span class='ocrx_word' id='word_1_57' title='bbox 471 923 802 997; x_wconf 79' lang='lat' dir='ltr'><strong>signiﬁcare</strong></span> <span class='ocrx_word' id='word_1_58' title='bbox 833 923 1016 979; x_wconf 89' lang='lat' dir='ltr'><strong>voluit</strong></span> <span class='ocrx_word' id='word_1_59' title='bbox 1047 922 1449 978; x_wconf 87' lang='lat' dir='ltr'><strong>ascensionem</strong></span> <span class='ocrx_word' id='word_1_60' title='bbox 1485 937 1646 976; x_wconf 86' lang='lat' dir='ltr'><strong>suam</strong></span> <span class='ocrx_word' id='word_1_61' title='bbox 1683 937 1811 976; x_wconf 84' lang='lat' dir='ltr'><strong>mox</strong></span> <span class='ocrx_word' id='word_1_62' title='bbox 1847 921 1995 974; x_wconf 86' lang='lat' dir='ltr'><strong>futu-</strong></span> 
     </span>
    </p>
   </div>
   <div class='ocr_carea' id='block_1_9' title="bbox 282 1009 1994 1085">
    <p class='ocr_par' dir='ltr' id='par_1_9' title="bbox 282 1009 1994 1085">
     <span class='ocr_line' id='line_1_9' title="bbox 282 1009 1994 1085; baseline -0.004 -16"><span class='ocrx_word' id='word_1_63' title='bbox 282 1029 429 1080; x_wconf 87' lang='lat' dir='ltr'><strong>ram,</strong></span> <span class='ocrx_word' id='word_1_64' title='bbox 466 1014 538 1070; x_wconf 90' lang='lat' dir='ltr'><strong>de</strong></span> <span class='ocrx_word' id='word_1_65' title='bbox 569 1030 688 1085; x_wconf 91' lang='lat' dir='ltr'><strong>qua</strong></span> <span class='ocrx_word' id='word_1_66' title='bbox 735 1012 902 1083; x_wconf 84' lang='lat' dir='ltr'><strong>dixit,</strong></span> <span class='ocrx_word' id='word_1_67' title='bbox 936 1016 1094 1069; x_wconf 83' lang='lat' dir='ltr'><strong>Nunc</strong></span> <span class='ocrx_word' id='word_1_68' title='bbox 1140 1019 1326 1068; x_wconf 85' lang='lat' dir='ltr'><strong>autem</strong></span> <span class='ocrx_word' id='word_1_69' title='bbox 1373 1011 1443 1066; x_wconf 81' lang='lat' dir='ltr'><strong>ad</strong></span> <span class='ocrx_word' id='word_1_70' title='bbox 1476 1019 1527 1066; x_wconf 88' lang='lat' dir='ltr'><strong>te</strong></span> <span class='ocrx_word' id='word_1_71' title='bbox 1555 1012 1713 1066; x_wconf 86' lang='lat' dir='ltr'><strong>venio</strong></span> <span class='ocrx_word' id='word_1_72' title='bbox 1737 1029 1753 1064; x_wconf 91' lang='lat'><strong><em>:</em></strong></span> <span class='ocrx_word' id='word_1_73' title='bbox 1805 1009 1994 1064; x_wconf 90' lang='lat' dir='ltr'><strong>iturus</strong></span> 
     </span>
    </p>
   </div>
   <div class='ocr_carea' id='block_1_10' title="bbox 285 1098 1989 1175">
    <p class='ocr_par' dir='ltr' id='par_1_10' title="bbox 285 1098 1989 1175">
     <span class='ocr_line' id='line_1_10' title="bbox 285 1098 1989 1175; baseline -0.003 -18"><span class='ocrx_word' id='word_1_74' title='bbox 285 1105 491 1175; x_wconf 90' lang='lat' dir='ltr'><strong>utique</strong></span> <span class='ocrx_word' id='word_1_75' title='bbox 540 1104 611 1159; x_wconf 84' lang='lat' dir='ltr'><strong>ad</strong></span> <span class='ocrx_word' id='word_1_76' title='bbox 657 1104 948 1159; x_wconf 75' lang='lat' dir='ltr'><strong>dexteram</strong></span> <span class='ocrx_word' id='word_1_77' title='bbox 1000 1101 1187 1158; x_wconf 83' lang='lat' dir='ltr'><strong>Patris</strong></span> <span class='ocrx_word' id='word_1_78' title='bbox 1225 1119 1240 1168; x_wconf 72' lang='grc' dir='ltr'>ς</span> <span class='ocrx_word' id='word_1_79' title='bbox 1289 1103 1441 1156; x_wconf 87' lang='lat' dir='ltr'><strong>unde</strong></span> <span class='ocrx_word' id='word_1_80' title='bbox 1486 1106 1763 1156; x_wconf 91' lang='lat' dir='ltr'><strong>venturus</strong></span> <span class='ocrx_word' id='word_1_81' title='bbox 1803 1103 1887 1154; x_wconf 85' lang='lat' dir='ltr'><strong>est</strong></span> <span class='ocrx_word' id='word_1_82' title='bbox 1917 1098 1989 1153; x_wconf 92' lang='lat' dir='ltr'><strong>ad</strong></span> 
     </span>
    </p>
   </div>
   <div class='ocr_carea' id='block_1_11' title="bbox 282 1190 1989 1263">
    <p class='ocr_par' dir='ltr' id='par_1_11' title="bbox 282 1190 1989 1263">
     <span class='ocr_line' id='line_1_11' title="bbox 282 1190 1989 1263; baseline 0 -18"><span class='ocrx_word' id='word_1_83' title='bbox 282 1194 448 1250; x_wconf 87' lang='lat' dir='ltr'><strong>vivos</strong></span> <span class='ocrx_word' id='word_1_84' title='bbox 477 1197 536 1249; x_wconf 89' lang='lat' dir='ltr'><strong>et</strong></span> <span class='ocrx_word' id='word_1_85' title='bbox 566 1197 827 1248; x_wconf 89' lang='lat' dir='ltr'><strong>mortuos</strong></span> <span class='ocrx_word' id='word_1_86' title='bbox 852 1192 1200 1263; x_wconf 74' lang='lat' dir='ltr'><strong>iudicandos</strong></span> <span class='ocrx_word' id='word_1_87' title='bbox 1223 1191 1526 1262; x_wconf 65' lang='lat' dir='ltr'><strong>presentia</strong></span> <span class='ocrx_word' id='word_1_88' title='bbox 1556 1190 1759 1246; x_wconf 79' lang='lat' dir='ltr'><strong>itidem</strong></span> <span class='ocrx_word' id='word_1_89' title='bbox 1796 1205 1989 1261; x_wconf 81' lang='lat' dir='ltr'><strong>corpo-</strong></span> 
     </span>
    </p>
   </div>
   <div class='ocr_carea' id='block_1_12' title="bbox 283 1278 1987 1352">
    <p class='ocr_par' dir='ltr' id='par_1_12' title="bbox 283 1278 1987 1352">
     <span class='ocr_line' id='line_1_12' title="bbox 283 1278 1987 1352; baseline -0.002 -16"><span class='ocrx_word' id='word_1_90' title='bbox 283 1281 414 1349; x_wconf 86' lang='lat' dir='ltr'><strong>rati,</strong></span> <span class='ocrx_word' id='word_1_91' title='bbox 457 1281 779 1338; x_wconf 87' lang='lat' dir='ltr'><strong>secundum</strong></span> <span class='ocrx_word' id='word_1_92' title='bbox 809 1281 942 1336; x_wconf 89' lang='lat' dir='ltr'><strong>ﬁdei</strong></span> <span class='ocrx_word' id='word_1_93' title='bbox 975 1280 1233 1352; x_wconf 89' lang='lat' dir='ltr'><strong>regulam</strong></span> <span class='ocrx_word' id='word_1_94' title='bbox 1273 1296 1597 1352; x_wconf 87' lang='lat' dir='ltr'><strong>sanamque</strong></span> <span class='ocrx_word' id='word_1_95' title='bbox 1627 1278 1987 1336; x_wconf 75' lang='lat' dir='ltr'><strong>doctrinam:</strong></span> 
     </span>
    </p>
   </div>
   <div class='ocr_carea' id='block_1_13' title="bbox 280 1367 1991 1443">
    <p class='ocr_par' dir='ltr' id='par_1_13' title="bbox 280 1367 1991 1443">
     <span class='ocr_line' id='line_1_13' title="bbox 280 1367 1991 1443; baseline -0.004 -16"><span class='ocrx_word' id='word_1_96' title='bbox 280 1389 418 1428; x_wconf 88' lang='lat' dir='ltr'><strong>nam</strong></span> <span class='ocrx_word' id='word_1_97' title='bbox 471 1371 780 1443; x_wconf 70' lang='lat' dir='ltr'><strong>praesentia</strong></span> <span class='ocrx_word' id='word_1_98' title='bbox 820 1369 1111 1442; x_wconf 88' lang='lat' dir='ltr'><strong>spirituali</strong></span> <span class='ocrx_word' id='word_1_99' title='bbox 1155 1385 1291 1424; x_wconf 89' lang='lat' dir='ltr'><strong>cum</strong></span> <span class='ocrx_word' id='word_1_100' title='bbox 1341 1371 1426 1424; x_wconf 90' lang='lat' dir='ltr'><strong>eis</strong></span> <span class='ocrx_word' id='word_1_101' title='bbox 1480 1375 1607 1425; x_wconf 89' lang='lat' dir='ltr'><strong>erat</strong></span> <span class='ocrx_word' id='word_1_102' title='bbox 1657 1368 1856 1438; x_wconf 93' lang='lat' dir='ltr'><strong>utique</strong></span> <span class='ocrx_word' id='word_1_103' title='bbox 1902 1367 1991 1422; x_wconf 89' lang='lat' dir='ltr'><strong>fu-</strong></span> 
     </span>
    </p>
   </div>
   <div class='ocr_carea' id='block_1_14' title="bbox 280 1457 1992 1531">
    <p class='ocr_par' dir='ltr' id='par_1_14' title="bbox 280 1457 1992 1531">
     <span class='ocr_line' id='line_1_14' title="bbox 280 1457 1992 1531; baseline -0.003 -14"><span class='ocrx_word' id='word_1_104' title='bbox 280 1468 454 1518; x_wconf 89' lang='lat' dir='ltr'><strong>turus</strong></span> <span class='ocrx_word' id='word_1_105' title='bbox 487 1471 615 1531; x_wconf 86' lang='lat' dir='ltr'><strong>post</strong></span> <span class='ocrx_word' id='word_1_106' title='bbox 661 1461 1060 1516; x_wconf 86' lang='lat' dir='ltr'><strong>ascensionem</strong></span> <span class='ocrx_word' id='word_1_107' title='bbox 1095 1476 1287 1528; x_wconf 88' lang='lat' dir='ltr'><strong>suam,</strong></span> <span class='ocrx_word' id='word_1_108' title='bbox 1329 1465 1385 1516; x_wconf 90' lang='lat' dir='ltr'><strong>et</strong></span> <span class='ocrx_word' id='word_1_109' title='bbox 1416 1476 1550 1515; x_wconf 88' lang='lat' dir='ltr'><strong>cum</strong></span> <span class='ocrx_word' id='word_1_110' title='bbox 1582 1463 1703 1516; x_wconf 88' lang='lat' dir='ltr'><strong>tota</strong></span> <span class='ocrx_word' id='word_1_111' title='bbox 1733 1457 1992 1514; x_wconf 82' lang='lat' dir='ltr'><strong>Ecclesia</strong></span> 
     </span>
    </p>
   </div>
   <div class='ocr_carea' id='block_1_15' title="bbox 280 1545 1992 1620">
    <p class='ocr_par' dir='ltr' id='par_1_15' title="bbox 280 1545 1992 1620">
     <span class='ocr_line' id='line_1_15' title="bbox 280 1545 1992 1620; baseline -0.004 -14"><span class='ocrx_word' id='word_1_112' title='bbox 280 1568 392 1606; x_wconf 88' lang='lat' dir='ltr'><strong>sua</strong></span> <span class='ocrx_word' id='word_1_113' title='bbox 423 1550 481 1605; x_wconf 92' lang='lat' dir='ltr'><strong>in</strong></span> <span class='ocrx_word' id='word_1_114' title='bbox 515 1550 624 1606; x_wconf 89' lang='lat' dir='ltr'><strong>hoc</strong></span> <span class='ocrx_word' id='word_1_115' title='bbox 647 1551 868 1605; x_wconf 88' lang='lat' dir='ltr'><strong>mundo</strong></span> <span class='ocrx_word' id='word_1_116' title='bbox 900 1566 1090 1620; x_wconf 90' lang='lat' dir='ltr'><strong>usque</strong></span> <span class='ocrx_word' id='word_1_117' title='bbox 1116 1549 1172 1604; x_wconf 89' lang='lat' dir='ltr'><strong>in</strong></span> <span class='ocrx_word' id='word_1_118' title='bbox 1196 1548 1764 1604; x_wconf 77' lang='lat' dir='ltr'><strong>consummationem</strong></span> <span class='ocrx_word' id='word_1_119' title='bbox 1795 1545 1992 1603; x_wconf 63' lang='lat' dir='ltr'><strong>saeculi</strong></span> 
     </span>
    </p>
   </div>
   <div class='ocr_carea' id='block_1_16' title="bbox 281 1636 1994 1712">
    <p class='ocr_par' dir='ltr' id='par_1_16' title="bbox 281 1636 1994 1712">
     <span class='ocr_line' id='line_1_16' title="bbox 281 1636 1994 1712; baseline -0.001 -21"><span class='ocrx_word' id='word_1_120' title='bbox 281 1640 504 1712; x_wconf 68' lang='lat' dir='ltr'><strong>(Matth.</strong></span> <span class='ocrx_word' id='word_1_121' title='bbox 529 1655 724 1705; x_wconf 80' lang='lat' dir='ltr'><strong>xxvm,</strong></span> <span class='ocrx_word' id='word_1_122' title='bbox 756 1639 869 1709; x_wconf 82' lang='lat'><strong>20).</strong></span> <span class='ocrx_word' id='word_1_123' title='bbox 913 1640 1032 1693; x_wconf 83' lang='lat' dir='ltr'><strong>Non</strong></span> <span class='ocrx_word' id='word_1_124' title='bbox 1068 1638 1262 1709; x_wconf 89' lang='lat' dir='ltr'><strong>itaque</strong></span> <span class='ocrx_word' id='word_1_125' title='bbox 1300 1642 1455 1693; x_wconf 86' lang='lat' dir='ltr'><strong>recte</strong></span> <span class='ocrx_word' id='word_1_126' title='bbox 1485 1637 1894 1710; x_wconf 83' lang='lat' dir='ltr'><strong>intelliguntur</strong></span> <span class='ocrx_word' id='word_1_127' title='bbox 1924 1636 1994 1690; x_wconf 91' lang='lat' dir='ltr'><strong>dc</strong></span> 
     </span>
    </p>
   </div>
   <div class='ocr_carea' id='block_1_17' title="bbox 279 1727 1996 1801">
    <p class='ocr_par' dir='ltr' id='par_1_17' title="bbox 279 1727 1996 1801">
     <span class='ocr_line' id='line_1_17' title="bbox 279 1727 1996 1801; baseline -0.005 -13"><span class='ocrx_word' id='word_1_128' title='bbox 279 1732 503 1801; x_wconf 83' lang='lat' dir='ltr'><strong>quibus</strong></span> <span class='ocrx_word' id='word_1_129' title='bbox 532 1732 758 1797; x_wconf 82' lang='lat' dir='ltr'><strong>dixerit,</strong></span> <span class='ocrx_word' id='word_1_130' title='bbox 787 1731 921 1784; x_wconf 85' lang='lat' dir='ltr'><strong>Cum</strong></span> <span class='ocrx_word' id='word_1_131' title='bbox 944 1745 1115 1785; x_wconf 85' lang='lat' dir='ltr'><strong>essem</strong></span> <span class='ocrx_word' id='word_1_132' title='bbox 1135 1745 1256 1783; x_wconf 87' lang='lat' dir='ltr'><strong>cum</strong></span> <span class='ocrx_word' id='word_1_133' title='bbox 1290 1732 1384 1793; x_wconf 81' lang='lat' dir='ltr'><strong>eis,</strong></span> <span class='ocrx_word' id='word_1_134' title='bbox 1414 1744 1508 1800; x_wconf 89' lang='lat' dir='ltr'><strong>ego</strong></span> <span class='ocrx_word' id='word_1_135' title='bbox 1536 1730 1821 1784; x_wconf 85' lang='lat' dir='ltr'><strong>servabam</strong></span> <span class='ocrx_word' id='word_1_136' title='bbox 1853 1727 1996 1793; x_wconf 85' lang='lat' dir='ltr'><strong>illos,</strong></span> 
     </span>
    </p>
   </div>
   <div class='ocr_carea' id='block_1_18' title="bbox 284 1814 1998 1888">
    <p class='ocr_par' dir='ltr' id='par_1_18' title="bbox 284 1814 1998 1888">
     <span class='ocr_line' id='line_1_18' title="bbox 284 1814 1998 1888; baseline -0.002 -16"><span class='ocrx_word' id='word_1_137' title='bbox 284 1818 398 1873; x_wconf 89' lang='lat' dir='ltr'><strong>nisi</strong></span> <span class='ocrx_word' id='word_1_138' title='bbox 434 1818 492 1874; x_wconf 90' lang='lat' dir='ltr'><strong>hi</strong></span> <span class='ocrx_word' id='word_1_139' title='bbox 522 1833 667 1888; x_wconf 89' lang='lat' dir='ltr'><strong>quos</strong></span> <span class='ocrx_word' id='word_1_140' title='bbox 697 1817 754 1870; x_wconf 91' lang='lat' dir='ltr'><strong>in</strong></span> <span class='ocrx_word' id='word_1_141' title='bbox 787 1831 848 1872; x_wconf 91' lang='lat' dir='ltr'><strong>se</strong></span> <span class='ocrx_word' id='word_1_142' title='bbox 881 1815 1181 1871; x_wconf 88' lang='lat' dir='ltr'><strong>credentes</strong></span> <span class='ocrx_word' id='word_1_143' title='bbox 1203 1814 1564 1883; x_wconf 84' lang='lat' dir='ltr'><strong>servarejam</strong></span> <span class='ocrx_word' id='word_1_144' title='bbox 1590 1821 1838 1884; x_wconf 62' lang='lat' dir='ltr'><strong>coeperat</strong></span> <span class='ocrx_word' id='word_1_145' title='bbox 1861 1831 1998 1886; x_wconf 71' lang='lat' dir='ltr'><strong>prae-</strong></span> 
     </span>
    </p>
   </div>
   <div class='ocr_carea' id='block_1_19' title="bbox 278 1903 1999 1977">
    <p class='ocr_par' dir='ltr' id='par_1_19' title="bbox 278 1903 1999 1977">
     <span class='ocr_line' id='line_1_19' title="bbox 278 1903 1999 1977; baseline -0.002 -14"><span class='ocrx_word' id='word_1_146' title='bbox 278 1907 473 1963; x_wconf 89' lang='lat' dir='ltr'><strong>sentia</strong></span> <span class='ocrx_word' id='word_1_147' title='bbox 522 1905 821 1977; x_wconf 82' lang='lat' dir='ltr'><strong>corporali,</strong></span> <span class='ocrx_word' id='word_1_148' title='bbox 864 1912 918 1960; x_wconf 90' lang='lat' dir='ltr'><strong>et</strong></span> <span class='ocrx_word' id='word_1_149' title='bbox 947 1921 1094 1976; x_wconf 90' lang='lat' dir='ltr'><strong>quos</strong></span> <span class='ocrx_word' id='word_1_150' title='bbox 1145 1903 1448 1959; x_wconf 84' lang='lat' dir='ltr'><strong>relicturus</strong></span> <span class='ocrx_word' id='word_1_151' title='bbox 1502 1905 1688 1958; x_wconf 83' lang='lat' dir='ltr'><strong>fuerat</strong></span> <span class='ocrx_word' id='word_1_152' title='bbox 1737 1904 1999 1959; x_wconf 84' lang='lat' dir='ltr'><strong>absentia</strong></span> 
     </span>
    </p>
   </div>
   <div class='ocr_carea' id='block_1_20' title="bbox 281 1992 2001 2068">
    <p class='ocr_par' dir='ltr' id='par_1_20' title="bbox 281 1992 2001 2068">
     <span class='ocr_line' id='line_1_20' title="bbox 281 1992 2001 2068; baseline -0.003 -16"><span class='ocrx_word' id='word_1_153' title='bbox 281 1995 601 2068; x_wconf 88' lang='lat' dir='ltr'><strong>corporali,</strong></span> <span class='ocrx_word' id='word_1_154' title='bbox 635 2005 694 2050; x_wconf 90' lang='lat' dir='ltr'><strong>ut</strong></span> <span class='ocrx_word' id='word_1_155' title='bbox 726 2011 824 2050; x_wconf 86' lang='lat' dir='ltr'><strong>eos</strong></span> <span class='ocrx_word' id='word_1_156' title='bbox 856 2010 989 2050; x_wconf 90' lang='lat' dir='ltr'><strong>cum</strong></span> <span class='ocrx_word' id='word_1_157' title='bbox 1013 1997 1182 2050; x_wconf 81' lang='lat' dir='ltr'><strong>Patre</strong></span> <span class='ocrx_word' id='word_1_158' title='bbox 1213 1997 1472 2048; x_wconf 82' lang='lat' dir='ltr'><strong>servaret</strong></span> <span class='ocrx_word' id='word_1_159' title='bbox 1495 1993 1801 2064; x_wconf 69' lang='lat' dir='ltr'><strong>praesentia</strong></span> <span class='ocrx_word' id='word_1_160' title='bbox 1831 1992 2001 2063; x_wconf 87' lang='lat' dir='ltr'><strong>spiri-</strong></span> 
     </span>
    </p>
   </div>
   <div class='ocr_carea' id='block_1_21' title="bbox 279 2081 1994 2154">
    <p class='ocr_par' dir='ltr' id='par_1_21' title="bbox 279 2081 1994 2154">
     <span class='ocr_line' id='line_1_21' title="bbox 279 2081 1994 2154; baseline -0.004 -13"><span class='ocrx_word' id='word_1_161' title='bbox 279 2085 446 2142; x_wconf 88' lang='lat' dir='ltr'><strong>tuali.</strong></span> <span class='ocrx_word' id='word_1_162' title='bbox 483 2086 622 2139; x_wconf 82' lang='lat' dir='ltr'><strong>Post</strong></span> <span class='ocrx_word' id='word_1_163' title='bbox 651 2099 781 2139; x_wconf 86' lang='lat' dir='ltr'><strong>vero</strong></span> <span class='ocrx_word' id='word_1_164' title='bbox 815 2083 1086 2154; x_wconf 85' lang='lat' dir='ltr'><strong>adjungit</strong></span> <span class='ocrx_word' id='word_1_165' title='bbox 1113 2087 1168 2138; x_wconf 92' lang='lat' dir='ltr'><strong>et</strong></span> <span class='ocrx_word' id='word_1_166' title='bbox 1200 2090 1430 2137; x_wconf 63' lang='lat' dir='ltr'><strong>caeteros</strong></span> <span class='ocrx_word' id='word_1_167' title='bbox 1477 2099 1638 2147; x_wconf 87' lang='lat' dir='ltr'><strong>suos,</strong></span> <span class='ocrx_word' id='word_1_168' title='bbox 1675 2082 1772 2135; x_wconf 88' lang='lat' dir='ltr'><strong>ubi</strong></span> <span class='ocrx_word' id='word_1_169' title='bbox 1807 2081 1948 2136; x_wconf 82' lang='lat' dir='ltr'><strong>dicit</strong></span> <span class='ocrx_word' id='word_1_170' title='bbox 1982 2097 1994 2134; x_wconf 89' lang='lat'><strong>:</strong></span> 
     </span>
    </p>
   </div>
   <div class='ocr_carea' id='block_1_22' title="bbox 274 2170 1995 2243">
    <p class='ocr_par' dir='ltr' id='par_1_22' title="bbox 274 2170 1995 2243">
     <span class='ocr_line' id='line_1_22' title="bbox 274 2170 1995 2243; baseline -0.002 -14"><span class='ocrx_word' id='word_1_171' title='bbox 274 2176 398 2230; x_wconf 74' lang='lat' dir='ltr'><strong>Non</strong></span> <span class='ocrx_word' id='word_1_172' title='bbox 427 2189 527 2243; x_wconf 89' lang='lat' dir='ltr'><strong>pro</strong></span> <span class='ocrx_word' id='word_1_173' title='bbox 561 2171 644 2226; x_wconf 87' lang='lat' dir='ltr'><strong>his</strong></span> <span class='ocrx_word' id='word_1_174' title='bbox 674 2178 853 2226; x_wconf 87' lang='lat' dir='ltr'><strong>autem</strong></span> <span class='ocrx_word' id='word_1_175' title='bbox 885 2186 1012 2240; x_wconf 83' lang='lat' dir='ltr'><strong>rogo</strong></span> <span class='ocrx_word' id='word_1_176' title='bbox 1036 2177 1277 2239; x_wconf 85' lang='lat' dir='ltr'><strong>tantum,</strong></span> <span class='ocrx_word' id='word_1_177' title='bbox 1300 2170 1392 2226; x_wconf 84' lang='lat' dir='ltr'><strong>sed</strong></span> <span class='ocrx_word' id='word_1_178' title='bbox 1426 2178 1476 2226; x_wconf 89' lang='lat' dir='ltr'><strong>et</strong></span> <span class='ocrx_word' id='word_1_179' title='bbox 1506 2186 1610 2240; x_wconf 88' lang='lat' dir='ltr'><strong>pro</strong></span> <span class='ocrx_word' id='word_1_180' title='bbox 1641 2170 1724 2225; x_wconf 88' lang='lat' dir='ltr'><strong>his</strong></span> <span class='ocrx_word' id='word_1_181' title='bbox 1755 2173 1849 2241; x_wconf 87' lang='lat' dir='ltr'><strong>qui</strong></span> <span class='ocrx_word' id='word_1_182' title='bbox 1877 2185 1995 2226; x_wconf 86' lang='lat' dir='ltr'><strong>cre-</strong></span> 
     </span>
    </p>
   </div>
   <div class='ocr_carea' id='block_1_23' title="bbox 278 2260 1999 2333">
    <p class='ocr_par' dir='ltr' id='par_1_23' title="bbox 278 2260 1999 2333">
     <span class='ocr_line' id='line_1_23' title="bbox 278 2260 1999 2333; baseline -0.003 -14"><span class='ocrx_word' id='word_1_183' title='bbox 278 2265 460 2319; x_wconf 85' lang='lat' dir='ltr'><strong>dituri</strong></span> <span class='ocrx_word' id='word_1_184' title='bbox 487 2269 618 2317; x_wconf 84' lang='lat' dir='ltr'><strong>sunt</strong></span> <span class='ocrx_word' id='word_1_185' title='bbox 637 2277 736 2333; x_wconf 86' lang='lat' dir='ltr'><strong>per</strong></span> <span class='ocrx_word' id='word_1_186' title='bbox 767 2261 994 2317; x_wconf 81' lang='lat' dir='ltr'><strong>verbum</strong></span> <span class='ocrx_word' id='word_1_187' title='bbox 1033 2276 1223 2316; x_wconf 89' lang='lat' dir='ltr'><strong>eorum</strong></span> <span class='ocrx_word' id='word_1_188' title='bbox 1254 2264 1308 2314; x_wconf 83' lang='lat' dir='ltr'><strong>in</strong></span> <span class='ocrx_word' id='word_1_189' title='bbox 1341 2277 1445 2315; x_wconf 87' lang='lat' dir='ltr'><strong>me.</strong></span> <span class='ocrx_word' id='word_1_190' title='bbox 1491 2260 1597 2316; x_wconf 91' lang='lat' dir='ltr'><strong>Ubi</strong></span> <span class='ocrx_word' id='word_1_191' title='bbox 1634 2260 1999 2316; x_wconf 84' lang='lat' dir='ltr'><strong>manifestius</strong></span> 
     </span>
    </p>
   </div>
   <div class='ocr_carea' id='block_1_24' title="bbox 280 2349 2000 2423">
    <p class='ocr_par' dir='ltr' id='par_1_24' title="bbox 280 2349 2000 2423">
     <span class='ocr_line' id='line_1_24' title="bbox 280 2349 2000 2423; baseline -0.002 -15"><span class='ocrx_word' id='word_1_192' title='bbox 280 2351 548 2408; x_wconf 87' lang='lat' dir='ltr'><strong>ostendit</strong></span> <span class='ocrx_word' id='word_1_193' title='bbox 571 2351 720 2423; x_wconf 91' lang='lat' dir='ltr'><strong>quod</strong></span> <span class='ocrx_word' id='word_1_194' title='bbox 755 2367 869 2406; x_wconf 91' lang='lat' dir='ltr'><strong>non</strong></span> <span class='ocrx_word' id='word_1_195' title='bbox 902 2351 971 2406; x_wconf 91' lang='lat' dir='ltr'><strong>de</strong></span> <span class='ocrx_word' id='word_1_196' title='bbox 999 2349 1276 2407; x_wconf 88' lang='lat' dir='ltr'><strong>omnibus</strong></span> <span class='ocrx_word' id='word_1_197' title='bbox 1305 2351 1373 2404; x_wconf 88' lang='lat' dir='ltr'><strong>ad</strong></span> <span class='ocrx_word' id='word_1_198' title='bbox 1415 2365 1546 2404; x_wconf 86' lang='lat' dir='ltr'><strong>eum</strong></span> <span class='ocrx_word' id='word_1_199' title='bbox 1584 2349 2000 2419; x_wconf 82' lang='lat' dir='ltr'><strong>pertinentibus</strong></span> 
     </span>
    </p>
   </div>
   <div class='ocr_carea' id='block_1_25' title="bbox 281 2439 2002 2514">
    <p class='ocr_par' dir='ltr' id='par_1_25' title="bbox 281 2439 2002 2514">
     <span class='ocr_line' id='line_1_25' title="bbox 281 2439 2002 2514; baseline -0.004 -14"><span class='ocrx_word' id='word_1_200' title='bbox 281 2442 563 2514; x_wconf 69' lang='lat' dir='ltr'><strong>superius</strong></span> <span class='ocrx_word' id='word_1_201' title='bbox 612 2440 970 2513; x_wconf 87' lang='lat' dir='ltr'><strong>loqueretur,</strong></span> <span class='ocrx_word' id='word_1_202' title='bbox 1023 2441 1095 2495; x_wconf 91' lang='lat' dir='ltr'><strong>ab</strong></span> <span class='ocrx_word' id='word_1_203' title='bbox 1127 2455 1193 2494; x_wconf 92' lang='lat' dir='ltr'><strong>eo</strong></span> <span class='ocrx_word' id='word_1_204' title='bbox 1237 2439 1360 2496; x_wconf 89' lang='lat' dir='ltr'><strong>loco</strong></span> <span class='ocrx_word' id='word_1_205' title='bbox 1395 2440 1490 2494; x_wconf 91' lang='lat' dir='ltr'><strong>ubi</strong></span> <span class='ocrx_word' id='word_1_206' title='bbox 1525 2440 1627 2507; x_wconf 85' lang='lat' dir='ltr'><strong>ait,</strong></span> <span class='ocrx_word' id='word_1_207' title='bbox 1660 2440 2002 2510; x_wconf 60' lang='lat' dir='ltr'><strong>Manifestavi</strong></span> 
     </span>
    </p>
   </div>
   <div class='ocr_carea' id='block_1_26' title="bbox 281 2528 2000 2601">
    <p class='ocr_par' dir='ltr' id='par_1_26' title="bbox 281 2528 2000 2601">
     <span class='ocr_line' id='line_1_26' title="bbox 281 2528 2000 2601; baseline -0.003 -13"><span class='ocrx_word' id='word_1_208' title='bbox 281 2549 491 2589; x_wconf 78' lang='lat' dir='ltr'><strong>nomen</strong></span> <span class='ocrx_word' id='word_1_209' title='bbox 524 2539 682 2585; x_wconf 86' lang='lat' dir='ltr'><strong>tuum</strong></span> <span class='ocrx_word' id='word_1_210' title='bbox 713 2531 1041 2600; x_wconf 85' lang='lat' dir='ltr'><strong>hominibus,</strong></span> <span class='ocrx_word' id='word_1_211' title='bbox 1072 2545 1204 2601; x_wconf 85' lang='lat' dir='ltr'><strong>quos</strong></span> <span class='ocrx_word' id='word_1_212' title='bbox 1232 2529 1430 2586; x_wconf 85' lang='lat' dir='ltr'><strong>dedisti</strong></span> <span class='ocrx_word' id='word_1_213' title='bbox 1463 2528 1632 2590; x_wconf 85' lang='lat' dir='ltr'><strong>mihi;</strong></span> <span class='ocrx_word' id='word_1_214' title='bbox 1668 2530 1768 2585; x_wconf 87' lang='lat' dir='ltr'><strong>sed</strong></span> <span class='ocrx_word' id='word_1_215' title='bbox 1805 2530 1875 2585; x_wconf 92' lang='lat' dir='ltr'><strong>de</strong></span> <span class='ocrx_word' id='word_1_216' title='bbox 1906 2529 2000 2584; x_wconf 89' lang='lat' dir='ltr'><strong>bis</strong></span> 
     </span>
    </p>
   </div>
   <div class='ocr_carea' id='block_1_27' title="bbox 288 2619 1786 2692">
    <p class='ocr_par' dir='ltr' id='par_1_27' title="bbox 288 2619 1786 2692">
     <span class='ocr_line' id='line_1_27' title="bbox 288 2619 1786 2692; baseline -0.003 -13"><span class='ocrx_word' id='word_1_217' title='bbox 288 2629 526 2679; x_wconf 87' lang='lat' dir='ltr'><strong>tantum</strong></span> <span class='ocrx_word' id='word_1_218' title='bbox 560 2621 661 2692; x_wconf 87' lang='lat' dir='ltr'><strong>qui</strong></span> <span class='ocrx_word' id='word_1_219' title='bbox 692 2636 852 2688; x_wconf 90' lang='lat' dir='ltr'><strong>eum,</strong></span> <span class='ocrx_word' id='word_1_220' title='bbox 883 2637 1015 2677; x_wconf 92' lang='lat' dir='ltr'><strong>cum</strong></span> <span class='ocrx_word' id='word_1_221' title='bbox 1048 2619 1150 2675; x_wconf 89' lang='lat' dir='ltr'><strong>illa</strong></span> <span class='ocrx_word' id='word_1_222' title='bbox 1177 2619 1413 2689; x_wconf 87' lang='lat' dir='ltr'><strong>diceret,</strong></span> <span class='ocrx_word' id='word_1_223' title='bbox 1449 2619 1786 2675; x_wconf 84' lang='lat' dir='ltr'><strong>audiebant.</strong></span> 
     </span>
    </p>
   </div>
   <div class='ocr_carea' id='block_1_28' title="bbox 361 2709 1996 2782">
    <p class='ocr_par' dir='ltr' id='par_1_28' title="bbox 361 2709 1996 2782">
     <span class='ocr_line' id='line_1_28' title="bbox 361 2709 1996 2782; baseline -0.001 -16"><span class='ocrx_word' id='word_1_224' title='bbox 361 2713 413 2766; x_wconf 92' lang='lat'><strong>3.</strong></span> <span class='ocrx_word' id='word_1_225' title='bbox 453 2711 539 2766; x_wconf 82' lang='lat' dir='ltr'><strong>Ab</strong></span> <span class='ocrx_word' id='word_1_226' title='bbox 572 2711 698 2781; x_wconf 89' lang='lat' dir='ltr'><strong>ipso</strong></span> <span class='ocrx_word' id='word_1_227' title='bbox 730 2710 928 2782; x_wconf 82' lang='lat' dir='ltr'><strong>itaque</strong></span> <span class='ocrx_word' id='word_1_228' title='bbox 948 2709 1231 2766; x_wconf 86' lang='lat' dir='ltr'><strong>orationis</strong></span> <span class='ocrx_word' id='word_1_229' title='bbox 1253 2710 1378 2778; x_wconf 87' lang='lat' dir='ltr'><strong>ejus</strong></span> <span class='ocrx_word' id='word_1_230' title='bbox 1399 2710 1654 2774; x_wconf 81' lang='lat' dir='ltr'><strong>exordio,</strong></span> <span class='ocrx_word' id='word_1_231' title='bbox 1691 2709 1788 2763; x_wconf 91' lang='lat' dir='ltr'><strong>ubi</strong></span> <span class='ocrx_word' id='word_1_232' title='bbox 1810 2709 1996 2765; x_wconf 85' lang='lat' dir='ltr'><strong>suble-</strong></span> 
     </span>
    </p>
   </div>
   <div class='ocr_carea' id='block_1_29' title="bbox 285 2798 2003 2867">
    <p class='ocr_par' dir='ltr' id='par_1_29' title="bbox 285 2798 2003 2867">
     <span class='ocr_line' id='line_1_29' title="bbox 285 2798 2003 2867; baseline -0.003 -8"><span class='ocrx_word' id='word_1_233' title='bbox 285 2807 429 2859; x_wconf 84' lang='lat' dir='ltr'><strong>valis</strong></span> <span class='ocrx_word' id='word_1_234' title='bbox 460 2801 632 2856; x_wconf 85' lang='lat' dir='ltr'><strong>oculis</strong></span> <span class='ocrx_word' id='word_1_235' title='bbox 665 2803 717 2854; x_wconf 85' lang='lat' dir='ltr'><strong>in</strong></span> <span class='ocrx_word' id='word_1_236' title='bbox 748 2799 969 2866; x_wconf 71' lang='lat' dir='ltr'><strong>caelum,</strong></span> <span class='ocrx_word' id='word_1_237' title='bbox 993 2799 1157 2866; x_wconf 60' lang='lat' dir='ltr'><strong>diluit,</strong></span> <span class='ocrx_word' id='word_1_238' title='bbox 1182 2802 1371 2864; x_wconf 88' lang='lat' dir='ltr'><strong>Pater,</strong></span> <span class='ocrx_word' id='word_1_239' title='bbox 1397 2801 1539 2854; x_wconf 80' lang='lat' dir='ltr'><strong>venit</strong></span> <span class='ocrx_word' id='word_1_240' title='bbox 1571 2798 1724 2867; x_wconf 86' lang='lat' dir='ltr'><strong>hora,</strong></span> <span class='ocrx_word' id='word_1_241' title='bbox 1756 2798 2003 2867; x_wconf 71' lang='lat' dir='ltr'><strong>(tari/ica</strong></span> 
     </span>
    </p>
   </div>
   <div class='ocr_carea' id='block_1_30' title="bbox 287 2887 2005 2960">
    <p class='ocr_par' dir='ltr' id='par_1_30' title="bbox 287 2887 2005 2960">
     <span class='ocr_line' id='line_1_30' title="bbox 287 2887 2005 2960; baseline -0.002 -13"><span class='ocrx_word' id='word_1_242' title='bbox 287 2891 504 2948; x_wconf 81' lang='lat' dir='ltr'><strong>Filium</strong></span> <span class='ocrx_word' id='word_1_243' title='bbox 534 2899 709 2955; x_wconf 87' lang='lat' dir='ltr'><strong>tuum,</strong></span> <span class='ocrx_word' id='word_1_244' title='bbox 743 2895 800 2944; x_wconf 91' lang='lat' dir='ltr'><strong>ut</strong></span> <span class='ocrx_word' id='word_1_245' title='bbox 824 2890 993 2944; x_wconf 80' lang='lat' dir='ltr'><strong>Filius</strong></span> <span class='ocrx_word' id='word_1_246' title='bbox 1014 2893 1142 2944; x_wconf 88' lang='lat' dir='ltr'><strong>tuus</strong></span> <span class='ocrx_word' id='word_1_247' title='bbox 1163 2889 1421 2957; x_wconf 80' lang='lat' dir='ltr'><strong>clariﬁcet</strong></span> <span class='ocrx_word' id='word_1_248' title='bbox 1445 2895 1517 2955; x_wconf 91' lang='lat' dir='ltr'><strong>te,</strong></span> <span class='ocrx_word' id='word_1_249' title='bbox 1544 2904 1728 2960; x_wconf 89' lang='lat' dir='ltr'><strong>usque</strong></span> <span class='ocrx_word' id='word_1_250' title='bbox 1759 2889 1828 2944; x_wconf 84' lang='lat' dir='ltr'><strong>ad</strong></span> <span class='ocrx_word' id='word_1_251' title='bbox 1859 2887 2005 2944; x_wconf 89' lang='lat' dir='ltr'><strong>illud</strong></span> 
     </span>
    </p>
   </div>
   <div class='ocr_carea' id='block_1_31' title="bbox 288 2977 2005 3054">
    <p class='ocr_par' dir='ltr' id='par_1_31' title="bbox 288 2977 2005 3054">
     <span class='ocr_line' id='line_1_31' title="bbox 288 2977 2005 3054; baseline -0.003 -16"><span class='ocrx_word' id='word_1_252' title='bbox 288 2980 460 3054; x_wconf 86' lang='lat' dir='ltr'><strong>quod</strong></span> <span class='ocrx_word' id='word_1_253' title='bbox 489 2978 662 3051; x_wconf 88' lang='lat' dir='ltr'><strong>paulo</strong></span> <span class='ocrx_word' id='word_1_254' title='bbox 696 2983 824 3050; x_wconf 90' lang='lat' dir='ltr'><strong>post</strong></span> <span class='ocrx_word' id='word_1_255' title='bbox 853 2979 952 3044; x_wconf 88' lang='lat' dir='ltr'><strong>ait,</strong></span> <span class='ocrx_word' id='word_1_256' title='bbox 987 2980 1048 3033; x_wconf 80' lang='lat' dir='ltr'><strong>Et</strong></span> <span class='ocrx_word' id='word_1_257' title='bbox 1087 2994 1233 3032; x_wconf 87' lang='lat' dir='ltr'><strong>nunc</strong></span> <span class='ocrx_word' id='word_1_258' title='bbox 1272 2977 1518 3047; x_wconf 83' lang='lat' dir='ltr'><strong>clariﬁca</strong></span> <span class='ocrx_word' id='word_1_259' title='bbox 1567 2994 1649 3033; x_wconf 85' lang='lat' dir='ltr'><strong>me</strong></span> <span class='ocrx_word' id='word_1_260' title='bbox 1688 2982 1770 3046; x_wconf 89' lang='lat' dir='ltr'><strong>tu,</strong></span> <span class='ocrx_word' id='word_1_261' title='bbox 1821 2979 2005 3043; x_wconf 86' lang='lat' dir='ltr'><strong>Pater,</strong></span> 
     </span>
    </p>
   </div>
   <div class='ocr_carea' id='block_1_32' title="bbox 287 3067 2008 3142">
    <p class='ocr_par' dir='ltr' id='par_1_32' title="bbox 287 3067 2008 3142">
     <span class='ocr_line' id='line_1_32' title="bbox 287 3067 2008 3142; baseline -0.003 -15"><span class='ocrx_word' id='word_1_262' title='bbox 287 3071 447 3142; x_wconf 85' lang='lat' dir='ltr'><strong>apud</strong></span> <span class='ocrx_word' id='word_1_263' title='bbox 493 3072 856 3140; x_wconf 72' lang='lat' dir='ltr'><strong>temetipsum,</strong></span> <span class='ocrx_word' id='word_1_264' title='bbox 915 3069 1168 3122; x_wconf 89' lang='lat' dir='ltr'><strong>claritate</strong></span> <span class='ocrx_word' id='word_1_265' title='bbox 1227 3084 1390 3140; x_wconf 81' lang='lat' dir='ltr'><strong>quam</strong></span> <span class='ocrx_word' id='word_1_266' title='bbox 1449 3067 1637 3132; x_wconf 81' lang='lat' dir='ltr'><strong>habui,</strong></span> <span class='ocrx_word' id='word_1_267' title='bbox 1686 3070 2008 3140; x_wconf 74' lang='lat' dir='ltr'><strong>priusquam</strong></span> 
     </span>
    </p>
   </div>
   <div class='ocr_carea' id='block_1_33' title="bbox 294 3156 2007 3230">
    <p class='ocr_par' dir='ltr' id='par_1_33' title="bbox 294 3156 2007 3230">
     <span class='ocr_line' id='line_1_33' title="bbox 294 3156 2007 3230; baseline -0.005 -12"><span class='ocrx_word' id='word_1_268' title='bbox 294 3160 540 3218; x_wconf 88' lang='lat' dir='ltr'><strong>mundus</strong></span> <span class='ocrx_word' id='word_1_269' title='bbox 570 3167 728 3226; x_wconf 83' lang='lat' dir='ltr'><strong>esset,</strong></span> <span class='ocrx_word' id='word_1_270' title='bbox 761 3157 905 3230; x_wconf 88' lang='lat' dir='ltr'><strong>apud</strong></span> <span class='ocrx_word' id='word_1_271' title='bbox 936 3165 1018 3219; x_wconf 84' lang='lat' dir='ltr'><strong>te;</strong></span> <span class='ocrx_word' id='word_1_272' title='bbox 1047 3173 1249 3212; x_wconf 88' lang='lat' dir='ltr'><strong>omnes</strong></span> <span class='ocrx_word' id='word_1_273' title='bbox 1287 3173 1423 3213; x_wconf 86' lang='lat' dir='ltr'><strong>suos</strong></span> <span class='ocrx_word' id='word_1_274' title='bbox 1461 3156 1688 3212; x_wconf 88' lang='lat' dir='ltr'><strong>volebat</strong></span> <span class='ocrx_word' id='word_1_275' title='bbox 1737 3156 2007 3230; x_wconf 82' lang='lat' dir='ltr'><strong>intelligi,</strong></span> 
     </span>
    </p>
   </div>
   <div class='ocr_carea' id='block_1_34' title="bbox 291 3246 2008 3326">
    <p class='ocr_par' dir='ltr' id='par_1_34' title="bbox 291 3246 2008 3326">
     <span class='ocr_line' id='line_1_34' title="bbox 291 3246 2008 3326; baseline -0.001 -20"><span class='ocrx_word' id='word_1_276' title='bbox 291 3251 522 3326; x_wconf 89' lang='lat' dir='ltr'><strong>quibus</strong></span> <span class='ocrx_word' id='word_1_277' title='bbox 553 3253 755 3304; x_wconf 84' lang='lat' dir='ltr'><strong>notum</strong></span> <span class='ocrx_word' id='word_1_278' title='bbox 789 3247 1051 3304; x_wconf 87' lang='lat' dir='ltr'><strong>faciendo</strong></span> <span class='ocrx_word' id='word_1_279' title='bbox 1084 3247 1336 3314; x_wconf 87' lang='lat' dir='ltr'><strong>Patrem,</strong></span> <span class='ocrx_word' id='word_1_280' title='bbox 1367 3246 1646 3304; x_wconf 80' lang='lat' dir='ltr'><strong>clarificat</strong></span> <span class='ocrx_word' id='word_1_281' title='bbox 1675 3264 1830 3304; x_wconf 90' lang='lat' dir='ltr'><strong>eum.</strong></span> <span class='ocrx_word' id='word_1_282' title='bbox 1864 3247 2008 3304; x_wconf 88' lang='lat' dir='ltr'><strong>Cum</strong></span> 
     </span>
    </p>
   </div>
   <div class='ocr_carea' id='block_1_35' title="bbox 293 3337 2013 3407">
    <p class='ocr_par' dir='ltr' id='par_1_35' title="bbox 293 3337 2013 3407">
     <span class='ocr_line' id='line_1_35' title="bbox 293 3337 2013 3407; baseline -0.003 -9"><span class='ocrx_word' id='word_1_283' title='bbox 293 3341 460 3398; x_wconf 88' lang='lat' dir='ltr'><strong>enim</strong></span> <span class='ocrx_word' id='word_1_284' title='bbox 523 3338 785 3406; x_wconf 83' lang='lat' dir='ltr'><strong>dixisset,</strong></span> <span class='ocrx_word' id='word_1_285' title='bbox 843 3346 902 3392; x_wconf 86' lang='lat' dir='ltr'><strong>ut</strong></span> <span class='ocrx_word' id='word_1_286' title='bbox 954 3337 1130 3392; x_wconf 80' lang='lat' dir='ltr'><strong>Filius</strong></span> <span class='ocrx_word' id='word_1_287' title='bbox 1185 3341 1312 3392; x_wconf 85' lang='lat' dir='ltr'><strong>tuus</strong></span> <span class='ocrx_word' id='word_1_288' title='bbox 1372 3337 1636 3407; x_wconf 83' lang='lat' dir='ltr'><strong>clariﬁcel</strong></span> <span class='ocrx_word' id='word_1_289' title='bbox 1704 3345 1752 3393; x_wconf 86' lang='lat' dir='ltr'><strong>te</strong></span> <span class='ocrx_word' id='word_1_290' title='bbox 1798 3354 1818 3400; x_wconf 83' lang='grc'><strong>,·</strong></span> <span class='ocrx_word' id='word_1_291' title='bbox 1879 3353 2013 3392; x_wconf 83' lang='lat' dir='ltr'><strong>mox</strong></span> 
     </span>
    </p>
   </div>
   <div class='ocr_carea' id='block_1_36' title="bbox 293 3423 2013 3500">
    <p class='ocr_par' dir='ltr' id='par_1_36' title="bbox 293 3423 2013 3500">
     <span class='ocr_line' id='line_1_36' title="bbox 293 3423 2013 3500; baseline -0.001 -19"><span class='ocrx_word' id='word_1_292' title='bbox 293 3427 804 3500; x_wconf 76' lang='lat' dir='ltr'><strong>quemadmodum</strong></span> <span class='ocrx_word' id='word_1_293' title='bbox 839 3425 896 3480; x_wconf 91' lang='lat' dir='ltr'><strong>id</strong></span> <span class='ocrx_word' id='word_1_294' title='bbox 931 3426 1112 3491; x_wconf 84' lang='lat' dir='ltr'><strong>ﬁeret,</strong></span> <span class='ocrx_word' id='word_1_295' title='bbox 1145 3424 1567 3480; x_wconf 87' lang='lat' dir='ltr'><strong>demonstravit</strong></span> <span class='ocrx_word' id='word_1_296' title='bbox 1595 3423 1812 3494; x_wconf 90' lang='lat' dir='ltr'><strong>dicens,</strong></span> <span class='ocrx_word' id='word_1_297' title='bbox 1862 3425 2013 3481; x_wconf 80' lang='lat' dir='ltr'><strong>Sicut</strong></span> 
     </span>
    </p>
   </div>
   <div class='ocr_carea' id='block_1_37' title="bbox 294 3513 2014 3587">
    <p class='ocr_par' dir='ltr' id='par_1_37' title="bbox 294 3513 2014 3587">
     <span class='ocr_line' id='line_1_37' title="bbox 294 3513 2014 3587; baseline -0.002 -13"><span class='ocrx_word' id='word_1_298' title='bbox 294 3517 505 3574; x_wconf 67' lang='lat' dir='ltr'><strong>dedisti</strong></span> <span class='ocrx_word' id='word_1_299' title='bbox 535 3519 582 3571; x_wconf 86' lang='lat' dir='ltr'><strong>ei</strong></span> <span class='ocrx_word' id='word_1_300' title='bbox 617 3519 942 3586; x_wconf 85' lang='lat' dir='ltr'><strong>potestatem</strong></span> <span class='ocrx_word' id='word_1_301' title='bbox 969 3515 1146 3570; x_wconf 83' lang='lat' dir='ltr'><strong>omnis</strong></span> <span class='ocrx_word' id='word_1_302' title='bbox 1185 3513 1390 3579; x_wconf 79' lang='lat' dir='ltr'><strong>carnis,</strong></span> <span class='ocrx_word' id='word_1_303' title='bbox 1441 3522 1498 3569; x_wconf 88' lang='lat' dir='ltr'><strong>ut</strong></span> <span class='ocrx_word' id='word_1_304' title='bbox 1546 3530 1702 3570; x_wconf 87' lang='lat' dir='ltr'><strong>omne</strong></span> <span class='ocrx_word' id='word_1_305' title='bbox 1737 3515 1888 3587; x_wconf 85' lang='lat' dir='ltr'><strong>quod</strong></span> <span class='ocrx_word' id='word_1_306' title='bbox 1915 3515 2014 3570; x_wconf 85' lang='lat' dir='ltr'><strong>dc-</strong></span> 
     </span>
    </p>
   </div>
   <div class='ocr_carea' id='block_1_38' title="bbox 296 3604 2014 3674">
    <p class='ocr_par' dir='ltr' id='par_1_38' title="bbox 296 3604 2014 3674">
     <span class='ocr_line' id='line_1_38' title="bbox 296 3604 2014 3674; baseline -0.002 -10"><span class='ocrx_word' id='word_1_307' title='bbox 296 3609 437 3664; x_wconf 79' lang='lat' dir='ltr'><strong>disti</strong></span> <span class='ocrx_word' id='word_1_308' title='bbox 465 3608 540 3674; x_wconf 86' lang='lat' dir='ltr'><strong>ei,</strong></span> <span class='ocrx_word' id='word_1_309' title='bbox 573 3607 662 3662; x_wconf 84' lang='lat' dir='ltr'><strong>del</strong></span> <span class='ocrx_word' id='word_1_310' title='bbox 704 3607 778 3661; x_wconf 85' lang='lat' dir='ltr'><strong>eis</strong></span> <span class='ocrx_word' id='word_1_311' title='bbox 821 3607 995 3661; x_wconf 82' lang='lat' dir='ltr'><strong>vitam</strong></span> <span class='ocrx_word' id='word_1_312' title='bbox 1043 3607 1309 3662; x_wconf 68' lang='lat' dir='ltr'><strong>aeternam</strong></span> <span class='ocrx_word' id='word_1_313' title='bbox 1341 3623 1358 3658; x_wconf 90' lang='lat'><strong><em>:</em></strong></span> <span class='ocrx_word' id='word_1_314' title='bbox 1394 3604 1506 3660; x_wconf 61' lang='lat' dir='ltr'><strong>hac</strong></span> <span class='ocrx_word' id='word_1_315' title='bbox 1550 3610 1627 3660; x_wconf 87' lang='lat' dir='ltr'><strong>est</strong></span> <span class='ocrx_word' id='word_1_316' title='bbox 1675 3615 1854 3660; x_wconf 82' lang='lat' dir='ltr'><strong>autem</strong></span> <span class='ocrx_word' id='word_1_317' title='bbox 1903 3605 2014 3661; x_wconf 80' lang='lat' dir='ltr'><strong>vita</strong></span> 
     </span>
    </p>
   </div>
   <div class='ocr_carea' id='block_1_39' title="bbox 298 3695 2015 3766">
    <p class='ocr_par' dir='ltr' id='par_1_39' title="bbox 298 3695 2015 3766">
     <span class='ocr_line' id='line_1_39' title="bbox 298 3695 2015 3766; baseline -0.002 -14"><span class='ocrx_word' id='word_1_318' title='bbox 298 3701 534 3762; x_wconf 83' lang='lat' dir='ltr'><strong>aeterna,</strong></span> <span class='ocrx_word' id='word_1_319' title='bbox 565 3703 623 3750; x_wconf 86' lang='lat' dir='ltr'><strong>ut</strong></span> <span class='ocrx_word' id='word_1_320' title='bbox 651 3697 972 3766; x_wconf 83' lang='lat' dir='ltr'><strong>cognoscant</strong></span> <span class='ocrx_word' id='word_1_321' title='bbox 1012 3696 1064 3748; x_wconf 86' lang='lat' dir='ltr'><strong>te</strong></span> <span class='ocrx_word' id='word_1_322' title='bbox 1091 3695 1271 3749; x_wconf 89' lang='lat' dir='ltr'><strong>solum</strong></span> <span class='ocrx_word' id='word_1_323' title='bbox 1304 3709 1494 3748; x_wconf 87' lang='lat' dir='ltr'><strong>verum</strong></span> <span class='ocrx_word' id='word_1_324' title='bbox 1522 3696 1713 3760; x_wconf 86' lang='lat' dir='ltr'><strong>Deum,</strong></span> <span class='ocrx_word' id='word_1_325' title='bbox 1764 3699 1813 3750; x_wconf 82' lang='lat' dir='ltr'><strong>et</strong></span> <span class='ocrx_word' id='word_1_326' title='bbox 1854 3710 2015 3766; x_wconf 89' lang='lat' dir='ltr'><strong>quem</strong></span> 
     </span>
    </p>
   </div>
   <div class='ocr_carea' id='block_1_40' title="bbox 303 3782 2011 3854">
    <p class='ocr_par' dir='ltr' id='par_1_40' title="bbox 303 3782 2011 3854">
     <span class='ocr_line' id='line_1_40' title="bbox 303 3782 2011 3854; baseline -0.001 -14"><span class='ocrx_word' id='word_1_327' title='bbox 303 3787 514 3842; x_wconf 83' lang='lat' dir='ltr'><strong>misisti</strong></span> <span class='ocrx_word' id='word_1_328' title='bbox 540 3783 1032 3840; x_wconf 83' lang='lat' dir='ltr'><strong>JesumChristum</strong></span> <span class='ocrx_word' id='word_1_329' title='bbox 1062 3784 1242 3854; x_wconf 82' lang='lat' dir='ltr'><strong>(Joan.</strong></span> <span class='ocrx_word' id='word_1_330' title='bbox 1277 3799 1412 3846; x_wconf 85' lang='lat' dir='ltr'><strong>xvn,</strong></span> <span class='ocrx_word' id='word_1_331' title='bbox 1478 3783 1647 3852; x_wconf 80' lang='lat'><strong>1-20).</strong></span> <span class='ocrx_word' id='word_1_332' title='bbox 1689 3782 1814 3838; x_wconf 91' lang='lat' dir='ltr'><strong>Non</strong></span> <span class='ocrx_word' id='word_1_333' title='bbox 1856 3783 2011 3839; x_wconf 89' lang='lat' dir='ltr'><strong>enim</strong></span> 
     </span>
    </p>
   </div>
   <div class='ocr_carea' id='block_1_41' title="bbox 307 3873 2017 3951">
    <p class='ocr_par' dir='ltr' id='par_1_41' title="bbox 307 3873 2017 3951">
     <span class='ocr_line' id='line_1_41' title="bbox 307 3873 2017 3951; baseline -0.004 -16"><span class='ocrx_word' id='word_1_334' title='bbox 307 3883 505 3951; x_wconf 86' lang='lat' dir='ltr'><strong>potest</strong></span> <span class='ocrx_word' id='word_1_335' title='bbox 535 3877 866 3949; x_wconf 84' lang='lat' dir='ltr'><strong>cognitione</strong></span> <span class='ocrx_word' id='word_1_336' title='bbox 898 3875 1205 3930; x_wconf 89' lang='lat' dir='ltr'><strong>hominum</strong></span> <span class='ocrx_word' id='word_1_337' title='bbox 1236 3873 1542 3929; x_wconf 83' lang='lat' dir='ltr'><strong>clariﬁcari</strong></span> <span class='ocrx_word' id='word_1_338' title='bbox 1592 3873 1772 3942; x_wconf 81' lang='lat' dir='ltr'><strong>Pater,</strong></span> <span class='ocrx_word' id='word_1_339' title='bbox 1816 3873 1927 3930; x_wconf 87' lang='lat' dir='ltr'><strong>nisi</strong></span> <span class='ocrx_word' id='word_1_340' title='bbox 1959 3879 2017 3930; x_wconf 89' lang='lat' dir='ltr'><strong>et</strong></span> 
     </span>
    </p>
   </div>
   <div class='ocr_carea' id='block_1_42' title="bbox 306 3962 2016 4040">
    <p class='ocr_par' dir='ltr' id='par_1_42' title="bbox 306 3962 2016 4040">
     <span class='ocr_line' id='line_1_42' title="bbox 306 3962 2016 4040; baseline -0.004 -16"><span class='ocrx_word' id='word_1_341' title='bbox 306 3968 408 4024; x_wconf 90' lang='lat' dir='ltr'><strong>ille</strong></span> <span class='ocrx_word' id='word_1_342' title='bbox 455 3969 842 4040; x_wconf 85' lang='lat' dir='ltr'><strong>cognoscatur</strong></span> <span class='ocrx_word' id='word_1_343' title='bbox 882 3981 982 4036; x_wconf 91' lang='lat' dir='ltr'><strong>per</strong></span> <span class='ocrx_word' id='word_1_344' title='bbox 1022 3980 1191 4033; x_wconf 89' lang='lat' dir='ltr'><strong>quem</strong></span> <span class='ocrx_word' id='word_1_345' title='bbox 1237 3963 1614 4029; x_wconf 84' lang='lat' dir='ltr'><strong>clarificatur,</strong></span> <span class='ocrx_word' id='word_1_346' title='bbox 1656 3962 1711 4018; x_wconf 89' lang='lat' dir='ltr'><strong>id</strong></span> <span class='ocrx_word' id='word_1_347' title='bbox 1757 3968 1867 4031; x_wconf 89' lang='lat' dir='ltr'><strong>est,</strong></span> <span class='ocrx_word' id='word_1_348' title='bbox 1915 3980 2016 4035; x_wconf 86' lang='lat' dir='ltr'><strong>per</strong></span> 
     </span>
    </p>
   </div>
   <div class='ocr_carea' id='block_1_43' title="bbox 307 4053 2012 4132">
    <p class='ocr_par' dir='ltr' id='par_1_43' title="bbox 307 4053 2012 4132">
     <span class='ocr_line' id='line_1_43' title="bbox 307 4053 2012 4132; baseline -0.001 -19"><span class='ocrx_word' id='word_1_349' title='bbox 307 4077 486 4132; x_wconf 84' lang='lat' dir='ltr'><strong>quem</strong></span> <span class='ocrx_word' id='word_1_350' title='bbox 521 4057 750 4129; x_wconf 86' lang='lat' dir='ltr'><strong>pepulis</strong></span> <span class='ocrx_word' id='word_1_351' title='bbox 781 4054 1106 4111; x_wconf 88' lang='lat' dir='ltr'><strong>innotescit.</strong></span> <span class='ocrx_word' id='word_1_352' title='bbox 1147 4055 1274 4110; x_wconf 64' lang='lat' dir='ltr'><strong>Haec</strong></span> <span class='ocrx_word' id='word_1_353' title='bbox 1306 4059 1392 4110; x_wconf 89' lang='lat' dir='ltr'><strong>est</strong></span> <span class='ocrx_word' id='word_1_354' title='bbox 1418 4053 1760 4126; x_wconf 83' lang='lat' dir='ltr'><strong>gloriﬁcatio</strong></span> <span class='ocrx_word' id='word_1_355' title='bbox 1803 4055 2012 4123; x_wconf 86' lang='lat' dir='ltr'><strong>Patris,</strong></span> 
     </span>
    </p>
   </div>
   <div class='ocr_carea' id='block_1_44' title="bbox 306 4144 2015 4223">
    <p class='ocr_par' dir='ltr' id='par_1_44' title="bbox 306 4144 2015 4223">
     <span class='ocr_line' id='line_1_44' title="bbox 306 4144 2015 4223; baseline -0.002 -18"><span class='ocrx_word' id='word_1_356' title='bbox 306 4167 440 4223; x_wconf 70' lang='lat' dir='ltr'><strong>qua:</strong></span> <span class='ocrx_word' id='word_1_357' title='bbox 465 4165 576 4204; x_wconf 91' lang='lat' dir='ltr'><strong>non</strong></span> <span class='ocrx_word' id='word_1_358' title='bbox 602 4147 754 4203; x_wconf 91' lang='lat' dir='ltr'><strong>circa</strong></span> <span class='ocrx_word' id='word_1_359' title='bbox 777 4147 932 4202; x_wconf 88' lang='lat' dir='ltr'><strong>solos</strong></span> <span class='ocrx_word' id='word_1_360' title='bbox 953 4144 1084 4201; x_wconf 89' lang='lat' dir='ltr'><strong>illos</strong></span> <span class='ocrx_word' id='word_1_361' title='bbox 1105 4144 1409 4215; x_wconf 87' lang='lat' dir='ltr'><strong>Apostolos</strong></span> <span class='ocrx_word' id='word_1_362' title='bbox 1434 4147 1582 4200; x_wconf 76' lang='lat' dir='ltr'><strong>facta</strong></span> <span class='ocrx_word' id='word_1_363' title='bbox 1610 4149 1717 4210; x_wconf 89' lang='lat' dir='ltr'><strong>est,</strong></span> <span class='ocrx_word' id='word_1_364' title='bbox 1742 4146 1840 4200; x_wconf 90' lang='lat' dir='ltr'><strong>sed</strong></span> <span class='ocrx_word' id='word_1_365' title='bbox 1863 4145 2015 4202; x_wconf 88' lang='lat' dir='ltr'><strong>circa</strong></span> 
     </span>
    </p>
   </div>
   <div class='ocr_carea' id='block_1_45' title="bbox 306 4233 2016 4306">
    <p class='ocr_par' dir='ltr' id='par_1_45' title="bbox 306 4233 2016 4306">
     <span class='ocr_line' id='line_1_45' title="bbox 306 4233 2016 4306; baseline -0.004 -10"><span class='ocrx_word' id='word_1_366' title='bbox 306 4253 516 4296; x_wconf 89' lang='lat' dir='ltr'><strong>omnes</strong></span> <span class='ocrx_word' id='word_1_367' title='bbox 548 4236 813 4292; x_wconf 81' lang='lat' dir='ltr'><strong>homines</strong></span> <span class='ocrx_word' id='word_1_368' title='bbox 843 4235 931 4301; x_wconf 84' lang='lat' dir='ltr'><strong>ﬁt,</strong></span> <span class='ocrx_word' id='word_1_369' title='bbox 971 4234 1186 4306; x_wconf 86' lang='lat' dir='ltr'><strong>quibus</strong></span> <span class='ocrx_word' id='word_1_370' title='bbox 1217 4233 1344 4289; x_wconf 87' lang='lat' dir='ltr'><strong>suis</strong></span> <span class='ocrx_word' id='word_1_371' title='bbox 1383 4234 1665 4290; x_wconf 88' lang='lat' dir='ltr'><strong>membris</strong></span> <span class='ocrx_word' id='word_1_372' title='bbox 1703 4239 1880 4306; x_wconf 90' lang='lat' dir='ltr'><strong>caput</strong></span> <span class='ocrx_word' id='word_1_373' title='bbox 1925 4238 2016 4290; x_wconf 91' lang='lat' dir='ltr'><strong>est</strong></span> 
     </span>
    </p>
   </div>
   <div class='ocr_carea' id='block_1_46' title="bbox 304 4321 2014 4397">
    <p class='ocr_par' dir='ltr' id='par_1_46' title="bbox 304 4321 2014 4397">
     <span class='ocr_line' id='line_1_46' title="bbox 304 4321 2014 4397; baseline -0.004 -13"><span class='ocrx_word' id='word_1_374' title='bbox 304 4327 598 4385; x_wconf 85' lang='lat' dir='ltr'><strong>Christus.</strong></span> <span class='ocrx_word' id='word_1_375' title='bbox 631 4323 1011 4397; x_wconf 83' lang='lat' dir='ltr'><strong>Neque_enim</strong></span> <span class='ocrx_word' id='word_1_376' title='bbox 1039 4323 1110 4378; x_wconf 90' lang='lat' dir='ltr'><strong>de</strong></span> <span class='ocrx_word' id='word_1_377' title='bbox 1143 4321 1284 4378; x_wconf 89' lang='lat' dir='ltr'><strong>solis</strong></span> <span class='ocrx_word' id='word_1_378' title='bbox 1316 4322 1607 4394; x_wconf 87' lang='lat' dir='ltr'><strong>Apostolis</strong></span> <span class='ocrx_word' id='word_1_379' title='bbox 1631 4328 1818 4394; x_wconf 86' lang='lat' dir='ltr'><strong>potest</strong></span> <span class='ocrx_word' id='word_1_380' title='bbox 1842 4322 2014 4379; x_wconf 85' lang='lat' dir='ltr'><strong>intel-</strong></span> 
     </span>
    </p>
   </div>
   <div class='ocr_carea' id='block_1_47' title="bbox 306 4413 2015 4489">
    <p class='ocr_par' dir='ltr' id='par_1_47' title="bbox 306 4413 2015 4489">
     <span class='ocr_line' id='line_1_47' title="bbox 306 4413 2015 4489; baseline -0.004 -14"><span class='ocrx_word' id='word_1_381' title='bbox 306 4418 433 4489; x_wconf 83' lang='lat' dir='ltr'><strong>ligi,</strong></span> <span class='ocrx_word' id='word_1_382' title='bbox 472 4416 624 4473; x_wconf 82' lang='lat' dir='ltr'><strong>Sicut</strong></span> <span class='ocrx_word' id='word_1_383' title='bbox 653 4414 850 4470; x_wconf 80' lang='lat' dir='ltr'><strong>dedisti</strong></span> <span class='ocrx_word' id='word_1_384' title='bbox 882 4413 936 4470; x_wconf 85' lang='lat' dir='ltr'><strong>ei</strong></span> <span class='ocrx_word' id='word_1_385' title='bbox 970 4421 1288 4484; x_wconf 84' lang='lat' dir='ltr'><strong>potestatem</strong></span> <span class='ocrx_word' id='word_1_386' title='bbox 1319 4414 1496 4469; x_wconf 82' lang='lat' dir='ltr'><strong>omnis</strong></span> <span class='ocrx_word' id='word_1_387' title='bbox 1525 4415 1734 4482; x_wconf 80' lang='lat' dir='ltr'><strong>carnis,</strong></span> <span class='ocrx_word' id='word_1_388' title='bbox 1769 4419 1826 4468; x_wconf 87' lang='lat' dir='ltr'><strong>ut</strong></span> <span class='ocrx_word' id='word_1_389' title='bbox 1855 4429 2015 4469; x_wconf 84' lang='lat' dir='ltr'><strong>omne</strong></span> 
     </span>
    </p>
   </div>
   <div class='ocr_carea' id='block_1_48' title="bbox 306 4503 2014 4582">
    <p class='ocr_par' dir='ltr' id='par_1_48' title="bbox 306 4503 2014 4582">
     <span class='ocr_line' id='line_1_48' title="bbox 306 4503 2014 4582; baseline -0.003 -18"><span class='ocrx_word' id='word_1_390' title='bbox 306 4507 453 4582; x_wconf 86' lang='lat' dir='ltr'><strong>quod</strong></span> <span class='ocrx_word' id='word_1_391' title='bbox 483 4506 680 4562; x_wconf 80' lang='lat' dir='ltr'><strong>dedisti</strong></span> <span class='ocrx_word' id='word_1_392' title='bbox 725 4506 798 4570; x_wconf 89' lang='lat' dir='ltr'><strong>ei,</strong></span> <span class='ocrx_word' id='word_1_393' title='bbox 847 4504 930 4561; x_wconf 86' lang='lat' dir='ltr'><strong>del</strong></span> <span class='ocrx_word' id='word_1_394' title='bbox 975 4505 1053 4560; x_wconf 87' lang='lat' dir='ltr'><strong>eis</strong></span> <span class='ocrx_word' id='word_1_395' title='bbox 1105 4505 1272 4558; x_wconf 85' lang='lat' dir='ltr'><strong>vitam</strong></span> <span class='ocrx_word' id='word_1_396' title='bbox 1319 4508 1620 4566; x_wconf 65' lang='lat' dir='ltr'><strong>aeternam,-</strong></span> <span class='ocrx_word' id='word_1_397' title='bbox 1664 4503 1761 4558; x_wconf 88' lang='lat' dir='ltr'><strong>sed</strong></span> <span class='ocrx_word' id='word_1_398' title='bbox 1813 4505 2014 4575; x_wconf 89' lang='lat' dir='ltr'><strong>utique</strong></span> 
     </span>
    </p>
   </div>
   <div class='ocr_carea' id='block_1_49' title="bbox 309 4590 2014 4666">
    <p class='ocr_par' dir='ltr' id='par_1_49' title="bbox 309 4590 2014 4666">
     <span class='ocr_line' id='line_1_49' title="bbox 309 4590 2014 4666; baseline -0.002 -12"><span class='ocrx_word' id='word_1_399' title='bbox 309 4599 383 4654; x_wconf 90' lang='lat' dir='ltr'><strong>de</strong></span> <span class='ocrx_word' id='word_1_400' title='bbox 414 4596 688 4652; x_wconf 86' lang='lat' dir='ltr'><strong>omnibus</strong></span> <span class='ocrx_word' id='word_1_401' title='bbox 721 4594 931 4666; x_wconf 89' lang='lat' dir='ltr'><strong>quibus</strong></span> <span class='ocrx_word' id='word_1_402' title='bbox 963 4594 1022 4649; x_wconf 92' lang='lat' dir='ltr'><strong>in</strong></span> <span class='ocrx_word' id='word_1_403' title='bbox 1066 4608 1199 4648; x_wconf 91' lang='lat' dir='ltr'><strong>eum</strong></span> <span class='ocrx_word' id='word_1_404' title='bbox 1241 4590 1610 4647; x_wconf 85' lang='lat' dir='ltr'><strong>credentibus</strong></span> <span class='ocrx_word' id='word_1_405' title='bbox 1650 4591 1764 4646; x_wconf 91' lang='lat' dir='ltr'><strong>vita</strong></span> <span class='ocrx_word' id='word_1_406' title='bbox 1801 4598 2014 4651; x_wconf 70' lang='lat' dir='ltr'><strong>aterna</strong></span> 
     </span>
    </p>
   </div>
   <div class='ocr_carea' id='block_1_50' title="bbox 309 4690 508 4744">
    <p class='ocr_par' dir='ltr' id='par_1_50' title="bbox 309 4690 508 4744">
     <span class='ocr_line' id='line_1_50' title="bbox 309 4690 508 4744; baseline -0.015 0"><span class='ocrx_word' id='word_1_407' title='bbox 309 4690 508 4744; x_wconf 81' lang='lat' dir='ltr'><strong>datur.</strong></span> 
     </span>
    </p>
   </div>
   <div class='ocr_carea' id='block_1_51' title="bbox 384 4770 2016 4846">
    <p class='ocr_par' dir='ltr' id='par_1_51' title="bbox 384 4770 2016 4846">
     <span class='ocr_line' id='line_1_51' title="bbox 384 4770 2016 4846; baseline -0.001 -14"><span class='ocrx_word' id='word_1_408' title='bbox 384 4779 437 4832; x_wconf 75' lang='grc'><strong>4.</strong></span> <span class='ocrx_word' id='word_1_409' title='bbox 461 4778 585 4831; x_wconf 82' lang='lat' dir='ltr'><strong>Iam</strong></span> <span class='ocrx_word' id='word_1_410' title='bbox 609 4791 764 4831; x_wconf 87' lang='lat' dir='ltr'><strong>nunc</strong></span> <span class='ocrx_word' id='word_1_411' title='bbox 787 4790 921 4846; x_wconf 85' lang='lat' dir='ltr'><strong>ergo</strong></span> <span class='ocrx_word' id='word_1_412' title='bbox 953 4773 1257 4829; x_wconf 86' lang='lat' dir='ltr'><strong>videamus</strong></span> <span class='ocrx_word' id='word_1_413' title='bbox 1290 4770 1428 4844; x_wconf 92' lang='lat' dir='ltr'><strong>quid</strong></span> <span class='ocrx_word' id='word_1_414' title='bbox 1461 4771 1531 4828; x_wconf 93' lang='lat' dir='ltr'><strong>de</strong></span> <span class='ocrx_word' id='word_1_415' title='bbox 1567 4770 1706 4838; x_wconf 86' lang='lat' dir='ltr'><strong>illis,</strong></span> <span class='ocrx_word' id='word_1_416' title='bbox 1737 4788 1769 4826; x_wconf 89' lang='lat' dir='ltr'><strong>a</strong></span> <span class='ocrx_word' id='word_1_417' title='bbox 1800 4771 2016 4844; x_wconf 86' lang='lat' dir='ltr'><strong>quibus</strong></span> 
     </span>
    </p>
   </div>
   <div class='ocr_carea' id='block_1_52' title="bbox 305 4861 2012 4935">
    <p class='ocr_par' dir='ltr' id='par_1_52' title="bbox 305 4861 2012 4935">
     <span class='ocr_line' id='line_1_52' title="bbox 305 4861 2012 4935; baseline -0.004 -10"><span class='ocrx_word' id='word_1_418' title='bbox 305 4874 450 4925; x_wconf 84' lang='lat' dir='ltr'><strong>tunc</strong></span> <span class='ocrx_word' id='word_1_419' title='bbox 470 4865 830 4934; x_wconf 86' lang='lat' dir='ltr'><strong>audiebatur,</strong></span> <span class='ocrx_word' id='word_1_420' title='bbox 850 4861 1153 4935; x_wconf 85' lang='lat' dir='ltr'><strong>discipulis</strong></span> <span class='ocrx_word' id='word_1_421' title='bbox 1168 4861 1290 4918; x_wconf 90' lang='lat' dir='ltr'><strong>suis</strong></span> <span class='ocrx_word' id='word_1_422' title='bbox 1311 4861 1485 4917; x_wconf 87' lang='lat' dir='ltr'><strong>dicat.</strong></span> <span class='ocrx_word' id='word_1_423' title='bbox 1520 4861 1898 4932; x_wconf 71' lang='lat' dir='ltr'><strong>Mani/catam,</strong></span> <span class='ocrx_word' id='word_1_424' title='bbox 1931 4861 2012 4918; x_wconf 91' lang='lat' dir='ltr'><strong>in-</strong></span> 
     </span>
    </p>
   </div>
   <div class='ocr_carea' id='block_1_53' title="bbox 307 4951 2012 5030">
    <p class='ocr_par' dir='ltr' id='par_1_53' title="bbox 307 4951 2012 5030">
     <span class='ocr_line' id='line_1_53' title="bbox 307 4951 2012 5030; baseline -0.002 -15"><span class='ocrx_word' id='word_1_425' title='bbox 307 4960 462 5030; x_wconf 90' lang='lat' dir='ltr'><strong>quit,</strong></span> <span class='ocrx_word' id='word_1_426' title='bbox 482 4972 679 5014; x_wconf 80' lang='lat' dir='ltr'><strong>nomen</strong></span> <span class='ocrx_word' id='word_1_427' title='bbox 699 4959 857 5011; x_wconf 86' lang='lat' dir='ltr'><strong>tuum</strong></span> <span class='ocrx_word' id='word_1_428' title='bbox 876 4952 1188 5011; x_wconf 84' lang='lat' dir='ltr'><strong>hominibus</strong></span> <span class='ocrx_word' id='word_1_429' title='bbox 1199 4968 1330 5024; x_wconf 83' lang='lat' dir='ltr'><strong>quos</strong></span> <span class='ocrx_word' id='word_1_430' title='bbox 1358 4951 1559 5008; x_wconf 81' lang='lat' dir='ltr'><strong>dedisti</strong></span> <span class='ocrx_word' id='word_1_431' title='bbox 1571 4951 1859 5008; x_wconf 87' lang='lat' dir='ltr'><strong>mihi.Non</strong></span> <span class='ocrx_word' id='word_1_432' title='bbox 1877 4970 2012 5026; x_wconf 90' lang='lat' dir='ltr'><strong>ergo</strong></span> 
     </span>
    </p>
   </div>
   <div class='ocr_carea' id='block_1_54' title="bbox 308 5041 2015 5115">
    <p class='ocr_par' dir='ltr' id='par_1_54' title="bbox 308 5041 2015 5115">
     <span class='ocr_line' id='line_1_54' title="bbox 308 5041 2015 5115; baseline -0.004 -8"><span class='ocrx_word' id='word_1_433' title='bbox 308 5051 594 5107; x_wconf 86' lang='lat' dir='ltr'><strong>noverant</strong></span> <span class='ocrx_word' id='word_1_434' title='bbox 607 5045 706 5104; x_wconf 90' lang='lat' dir='ltr'><strong>Dei</strong></span> <span class='ocrx_word' id='word_1_435' title='bbox 721 5059 1094 5112; x_wconf 87' lang='lat' dir='ltr'><strong>nomen,eum</strong></span> <span class='ocrx_word' id='word_1_436' title='bbox 1108 5046 1302 5100; x_wconf 87' lang='lat' dir='ltr'><strong>essent</strong></span> <span class='ocrx_word' id='word_1_437' title='bbox 1318 5042 1347 5098; x_wconf 87' lang='lat' dir='ltr'><strong>J</strong></span> <span class='ocrx_word' id='word_1_438' title='bbox 1357 5041 1504 5097; x_wconf 72' lang='lat' dir='ltr'><strong>udaei</strong></span> <span class='ocrx_word' id='word_1_439' title='bbox 1522 5041 1548 5096; x_wconf 87' lang='lat'><strong>?</strong></span> <span class='ocrx_word' id='word_1_440' title='bbox 1562 5042 1627 5097; x_wconf 87' lang='lat' dir='ltr'><strong>Et</strong></span> <span class='ocrx_word' id='word_1_441' title='bbox 1639 5043 1736 5098; x_wconf 92' lang='lat' dir='ltr'><strong>ubi</strong></span> <span class='ocrx_word' id='word_1_442' title='bbox 1760 5047 1849 5099; x_wconf 87' lang='lat' dir='ltr'><strong>est</strong></span> <span class='ocrx_word' id='word_1_443' title='bbox 1866 5044 2015 5115; x_wconf 90' lang='lat' dir='ltr'><strong>quod</strong></span> 
     </span>
    </p>
   </div>
   <div class='ocr_carea' id='block_1_55' title="bbox 308 5131 2013 5212">
    <p class='ocr_par' dir='ltr' id='par_1_55' title="bbox 308 5131 2013 5212">
     <span class='ocr_line' id='line_1_55' title="bbox 308 5131 2013 5212; baseline -0.003 -19"><span class='ocrx_word' id='word_1_444' title='bbox 308 5137 718 5212; x_wconf 82' lang='lat' dir='ltr'><strong>legitur,Notus</strong></span> <span class='ocrx_word' id='word_1_445' title='bbox 749 5136 806 5189; x_wconf 88' lang='lat' dir='ltr'><strong>in</strong></span> <span class='ocrx_word' id='word_1_446' title='bbox 835 5134 1027 5190; x_wconf 74' lang='lat' dir='ltr'><strong>Iudaea</strong></span> <span class='ocrx_word' id='word_1_447' title='bbox 1040 5135 1217 5195; x_wconf 80' lang='lat' dir='ltr'><strong>Deus;</strong></span> <span class='ocrx_word' id='word_1_448' title='bbox 1251 5131 1310 5188; x_wconf 83' lang='lat' dir='ltr'><strong>in</strong></span> <span class='ocrx_word' id='word_1_449' title='bbox 1340 5131 1512 5188; x_wconf 79' lang='lat' dir='ltr'><strong>Israel</strong></span> <span class='ocrx_word' id='word_1_450' title='bbox 1544 5147 2013 5202; x_wconf 84' lang='lat' dir='ltr'><strong>magnuninomen</strong></span> 
     </span>
    </p>
   </div>
   <div class='ocr_carea' id='block_1_56' title="bbox 303 5220 2011 5299">
    <p class='ocr_par' dir='ltr' id='par_1_56' title="bbox 303 5220 2011 5299">
     <span class='ocr_line' id='line_1_56' title="bbox 303 5220 2011 5299; baseline -0.001 -19"><span class='ocrx_word' id='word_1_451' title='bbox 303 5229 426 5299; x_wconf 80' lang='lat' dir='ltr'><strong>ejus</strong></span> <span class='ocrx_word' id='word_1_452' title='bbox 458 5225 629 5296; x_wconf 83' lang='lat' dir='ltr'><strong>(Psal.</strong></span> <span class='ocrx_word' id='word_1_453' title='bbox 676 5241 837 5293; x_wconf 78' lang='lat' dir='ltr'><strong>uxv,</strong></span> <span class='ocrx_word' id='word_1_454' title='bbox 881 5222 986 5293; x_wconf 64' lang='lat'><strong>2)?</strong></span> <span class='ocrx_word' id='word_1_455' title='bbox 1027 5223 1174 5294; x_wconf 85' lang='lat' dir='ltr'><strong>Ergo</strong></span> <span class='ocrx_word' id='word_1_456' title='bbox 1217 5220 1575 5289; x_wconf 83' lang='lat' dir='ltr'><strong>manifestavi</strong></span> <span class='ocrx_word' id='word_1_457' title='bbox 1611 5235 1808 5276; x_wconf 79' lang='lat' dir='ltr'><strong>nomen</strong></span> <span class='ocrx_word' id='word_1_458' title='bbox 1853 5226 2011 5278; x_wconf 87' lang='lat' dir='ltr'><strong>tuum</strong></span> 
     </span>
    </p>
   </div>
   <div class='ocr_carea' id='block_1_57' title="bbox 303 5305 2009 5384">
    <p class='ocr_par' dir='ltr' id='par_1_57' title="bbox 303 5305 2009 5384">
     <span class='ocr_line' id='line_1_57' title="bbox 303 5305 2009 5384; baseline -0.004 -12"><span class='ocrx_word' id='word_1_459' title='bbox 303 5314 624 5372; x_wconf 78' lang='lat' dir='ltr'><strong>hominibus</strong></span> <span class='ocrx_word' id='word_1_460' title='bbox 646 5314 941 5384; x_wconf 86' lang='lat' dir='ltr'><strong>istis,quos</strong></span> <span class='ocrx_word' id='word_1_461' title='bbox 960 5309 1155 5366; x_wconf 84' lang='lat' dir='ltr'><strong>dedisti</strong></span> <span class='ocrx_word' id='word_1_462' title='bbox 1182 5308 1326 5364; x_wconf 87' lang='lat' dir='ltr'><strong>mihi</strong></span> <span class='ocrx_word' id='word_1_463' title='bbox 1353 5309 1420 5363; x_wconf 84' lang='lat' dir='ltr'><strong>de</strong></span> <span class='ocrx_word' id='word_1_464' title='bbox 1449 5305 1778 5378; x_wconf 82' lang='lat' dir='ltr'><strong>mundo,qui</strong></span> <span class='ocrx_word' id='word_1_465' title='bbox 1802 5324 1892 5364; x_wconf 89' lang='lat' dir='ltr'><strong>me</strong></span> <span class='ocrx_word' id='word_1_466' title='bbox 1906 5325 2009 5366; x_wconf 84' lang='lat' dir='ltr'><strong>au-</strong></span> 
     </span>
    </p>
   </div>
   <div class='ocr_carea' id='block_1_58' title="bbox 302 5396 2008 5467">
    <p class='ocr_par' dir='ltr' id='par_1_58' title="bbox 302 5396 2008 5467">
     <span class='ocr_line' id='line_1_58' title="bbox 302 5396 2008 5467; baseline -0.005 -5"><span class='ocrx_word' id='word_1_467' title='bbox 302 5407 479 5462; x_wconf 86' lang='lat' dir='ltr'><strong>diunt</strong></span> <span class='ocrx_word' id='word_1_468' title='bbox 497 5403 616 5459; x_wconf 74' lang='lat' dir='ltr'><strong>haec</strong></span> <span class='ocrx_word' id='word_1_469' title='bbox 639 5402 958 5460; x_wconf 86' lang='lat' dir='ltr'><strong>dicentem:</strong></span> <span class='ocrx_word' id='word_1_470' title='bbox 987 5415 1102 5454; x_wconf 91' lang='lat' dir='ltr'><strong>non</strong></span> <span class='ocrx_word' id='word_1_471' title='bbox 1126 5396 1270 5453; x_wconf 90' lang='lat' dir='ltr'><strong>illud</strong></span> <span class='ocrx_word' id='word_1_472' title='bbox 1289 5410 1499 5454; x_wconf 88' lang='lat' dir='ltr'><strong>nomen</strong></span> <span class='ocrx_word' id='word_1_473' title='bbox 1524 5399 1685 5452; x_wconf 89' lang='lat' dir='ltr'><strong>tuum</strong></span> <span class='ocrx_word' id='word_1_474' title='bbox 1708 5412 1820 5467; x_wconf 92' lang='lat' dir='ltr'><strong>quo</strong></span> <span class='ocrx_word' id='word_1_475' title='bbox 1844 5413 2008 5454; x_wconf 84' lang='lat' dir='ltr'><strong>voca-</strong></span> 
     </span>
    </p>
   </div>
   <div class='ocr_carea' id='block_1_59' title="bbox 305 5487 2008 5563">
    <p class='ocr_par' dir='ltr' id='par_1_59' title="bbox 305 5487 2008 5563">
     <span class='ocr_line' id='line_1_59' title="bbox 305 5487 2008 5563; baseline -0.005 -9"><span class='ocrx_word' id='word_1_476' title='bbox 305 5497 392 5554; x_wconf 85' lang='lat' dir='ltr'><strong>ris</strong></span> <span class='ocrx_word' id='word_1_477' title='bbox 412 5493 690 5563; x_wconf 85' lang='lat' dir='ltr'><strong>Deus,sed</strong></span> <span class='ocrx_word' id='word_1_478' title='bbox 715 5490 854 5547; x_wconf 89' lang='lat' dir='ltr'><strong>illud</strong></span> <span class='ocrx_word' id='word_1_479' title='bbox 879 5507 990 5563; x_wconf 91' lang='lat' dir='ltr'><strong>quo</strong></span> <span class='ocrx_word' id='word_1_480' title='bbox 1004 5488 1228 5547; x_wconf 88' lang='lat' dir='ltr'><strong>vocaris</strong></span> <span class='ocrx_word' id='word_1_481' title='bbox 1242 5488 1408 5545; x_wconf 86' lang='lat' dir='ltr'><strong>Pater</strong></span> <span class='ocrx_word' id='word_1_482' title='bbox 1421 5502 1604 5554; x_wconf 88' lang='lat' dir='ltr'><strong>meus;</strong></span> <span class='ocrx_word' id='word_1_483' title='bbox 1621 5487 1773 5558; x_wconf 89' lang='lat' dir='ltr'><strong>quod</strong></span> <span class='ocrx_word' id='word_1_484' title='bbox 1796 5503 2008 5546; x_wconf 89' lang='lat' dir='ltr'><strong>nomen</strong></span> 
     </span>
    </p>
   </div>
   <div class='ocr_carea' id='block_1_60' title="bbox 305 5577 2006 5654">
    <p class='ocr_par' dir='ltr' id='par_1_60' title="bbox 305 5577 2006 5654">
     <span class='ocr_line' id='line_1_60' title="bbox 305 5577 2006 5654; baseline -0.005 -10"><span class='ocrx_word' id='word_1_485' title='bbox 305 5582 670 5644; x_wconf 87' lang='lat' dir='ltr'><strong>manifestari</strong></span> <span class='ocrx_word' id='word_1_486' title='bbox 693 5581 821 5638; x_wconf 89' lang='lat' dir='ltr'><strong>sine</strong></span> <span class='ocrx_word' id='word_1_487' title='bbox 836 5581 1024 5654; x_wconf 88' lang='lat' dir='ltr'><strong>ipsius</strong></span> <span class='ocrx_word' id='word_1_488' title='bbox 1039 5580 1159 5637; x_wconf 83' lang='lat' dir='ltr'><strong>Filii</strong></span> <span class='ocrx_word' id='word_1_489' title='bbox 1177 5577 1644 5636; x_wconf 88' lang='lat' dir='ltr'><strong>manifestatione</strong></span> <span class='ocrx_word' id='word_1_490' title='bbox 1661 5593 1770 5634; x_wconf 90' lang='lat' dir='ltr'><strong>non</strong></span> <span class='ocrx_word' id='word_1_491' title='bbox 1792 5583 2006 5650; x_wconf 88' lang='lat' dir='ltr'><strong>posset.</strong></span> 
     </span>
    </p>
   </div>
   <div class='ocr_carea' id='block_1_61' title="bbox 1443 243 2639 310">
    <p class='ocr_par' dir='ltr' id='par_1_61' title="bbox 1443 243 2639 310">
     <span class='ocr_line' id='line_1_61' title="bbox 1443 243 2639 310; baseline 0.002 -4"><span class='ocrx_word' id='word_1_492' title='bbox 1443 245 1916 308; x_wconf 79' lang='lat' dir='ltr'><strong>TRACTATUS</strong></span> <span class='ocrx_word' id='word_1_493' title='bbox 1961 243 2108 305; x_wconf 83' lang='lat' dir='ltr'><strong>CVI.</strong></span> <span class='ocrx_word' id='word_1_494' title='bbox 2155 243 2410 308; x_wconf 82' lang='lat' dir='ltr'>CAPUT</span> <span class='ocrx_word' id='word_1_495' title='bbox 2457 249 2639 310; x_wconf 80' lang='lat' dir='ltr'><strong>XVII.</strong></span> 
     </span>
    </p>
   </div>
   <div class='ocr_carea' id='block_1_62' title="bbox 3653 259 3807 320">
    <p class='ocr_par' dir='ltr' id='par_1_62' title="bbox 3653 259 3807 320">
     <span class='ocr_line' id='line_1_62' title="bbox 3653 259 3807 320; baseline -0.026 0"><span class='ocrx_word' id='word_1_496' title='bbox 3653 259 3807 320; x_wconf 80' lang='grc'><strong>1910</strong></span> 
     </span>
    </p>
   </div>
   <div class='ocr_carea' id='block_1_63' title="bbox 2105 375 3801 461">
    <p class='ocr_par' dir='ltr' id='par_1_63' title="bbox 2105 375 3801 461">
     <span class='ocr_line' id='line_1_63' title="bbox 2105 375 3801 461; baseline 0.008 -25"><span class='ocrx_word' id='word_1_497' title='bbox 2105 375 2248 436; x_wconf 88' lang='lat' dir='ltr'><strong>Nam</strong></span> <span class='ocrx_word' id='word_1_498' title='bbox 2289 382 2445 452; x_wconf 89' lang='lat' dir='ltr'><strong>quod</strong></span> <span class='ocrx_word' id='word_1_499' title='bbox 2478 382 2632 440; x_wconf 89' lang='lat' dir='ltr'><strong>Deus</strong></span> <span class='ocrx_word' id='word_1_500' title='bbox 2682 383 2898 442; x_wconf 91' lang='lat' dir='ltr'><strong>dicitur</strong></span> <span class='ocrx_word' id='word_1_501' title='bbox 2953 386 3233 443; x_wconf 79' lang='lat' dir='ltr'><strong>universis</strong></span> <span class='ocrx_word' id='word_1_502' title='bbox 3282 393 3576 461; x_wconf 66' lang='lat' dir='ltr'><strong>creatura,</strong></span> <span class='ocrx_word' id='word_1_503' title='bbox 3628 395 3801 450; x_wconf 87' lang='lat' dir='ltr'><strong>etiam</strong></span> 
     </span>
    </p>
   </div>
   <div class='ocr_carea' id='block_1_64' title="bbox 2102 467 3802 549">
    <p class='ocr_par' dir='ltr' id='par_1_64' title="bbox 2102 467 3802 549">
     <span class='ocr_line' id='line_1_64' title="bbox 2102 467 3802 549; baseline 0.008 -27"><span class='ocrx_word' id='word_1_504' title='bbox 2102 467 2371 525; x_wconf 87' lang='lat' dir='ltr'><strong>omnibus</strong></span> <span class='ocrx_word' id='word_1_505' title='bbox 2413 472 2686 543; x_wconf 84' lang='lat' dir='ltr'><strong>gentibus</strong></span> <span class='ocrx_word' id='word_1_506' title='bbox 2717 478 3030 546; x_wconf 87' lang='lat' dir='ltr'><strong>antequam</strong></span> <span class='ocrx_word' id='word_1_507' title='bbox 3061 475 3120 532; x_wconf 90' lang='lat' dir='ltr'><strong>in</strong></span> <span class='ocrx_word' id='word_1_508' title='bbox 3151 476 3444 534; x_wconf 88' lang='lat' dir='ltr'><strong>Christum</strong></span> <span class='ocrx_word' id='word_1_509' title='bbox 3478 482 3802 549; x_wconf 84' lang='lat' dir='ltr'><strong>crederent,</strong></span> 
     </span>
    </p>
   </div>
   <div class='ocr_carea' id='block_1_65' title="bbox 2105 559 3806 639">
    <p class='ocr_par' dir='ltr' id='par_1_65' title="bbox 2105 559 3806 639">
     <span class='ocr_line' id='line_1_65' title="bbox 2105 559 3806 639; baseline 0.008 -27"><span class='ocrx_word' id='word_1_510' title='bbox 2105 573 2220 613; x_wconf 90' lang='lat' dir='ltr'><strong>non</strong></span> <span class='ocrx_word' id='word_1_511' title='bbox 2253 559 2410 615; x_wconf 89' lang='lat' dir='ltr'><strong>omni</strong></span> <span class='ocrx_word' id='word_1_512' title='bbox 2442 561 2613 618; x_wconf 89' lang='lat' dir='ltr'><strong>modo</strong></span> <span class='ocrx_word' id='word_1_513' title='bbox 2633 579 2763 620; x_wconf 85' lang='lat' dir='ltr'><strong>esse</strong></span> <span class='ocrx_word' id='word_1_514' title='bbox 2784 563 2972 636; x_wconf 84' lang='lat' dir='ltr'><strong>potuit</strong></span> <span class='ocrx_word' id='word_1_515' title='bbox 2997 565 3103 622; x_wconf 91' lang='lat' dir='ltr'><strong>hoc</strong></span> <span class='ocrx_word' id='word_1_516' title='bbox 3135 581 3346 622; x_wconf 88' lang='lat' dir='ltr'><strong>nomen</strong></span> <span class='ocrx_word' id='word_1_517' title='bbox 3368 566 3650 639; x_wconf 81' lang='lat' dir='ltr'><strong>ignotum.</strong></span> <span class='ocrx_word' id='word_1_518' title='bbox 3679 570 3806 626; x_wconf 69' lang='lat' dir='ltr'><strong>Hrec</strong></span> 
     </span>
    </p>
   </div>
   <div class='ocr_carea' id='block_1_66' title="bbox 2104 648 3799 722">
    <p class='ocr_par' dir='ltr' id='par_1_66' title="bbox 2104 648 3799 722">
     <span class='ocr_line' id='line_1_66' title="bbox 2104 648 3799 722; baseline 0.004 -18"><span class='ocrx_word' id='word_1_519' title='bbox 2104 651 2193 704; x_wconf 82' lang='lat' dir='ltr'><strong>est</strong></span> <span class='ocrx_word' id='word_1_520' title='bbox 2223 648 2378 704; x_wconf 90' lang='lat' dir='ltr'><strong>enim</strong></span> <span class='ocrx_word' id='word_1_521' title='bbox 2409 649 2492 705; x_wconf 88' lang='lat' dir='ltr'><strong>vis</strong></span> <span class='ocrx_word' id='word_1_522' title='bbox 2542 667 2686 708; x_wconf 66' lang='lat' dir='ltr'><strong>vere</strong></span> <span class='ocrx_word' id='word_1_523' title='bbox 2735 653 3082 722; x_wconf 84' lang='lat' dir='ltr'><strong>divinitatis,</strong></span> <span class='ocrx_word' id='word_1_524' title='bbox 3116 658 3178 710; x_wconf 90' lang='lat' dir='ltr'><strong>ut</strong></span> <span class='ocrx_word' id='word_1_525' title='bbox 3207 659 3484 712; x_wconf 69' lang='lat' dir='ltr'><strong>creatura</strong></span> <span class='ocrx_word' id='word_1_526' title='bbox 3534 659 3799 714; x_wconf 87' lang='lat' dir='ltr'><strong>rationali</strong></span> 
     </span>
    </p>
   </div>
   <div class='ocr_carea' id='block_1_67' title="bbox 2101 735 3807 816">
    <p class='ocr_par' dir='ltr' id='par_1_67' title="bbox 2101 735 3807 816">
     <span class='ocr_line' id='line_1_67' title="bbox 2101 735 3807 816; baseline 0.006 -26"><span class='ocrx_word' id='word_1_527' title='bbox 2101 735 2224 806; x_wconf 85' lang='lat' dir='ltr'><strong>jam</strong></span> <span class='ocrx_word' id='word_1_528' title='bbox 2275 738 2495 794; x_wconf 86' lang='lat' dir='ltr'><strong>ratione</strong></span> <span class='ocrx_word' id='word_1_529' title='bbox 2541 741 2744 808; x_wconf 89' lang='lat' dir='ltr'><strong>utenti,</strong></span> <span class='ocrx_word' id='word_1_530' title='bbox 2795 758 2909 799; x_wconf 91' lang='lat' dir='ltr'><strong>non</strong></span> <span class='ocrx_word' id='word_1_531' title='bbox 2958 742 3195 799; x_wconf 90' lang='lat' dir='ltr'><strong>omnino</strong></span> <span class='ocrx_word' id='word_1_532' title='bbox 3235 761 3302 800; x_wconf 89' lang='lat' dir='ltr'><strong>ac</strong></span> <span class='ocrx_word' id='word_1_533' title='bbox 3339 745 3571 816; x_wconf 88' lang='lat' dir='ltr'><strong>penitus</strong></span> <span class='ocrx_word' id='word_1_534' title='bbox 3624 748 3807 816; x_wconf 84' lang='lat' dir='ltr'><strong>possit</strong></span> 
     </span>
    </p>
   </div>
   <div class='ocr_carea' id='block_1_68' title="bbox 2107 825 3802 905">
    <p class='ocr_par' dir='ltr' id='par_1_68' title="bbox 2107 825 3802 905">
     <span class='ocr_line' id='line_1_68' title="bbox 2107 825 3802 905; baseline 0.006 -24"><span class='ocrx_word' id='word_1_535' title='bbox 2107 825 2406 882; x_wconf 80' lang='lat' dir='ltr'><strong>abscondi.</strong></span> <span class='ocrx_word' id='word_1_536' title='bbox 2441 828 2707 901; x_wconf 88' lang='lat' dir='ltr'><strong>Exceptis</strong></span> <span class='ocrx_word' id='word_1_537' title='bbox 2727 832 2884 887; x_wconf 90' lang='lat' dir='ltr'><strong>enim</strong></span> <span class='ocrx_word' id='word_1_538' title='bbox 2909 833 3111 903; x_wconf 80' lang='lat' dir='ltr'><strong>paucis</strong></span> <span class='ocrx_word' id='word_1_539' title='bbox 3142 833 3201 888; x_wconf 90' lang='lat' dir='ltr'><strong>in</strong></span> <span class='ocrx_word' id='word_1_540' title='bbox 3229 833 3442 905; x_wconf 89' lang='lat' dir='ltr'><strong>quibus</strong></span> <span class='ocrx_word' id='word_1_541' title='bbox 3464 840 3678 892; x_wconf 87' lang='lat' dir='ltr'><strong>natura</strong></span> <span class='ocrx_word' id='word_1_542' title='bbox 3709 836 3802 891; x_wconf 83' lang='lat' dir='ltr'><strong>ni-</strong></span> 
     </span>
    </p>
   </div>
   <div class='ocr_carea' id='block_1_69' title="bbox 2107 914 3803 994">
    <p class='ocr_par' dir='ltr' id='par_1_69' title="bbox 2107 914 3803 994">
     <span class='ocr_line' id='line_1_69' title="bbox 2107 914 3803 994; baseline 0.005 -23"><span class='ocrx_word' id='word_1_543' title='bbox 2107 914 2285 971; x_wconf 88' lang='lat' dir='ltr'><strong>mium</strong></span> <span class='ocrx_word' id='word_1_544' title='bbox 2331 916 2641 989; x_wconf 86' lang='lat' dir='ltr'><strong>depravata</strong></span> <span class='ocrx_word' id='word_1_545' title='bbox 2687 923 2795 986; x_wconf 90' lang='lat' dir='ltr'><strong>est,</strong></span> <span class='ocrx_word' id='word_1_546' title='bbox 2843 922 3184 978; x_wconf 89' lang='lat' dir='ltr'><strong>universum</strong></span> <span class='ocrx_word' id='word_1_547' title='bbox 3231 939 3418 994; x_wconf 88' lang='lat' dir='ltr'><strong>genus</strong></span> <span class='ocrx_word' id='word_1_548' title='bbox 3479 923 3803 980; x_wconf 88' lang='lat' dir='ltr'><strong>humanum</strong></span> 
     </span>
    </p>
   </div>
   <div class='ocr_carea' id='block_1_70' title="bbox 2105 1008 3804 1085">
    <p class='ocr_par' dir='ltr' id='par_1_70' title="bbox 2105 1008 3804 1085">
     <span class='ocr_line' id='line_1_70' title="bbox 2105 1008 3804 1085; baseline 0.006 -26"><span class='ocrx_word' id='word_1_549' title='bbox 2105 1008 2284 1060; x_wconf 89' lang='lat' dir='ltr'><strong>Deum</strong></span> <span class='ocrx_word' id='word_1_550' title='bbox 2319 1009 2522 1064; x_wconf 90' lang='lat' dir='ltr'><strong>mundi</strong></span> <span class='ocrx_word' id='word_1_551' title='bbox 2572 1009 2748 1080; x_wconf 87' lang='lat' dir='ltr'><strong>hujus</strong></span> <span class='ocrx_word' id='word_1_552' title='bbox 2799 1011 3012 1067; x_wconf 78' lang='lat' dir='ltr'><strong>fatetur</strong></span> <span class='ocrx_word' id='word_1_553' title='bbox 3049 1021 3362 1069; x_wconf 86' lang='lat' dir='ltr'><strong>auctorem.</strong></span> <span class='ocrx_word' id='word_1_554' title='bbox 3414 1013 3476 1070; x_wconf 91' lang='lat' dir='ltr'><strong>In</strong></span> <span class='ocrx_word' id='word_1_555' title='bbox 3527 1013 3638 1071; x_wconf 88' lang='lat' dir='ltr'><strong>hoc</strong></span> <span class='ocrx_word' id='word_1_556' title='bbox 3668 1031 3804 1085; x_wconf 81' lang='lat' dir='ltr'><strong>ergo</strong></span> 
     </span>
    </p>
   </div>
   <div class='ocr_carea' id='block_1_71' title="bbox 2101 1095 3804 1175">
    <p class='ocr_par' dir='ltr' id='par_1_71' title="bbox 2101 1095 3804 1175">
     <span class='ocr_line' id='line_1_71' title="bbox 2101 1095 3804 1175; baseline 0.007 -27"><span class='ocrx_word' id='word_1_557' title='bbox 2101 1095 2254 1164; x_wconf 92' lang='lat' dir='ltr'><strong>quod</strong></span> <span class='ocrx_word' id='word_1_558' title='bbox 2289 1095 2420 1151; x_wconf 83' lang='lat' dir='ltr'><strong>fecit</strong></span> <span class='ocrx_word' id='word_1_559' title='bbox 2450 1096 2913 1170; x_wconf 47' lang='lat' dir='ltr'><strong>huncjmundum</strong></span> <span class='ocrx_word' id='word_1_560' title='bbox 2936 1101 3079 1158; x_wconf 84' lang='lat' dir='ltr'><strong>ccelo</strong></span> <span class='ocrx_word' id='word_1_561' title='bbox 3101 1106 3369 1175; x_wconf 88' lang='lat' dir='ltr'><strong>terraque</strong></span> <span class='ocrx_word' id='word_1_562' title='bbox 3394 1105 3804 1174; x_wconf 88' lang='lat' dir='ltr'><strong>conspicuum,</strong></span> 
     </span>
    </p>
   </div>
   <div class='ocr_carea' id='block_1_72' title="bbox 2097 1185 3806 1261">
    <p class='ocr_par' dir='ltr' id='par_1_72' title="bbox 2097 1185 3806 1261">
     <span class='ocr_line' id='line_1_72' title="bbox 2097 1185 3806 1261; baseline 0.006 -24"><span class='ocrx_word' id='word_1_563' title='bbox 2097 1187 2156 1238; x_wconf 91' lang='lat' dir='ltr'><strong>et</strong></span> <span class='ocrx_word' id='word_1_564' title='bbox 2177 1189 2490 1255; x_wconf 81' lang='lat' dir='ltr'><strong>antequam</strong></span> <span class='ocrx_word' id='word_1_565' title='bbox 2514 1185 2909 1244; x_wconf 90' lang='lat' dir='ltr'><strong>imbuerentur</strong></span> <span class='ocrx_word' id='word_1_566' title='bbox 2933 1190 2990 1245; x_wconf 90' lang='lat' dir='ltr'><strong>in</strong></span> <span class='ocrx_word' id='word_1_567' title='bbox 3015 1190 3129 1246; x_wconf 87' lang='lat' dir='ltr'><strong>fide</strong></span> <span class='ocrx_word' id='word_1_568' title='bbox 3149 1190 3387 1261; x_wconf 86' lang='lat' dir='ltr'><strong>Christi,</strong></span> <span class='ocrx_word' id='word_1_569' title='bbox 3414 1199 3585 1248; x_wconf 89' lang='lat' dir='ltr'><strong>notus</strong></span> <span class='ocrx_word' id='word_1_570' title='bbox 3611 1194 3806 1251; x_wconf 86' lang='lat' dir='ltr'><strong>omni-</strong></span> 
     </span>
    </p>
   </div>
   <div class='ocr_carea' id='block_1_73' title="bbox 2101 1271 3796 1352">
    <p class='ocr_par' dir='ltr' id='par_1_73' title="bbox 2101 1271 3796 1352">
     <span class='ocr_line' id='line_1_73' title="bbox 2101 1271 3796 1352; baseline 0.006 -27"><span class='ocrx_word' id='word_1_571' title='bbox 2101 1271 2210 1327; x_wconf 88' lang='lat' dir='ltr'><strong>bus</strong></span> <span class='ocrx_word' id='word_1_572' title='bbox 2232 1274 2503 1343; x_wconf 89' lang='lat' dir='ltr'><strong>gentibus</strong></span> <span class='ocrx_word' id='word_1_573' title='bbox 2520 1274 2692 1332; x_wconf 90' lang='lat' dir='ltr'><strong>Deus.</strong></span> <span class='ocrx_word' id='word_1_574' title='bbox 2719 1276 2784 1332; x_wconf 90' lang='lat' dir='ltr'><strong>In</strong></span> <span class='ocrx_word' id='word_1_575' title='bbox 2809 1277 2915 1334; x_wconf 91' lang='lat' dir='ltr'><strong>hoc</strong></span> <span class='ocrx_word' id='word_1_576' title='bbox 2928 1282 3120 1335; x_wconf 89' lang='lat' dir='ltr'><strong>autem</strong></span> <span class='ocrx_word' id='word_1_577' title='bbox 3141 1281 3298 1351; x_wconf 88' lang='lat' dir='ltr'><strong>quod</strong></span> <span class='ocrx_word' id='word_1_578' title='bbox 3318 1297 3430 1336; x_wconf 90' lang='lat' dir='ltr'><strong>non</strong></span> <span class='ocrx_word' id='word_1_579' title='bbox 3450 1286 3539 1338; x_wconf 86' lang='lat' dir='ltr'><strong>est</strong></span> <span class='ocrx_word' id='word_1_580' title='bbox 3560 1281 3796 1352; x_wconf 83' lang='lat' dir='ltr'><strong>injuriis</strong></span> 
     </span>
    </p>
   </div>
   <div class='ocr_carea' id='block_1_74' title="bbox 2102 1361 3800 1432">
    <p class='ocr_par' dir='ltr' id='par_1_74' title="bbox 2102 1361 3800 1432">
     <span class='ocr_line' id='line_1_74' title="bbox 2102 1361 3800 1432; baseline 0.005 -15"><span class='ocrx_word' id='word_1_581' title='bbox 2102 1361 2224 1417; x_wconf 85' lang='lat' dir='ltr'><strong>suis</strong></span> <span class='ocrx_word' id='word_1_582' title='bbox 2255 1379 2387 1418; x_wconf 90' lang='lat' dir='ltr'><strong>cum</strong></span> <span class='ocrx_word' id='word_1_583' title='bbox 2420 1364 2533 1420; x_wconf 89' lang='lat' dir='ltr'><strong>diis</strong></span> <span class='ocrx_word' id='word_1_584' title='bbox 2567 1364 2730 1421; x_wconf 79' lang='lat' dir='ltr'><strong>falsis</strong></span> <span class='ocrx_word' id='word_1_585' title='bbox 2761 1366 3065 1432; x_wconf 88' lang='lat' dir='ltr'><strong>colendus,</strong></span> <span class='ocrx_word' id='word_1_586' title='bbox 3098 1375 3271 1426; x_wconf 88' lang='lat' dir='ltr'><strong>notus</strong></span> <span class='ocrx_word' id='word_1_587' title='bbox 3301 1370 3361 1425; x_wconf 88' lang='lat' dir='ltr'><strong>in</strong></span> <span class='ocrx_word' id='word_1_588' title='bbox 3390 1372 3598 1426; x_wconf 76' lang='lat' dir='ltr'><strong>Judssa</strong></span> <span class='ocrx_word' id='word_1_589' title='bbox 3630 1375 3800 1427; x_wconf 89' lang='lat' dir='ltr'><strong>Deus.</strong></span> 
     </span>
    </p>
   </div>
   <div class='ocr_carea' id='block_1_75' title="bbox 2103 1450 3804 1532">
    <p class='ocr_par' dir='ltr' id='par_1_75' title="bbox 2103 1450 3804 1532">
     <span class='ocr_line' id='line_1_75' title="bbox 2103 1450 3804 1532; baseline 0.006 -27"><span class='ocrx_word' id='word_1_590' title='bbox 2103 1450 2180 1522; x_wconf 66' lang='lat' dir='ltr'><strong>In:</strong></span> <span class='ocrx_word' id='word_1_591' title='bbox 2201 1452 2308 1508; x_wconf 87' lang='lat' dir='ltr'><strong>hoc</strong></span> <span class='ocrx_word' id='word_1_592' title='bbox 2336 1468 2468 1509; x_wconf 89' lang='lat' dir='ltr'><strong>vero</strong></span> <span class='ocrx_word' id='word_1_593' title='bbox 2499 1456 2652 1525; x_wconf 85' lang='lat' dir='ltr'><strong>quod</strong></span> <span class='ocrx_word' id='word_1_594' title='bbox 2681 1457 2849 1512; x_wconf 89' lang='lat' dir='ltr'><strong>Pater</strong></span> <span class='ocrx_word' id='word_1_595' title='bbox 2897 1460 2986 1512; x_wconf 90' lang='lat' dir='ltr'><strong>est</strong></span> <span class='ocrx_word' id='word_1_596' title='bbox 3016 1457 3195 1527; x_wconf 88' lang='lat' dir='ltr'><strong>hujus</strong></span> <span class='ocrx_word' id='word_1_597' title='bbox 3226 1459 3460 1527; x_wconf 87' lang='lat' dir='ltr'><strong>Christi,</strong></span> <span class='ocrx_word' id='word_1_598' title='bbox 3493 1476 3599 1531; x_wconf 90' lang='lat' dir='ltr'><strong>per</strong></span> <span class='ocrx_word' id='word_1_599' title='bbox 3629 1475 3804 1532; x_wconf 87' lang='lat' dir='ltr'><strong>quem</strong></span> 
     </span>
    </p>
   </div>
   <div class='ocr_carea' id='block_1_76' title="bbox 2105 1539 3809 1620">
    <p class='ocr_par' dir='ltr' id='par_1_76' title="bbox 2105 1539 3809 1620">
     <span class='ocr_line' id='line_1_76' title="bbox 2105 1539 3809 1620; baseline 0.004 -24"><span class='ocrx_word' id='word_1_600' title='bbox 2105 1539 2256 1597; x_wconf 87' lang='lat' dir='ltr'><strong>tollit</strong></span> <span class='ocrx_word' id='word_1_601' title='bbox 2285 1547 2582 1613; x_wconf 89' lang='lat' dir='ltr'><strong>peccatum</strong></span> <span class='ocrx_word' id='word_1_602' title='bbox 2617 1546 2845 1612; x_wconf 89' lang='lat' dir='ltr'><strong>mundi,</strong></span> <span class='ocrx_word' id='word_1_603' title='bbox 2873 1545 2982 1603; x_wconf 92' lang='lat' dir='ltr'><strong>hoc</strong></span> <span class='ocrx_word' id='word_1_604' title='bbox 3015 1562 3227 1603; x_wconf 90' lang='lat' dir='ltr'><strong>nomen</strong></span> <span class='ocrx_word' id='word_1_605' title='bbox 3256 1548 3384 1618; x_wconf 91' lang='lat' dir='ltr'><strong>ejus</strong></span> <span class='ocrx_word' id='word_1_606' title='bbox 3413 1549 3578 1620; x_wconf 90' lang='lat' dir='ltr'><strong>prius</strong></span> <span class='ocrx_word' id='word_1_607' title='bbox 3613 1549 3809 1604; x_wconf 88' lang='lat' dir='ltr'><strong>occul-</strong></span> 
     </span>
    </p>
   </div>
   <div class='ocr_carea' id='block_1_77' title="bbox 2102 1632 3813 1707">
    <p class='ocr_par' dir='ltr' id='par_1_77' title="bbox 2102 1632 3813 1707">
     <span class='ocr_line' id='line_1_77' title="bbox 2102 1632 3813 1707; baseline 0.005 -23"><span class='ocrx_word' id='word_1_608' title='bbox 2102 1633 2226 1685; x_wconf 89' lang='lat' dir='ltr'><strong>tum</strong></span> <span class='ocrx_word' id='word_1_609' title='bbox 2266 1632 2562 1701; x_wconf 88' lang='lat' dir='ltr'><strong>omnibus,</strong></span> <span class='ocrx_word' id='word_1_610' title='bbox 2611 1651 2766 1689; x_wconf 92' lang='lat' dir='ltr'><strong>nunc</strong></span> <span class='ocrx_word' id='word_1_611' title='bbox 2811 1635 3206 1691; x_wconf 89' lang='lat' dir='ltr'><strong>manifestavit</strong></span> <span class='ocrx_word' id='word_1_612' title='bbox 3250 1637 3332 1692; x_wconf 88' lang='lat' dir='ltr'><strong>eis</strong></span> <span class='ocrx_word' id='word_1_613' title='bbox 3379 1653 3524 1707; x_wconf 90' lang='lat' dir='ltr'><strong>quos</strong></span> <span class='ocrx_word' id='word_1_614' title='bbox 3571 1638 3729 1693; x_wconf 91' lang='lat' dir='ltr'><strong>dedit</strong></span> <span class='ocrx_word' id='word_1_615' title='bbox 3759 1639 3813 1692; x_wconf 90' lang='lat' dir='ltr'><strong>ei</strong></span> 
     </span>
    </p>
   </div>
   <div class='ocr_carea' id='block_1_78' title="bbox 2107 1720 3811 1798">
    <p class='ocr_par' dir='ltr' id='par_1_78' title="bbox 2107 1720 3811 1798">
     <span class='ocr_line' id='line_1_78' title="bbox 2107 1720 3811 1798; baseline 0.004 -23"><span class='ocrx_word' id='word_1_616' title='bbox 2107 1720 2271 1776; x_wconf 86' lang='lat' dir='ltr'><strong>Pater</strong></span> <span class='ocrx_word' id='word_1_617' title='bbox 2301 1721 2426 1793; x_wconf 90' lang='lat' dir='ltr'><strong>ipse</strong></span> <span class='ocrx_word' id='word_1_618' title='bbox 2458 1723 2527 1778; x_wconf 89' lang='lat' dir='ltr'><strong>de</strong></span> <span class='ocrx_word' id='word_1_619' title='bbox 2561 1725 2802 1780; x_wconf 89' lang='lat' dir='ltr'><strong>mundo.</strong></span> <span class='ocrx_word' id='word_1_620' title='bbox 2845 1726 2954 1781; x_wconf 88' lang='lat' dir='ltr'><strong>Sed</strong></span> <span class='ocrx_word' id='word_1_621' title='bbox 2989 1725 3284 1798; x_wconf 88' lang='lat' dir='ltr'><strong>quomodo</strong></span> <span class='ocrx_word' id='word_1_622' title='bbox 3318 1727 3726 1794; x_wconf 87' lang='lat' dir='ltr'><strong>manifestavit,</strong></span> <span class='ocrx_word' id='word_1_623' title='bbox 3763 1729 3811 1783; x_wconf 89' lang='lat' dir='ltr'><strong>si</strong></span> 
     </span>
    </p>
   </div>
   <div class='ocr_carea' id='block_1_79' title="bbox 2107 1812 3814 1890">
    <p class='ocr_par' dir='ltr' id='par_1_79' title="bbox 2107 1812 3814 1890">
     <span class='ocr_line' id='line_1_79' title="bbox 2107 1812 3814 1890; baseline 0.002 -22"><span class='ocrx_word' id='word_1_624' title='bbox 2107 1812 2368 1868; x_wconf 89' lang='lat' dir='ltr'><strong>nondum</strong></span> <span class='ocrx_word' id='word_1_625' title='bbox 2399 1813 2558 1870; x_wconf 88' lang='lat' dir='ltr'><strong>venit</strong></span> <span class='ocrx_word' id='word_1_626' title='bbox 2589 1813 2730 1872; x_wconf 91' lang='lat' dir='ltr'><strong>hora</strong></span> <span class='ocrx_word' id='word_1_627' title='bbox 2754 1816 2825 1871; x_wconf 92' lang='lat' dir='ltr'><strong>de</strong></span> <span class='ocrx_word' id='word_1_628' title='bbox 2845 1831 2961 1886; x_wconf 86' lang='lat' dir='ltr'><strong>qua</strong></span> <span class='ocrx_word' id='word_1_629' title='bbox 2982 1817 3251 1888; x_wconf 89' lang='lat' dir='ltr'><strong>superius</strong></span> <span class='ocrx_word' id='word_1_630' title='bbox 3270 1817 3512 1887; x_wconf 84' lang='lat' dir='ltr'><strong>dixerat,</strong></span> <span class='ocrx_word' id='word_1_631' title='bbox 3549 1819 3701 1890; x_wconf 90' lang='lat' dir='ltr'><strong>quod</strong></span> <span class='ocrx_word' id='word_1_632' title='bbox 3724 1834 3814 1872; x_wconf 85' lang='lat' dir='ltr'><strong>ve-</strong></span> 
     </span>
    </p>
   </div>
   <div class='ocr_carea' id='block_1_80' title="bbox 2108 1903 3813 1980">
    <p class='ocr_par' dir='ltr' id='par_1_80' title="bbox 2108 1903 3813 1980">
     <span class='ocr_line' id='line_1_80' title="bbox 2108 1903 3813 1980; baseline 0.001 -22"><span class='ocrx_word' id='word_1_633' title='bbox 2108 1903 2260 1958; x_wconf 88' lang='lat' dir='ltr'><strong>niret</strong></span> <span class='ocrx_word' id='word_1_634' title='bbox 2285 1903 2428 1960; x_wconf 88' lang='lat' dir='ltr'><strong>hora</strong></span> <span class='ocrx_word' id='word_1_635' title='bbox 2456 1921 2581 1959; x_wconf 80' lang='lat' dir='ltr'><strong>cum</strong></span> <span class='ocrx_word' id='word_1_636' title='bbox 2626 1905 2744 1974; x_wconf 74' lang='lat' dir='ltr'><strong>iam</strong></span> <span class='ocrx_word' id='word_1_637' title='bbox 2782 1922 2888 1962; x_wconf 86' lang='lat' dir='ltr'><strong>non</strong></span> <span class='ocrx_word' id='word_1_638' title='bbox 2921 1910 2980 1962; x_wconf 85' lang='lat' dir='ltr'><strong>in</strong></span> <span class='ocrx_word' id='word_1_639' title='bbox 3009 1907 3327 1976; x_wconf 82' lang='lat' dir='ltr'><strong>proverbiis,</strong></span> <span class='ocrx_word' id='word_1_640' title='bbox 3373 1908 3582 1980; x_wconf 85' lang='lat' dir='ltr'><strong>inquit,</strong></span> <span class='ocrx_word' id='word_1_641' title='bbox 3619 1908 3813 1980; x_wconf 84' lang='lat' dir='ltr'><strong>loquar</strong></span> 
     </span>
    </p>
   </div>
   <div class='ocr_carea' id='block_1_81' title="bbox 2111 1993 3808 2068">
    <p class='ocr_par' dir='ltr' id='par_1_81' title="bbox 2111 1993 3808 2068">
     <span class='ocr_line' id='line_1_81' title="bbox 2111 1993 3808 2068; baseline 0.002 -20"><span class='ocrx_word' id='word_1_642' title='bbox 2111 1993 2284 2061; x_wconf 83' lang='lat' dir='ltr'><strong>vobis,</strong></span> <span class='ocrx_word' id='word_1_643' title='bbox 2316 1993 2408 2049; x_wconf 91' lang='lat' dir='ltr'><strong>sed</strong></span> <span class='ocrx_word' id='word_1_644' title='bbox 2435 1995 2625 2065; x_wconf 88' lang='lat' dir='ltr'><strong>palam</strong></span> <span class='ocrx_word' id='word_1_645' title='bbox 2645 1996 2710 2050; x_wconf 91' lang='lat' dir='ltr'><strong>de</strong></span> <span class='ocrx_word' id='word_1_646' title='bbox 2730 1997 2904 2052; x_wconf 82' lang='lat' dir='ltr'><strong>Patre</strong></span> <span class='ocrx_word' id='word_1_647' title='bbox 2930 2013 3048 2053; x_wconf 88' lang='lat' dir='ltr'><strong>meo</strong></span> <span class='ocrx_word' id='word_1_648' title='bbox 3078 2000 3424 2055; x_wconf 84' lang='lat' dir='ltr'><strong>annuntiabo</strong></span> <span class='ocrx_word' id='word_1_649' title='bbox 3455 1999 3599 2054; x_wconf 87' lang='lat' dir='ltr'><strong>vobis</strong></span> <span class='ocrx_word' id='word_1_650' title='bbox 3631 1999 3808 2068; x_wconf 86' lang='lat' dir='ltr'><strong>(Joan.</strong></span> 
     </span>
    </p>
   </div>
   <div class='ocr_carea' id='block_1_82' title="bbox 2107 2084 3810 2159">
    <p class='ocr_par' dir='ltr' id='par_1_82' title="bbox 2107 2084 3810 2159">
     <span class='ocr_line' id='line_1_82' title="bbox 2107 2084 3810 2159; baseline 0.004 -23"><span class='ocrx_word' id='word_1_651' title='bbox 2107 2097 2219 2150; x_wconf 82' lang='lat' dir='ltr'><strong>xu,</strong></span> <span class='ocrx_word' id='word_1_652' title='bbox 2246 2084 2387 2154; x_wconf 84' lang='lat'><strong>25)?</strong></span> <span class='ocrx_word' id='word_1_653' title='bbox 2416 2086 2500 2139; x_wconf 81' lang='lat' dir='ltr'><strong>An</strong></span> <span class='ocrx_word' id='word_1_654' title='bbox 2532 2100 2663 2140; x_wconf 88' lang='lat' dir='ltr'><strong>vero</strong></span> <span class='ocrx_word' id='word_1_655' title='bbox 2697 2086 3062 2143; x_wconf 80' lang='lat' dir='ltr'><strong>annuntiatio</strong></span> <span class='ocrx_word' id='word_1_656' title='bbox 3087 2087 3396 2144; x_wconf 86' lang='lat' dir='ltr'><strong>manifesta</strong></span> <span class='ocrx_word' id='word_1_657' title='bbox 3421 2088 3721 2159; x_wconf 89' lang='lat' dir='ltr'><strong>putabitur</strong></span> <span class='ocrx_word' id='word_1_658' title='bbox 3752 2090 3810 2143; x_wconf 92' lang='lat' dir='ltr'><strong>in</strong></span> 
     </span>
    </p>
   </div>
   <div class='ocr_carea' id='block_1_83' title="bbox 2110 2173 3812 2246">
    <p class='ocr_par' dir='ltr' id='par_1_83' title="bbox 2110 2173 3812 2246">
     <span class='ocr_line' id='line_1_83' title="bbox 2110 2173 3812 2246; baseline 0.002 -20"><span class='ocrx_word' id='word_1_659' title='bbox 2110 2173 2476 2244; x_wconf 86' lang='lat' dir='ltr'><strong>proverbiis?</strong></span> <span class='ocrx_word' id='word_1_660' title='bbox 2505 2174 2617 2228; x_wconf 79' lang='lat' dir='ltr'><strong>Cur</strong></span> <span class='ocrx_word' id='word_1_661' title='bbox 2647 2189 2782 2246; x_wconf 85' lang='lat' dir='ltr'><strong>ergo</strong></span> <span class='ocrx_word' id='word_1_662' title='bbox 2825 2175 3044 2231; x_wconf 88' lang='lat' dir='ltr'><strong>dictum</strong></span> <span class='ocrx_word' id='word_1_663' title='bbox 3077 2181 3186 2245; x_wconf 91' lang='lat' dir='ltr'><strong>est,</strong></span> <span class='ocrx_word' id='word_1_664' title='bbox 3237 2177 3433 2231; x_wconf 89' lang='lat' dir='ltr'><strong>Palam</strong></span> <span class='ocrx_word' id='word_1_665' title='bbox 3470 2179 3812 2232; x_wconf 84' lang='lat' dir='ltr'><strong>annuntiabo</strong></span> 
     </span>
    </p>
   </div>
   <div class='ocr_carea' id='block_1_84' title="bbox 2109 2261 3814 2338">
    <p class='ocr_par' dir='ltr' id='par_1_84' title="bbox 2109 2261 3814 2338">
     <span class='ocr_line' id='line_1_84' title="bbox 2109 2261 3814 2338; baseline 0.002 -22"><span class='ocrx_word' id='word_1_666' title='bbox 2109 2261 2275 2330; x_wconf 83' lang='lat' dir='ltr'><strong>vobis,</strong></span> <span class='ocrx_word' id='word_1_667' title='bbox 2311 2262 2422 2317; x_wconf 87' lang='lat' dir='ltr'><strong>nisi</strong></span> <span class='ocrx_word' id='word_1_668' title='bbox 2453 2263 2591 2333; x_wconf 86' lang='lat' dir='ltr'><strong>quia</strong></span> <span class='ocrx_word' id='word_1_669' title='bbox 2614 2265 2670 2319; x_wconf 88' lang='lat' dir='ltr'><strong>in</strong></span> <span class='ocrx_word' id='word_1_670' title='bbox 2691 2266 2991 2335; x_wconf 86' lang='lat' dir='ltr'><strong>proverbiis</strong></span> <span class='ocrx_word' id='word_1_671' title='bbox 3013 2281 3128 2321; x_wconf 93' lang='lat' dir='ltr'><strong>non</strong></span> <span class='ocrx_word' id='word_1_672' title='bbox 3161 2273 3245 2322; x_wconf 87' lang='lat' dir='ltr'><strong>est</strong></span> <span class='ocrx_word' id='word_1_673' title='bbox 3269 2268 3461 2336; x_wconf 83' lang='lat' dir='ltr'><strong>palam</strong></span> <span class='ocrx_word' id='word_1_674' title='bbox 3481 2275 3507 2318; x_wconf 66' lang='grc' dir='ltr'><strong>,ν</strong></span> <span class='ocrx_word' id='word_1_675' title='bbox 3537 2268 3689 2338; x_wconf 91' lang='lat' dir='ltr'><strong>quod</strong></span> <span class='ocrx_word' id='word_1_676' title='bbox 3714 2283 3814 2321; x_wconf 90' lang='lat' dir='ltr'><strong>au-</strong></span> 
     </span>
    </p>
   </div>
   <div class='ocr_carea' id='block_1_85' title="bbox 2111 2352 3814 2424">
    <p class='ocr_par' dir='ltr' id='par_1_85' title="bbox 2111 2352 3814 2424">
     <span class='ocr_line' id='line_1_85' title="bbox 2111 2352 3814 2424; baseline 0.001 -17"><span class='ocrx_word' id='word_1_677' title='bbox 2111 2354 2229 2407; x_wconf 88' lang='lat' dir='ltr'><strong>tem</strong></span> <span class='ocrx_word' id='word_1_678' title='bbox 2265 2368 2379 2408; x_wconf 88' lang='lat' dir='ltr'><strong>non</strong></span> <span class='ocrx_word' id='word_1_679' title='bbox 2412 2352 2471 2408; x_wconf 91' lang='lat' dir='ltr'><strong>in</strong></span> <span class='ocrx_word' id='word_1_680' title='bbox 2504 2354 2823 2424; x_wconf 87' lang='lat' dir='ltr'><strong>proverbiis</strong></span> <span class='ocrx_word' id='word_1_681' title='bbox 2871 2353 3216 2419; x_wconf 88' lang='lat' dir='ltr'><strong>occultatur,</strong></span> <span class='ocrx_word' id='word_1_682' title='bbox 3267 2355 3367 2411; x_wconf 89' lang='lat' dir='ltr'><strong>sed</strong></span> <span class='ocrx_word' id='word_1_683' title='bbox 3401 2355 3589 2411; x_wconf 86' lang='lat' dir='ltr'><strong>verbis</strong></span> <span class='ocrx_word' id='word_1_684' title='bbox 3623 2354 3814 2410; x_wconf 88' lang='lat' dir='ltr'><strong>mani—</strong></span> 
     </span>
    </p>
   </div>
   <div class='ocr_carea' id='block_1_86' title="bbox 2112 2441 3811 2516">
    <p class='ocr_par' dir='ltr' id='par_1_86' title="bbox 2112 2441 3811 2516">
     <span class='ocr_line' id='line_1_86' title="bbox 2112 2441 3811 2516; baseline 0.002 -20"><span class='ocrx_word' id='word_1_685' title='bbox 2112 2441 2373 2508; x_wconf 84' lang='lat' dir='ltr'><strong>festatur,</strong></span> <span class='ocrx_word' id='word_1_686' title='bbox 2406 2441 2607 2513; x_wconf 90' lang='lat' dir='ltr'><strong>procul</strong></span> <span class='ocrx_word' id='word_1_687' title='bbox 2639 2443 2818 2499; x_wconf 88' lang='lat' dir='ltr'><strong>dubio</strong></span> <span class='ocrx_word' id='word_1_688' title='bbox 2851 2442 3043 2513; x_wconf 88' lang='lat' dir='ltr'><strong>palam</strong></span> <span class='ocrx_word' id='word_1_689' title='bbox 3075 2444 3307 2500; x_wconf 87' lang='lat' dir='ltr'><strong>dicitur.</strong></span> <span class='ocrx_word' id='word_1_690' title='bbox 3341 2446 3644 2508; x_wconf 87' lang='lat' dir='ltr'><strong>Quomodo</strong></span> <span class='ocrx_word' id='word_1_691' title='bbox 3674 2460 3811 2516; x_wconf 88' lang='lat' dir='ltr'><strong>ergo</strong></span> 
     </span>
    </p>
   </div>
   <div class='ocr_carea' id='block_1_87' title="bbox 2112 2530 3814 2602">
    <p class='ocr_par' dir='ltr' id='par_1_87' title="bbox 2112 2530 3814 2602">
     <span class='ocr_line' id='line_1_87' title="bbox 2112 2530 3814 2602; baseline 0.003 -18"><span class='ocrx_word' id='word_1_692' title='bbox 2112 2530 2507 2586; x_wconf 84' lang='lat' dir='ltr'><strong>manifeslavit</strong></span> <span class='ocrx_word' id='word_1_693' title='bbox 2536 2533 2690 2602; x_wconf 90' lang='lat' dir='ltr'><strong>quod</strong></span> <span class='ocrx_word' id='word_1_694' title='bbox 2723 2533 2985 2588; x_wconf 90' lang='lat' dir='ltr'><strong>nondum</strong></span> <span class='ocrx_word' id='word_1_695' title='bbox 3009 2533 3202 2602; x_wconf 86' lang='lat' dir='ltr'><strong>palam</strong></span> <span class='ocrx_word' id='word_1_696' title='bbox 3227 2532 3417 2588; x_wconf 80' lang='lat' dir='ltr'><strong>dixit?</strong></span> <span class='ocrx_word' id='word_1_697' title='bbox 3449 2532 3696 2589; x_wconf 88' lang='lat' dir='ltr'><strong>Proinde</strong></span> <span class='ocrx_word' id='word_1_698' title='bbox 3727 2535 3814 2589; x_wconf 88' lang='lat' dir='ltr'><strong>sic</strong></span> 
     </span>
    </p>
   </div>
   <div class='ocr_carea' id='block_1_88' title="bbox 2111 2617 3812 2695">
    <p class='ocr_par' dir='ltr' id='par_1_88' title="bbox 2111 2617 3812 2695">
     <span class='ocr_line' id='line_1_88' title="bbox 2111 2617 3812 2695; baseline 0.002 -22"><span class='ocrx_word' id='word_1_699' title='bbox 2111 2617 2556 2690; x_wconf 86' lang='lat' dir='ltr'><strong>intelligendum</strong></span> <span class='ocrx_word' id='word_1_700' title='bbox 2582 2625 2690 2688; x_wconf 88' lang='lat' dir='ltr'><strong>est,</strong></span> <span class='ocrx_word' id='word_1_701' title='bbox 2717 2637 2816 2692; x_wconf 89' lang='lat' dir='ltr'><strong>pro</strong></span> <span class='ocrx_word' id='word_1_702' title='bbox 2841 2625 3099 2695; x_wconf 89' lang='lat' dir='ltr'><strong>tempore</strong></span> <span class='ocrx_word' id='word_1_703' title='bbox 3114 2622 3311 2678; x_wconf 76' lang='lat' dir='ltr'><strong>futuro</strong></span> <span class='ocrx_word' id='word_1_704' title='bbox 3336 2622 3691 2694; x_wconf 65' lang='lat' dir='ltr'><strong>preteritum</strong></span> <span class='ocrx_word' id='word_1_705' title='bbox 3717 2640 3812 2694; x_wconf 90' lang='lat' dir='ltr'><strong>po-</strong></span> 
     </span>
    </p>
   </div>
   <div class='ocr_carea' id='block_1_89' title="bbox 2111 2707 3820 2781">
    <p class='ocr_par' dir='ltr' id='par_1_89' title="bbox 2111 2707 3820 2781">
     <span class='ocr_line' id='line_1_89' title="bbox 2111 2707 3820 2781; baseline 0.002 -19"><span class='ocrx_word' id='word_1_706' title='bbox 2111 2707 2310 2773; x_wconf 90' lang='lat' dir='ltr'><strong>situm,</strong></span> <span class='ocrx_word' id='word_1_707' title='bbox 2335 2709 2827 2777; x_wconf 88' lang='lat' dir='ltr'><strong>quemadmodum</strong></span> <span class='ocrx_word' id='word_1_708' title='bbox 2849 2710 3016 2777; x_wconf 91' lang='lat' dir='ltr'><strong>illud,</strong></span> <span class='ocrx_word' id='word_1_709' title='bbox 3035 2710 3239 2766; x_wconf 80' lang='lat' dir='ltr'><strong>Omnia</strong></span> <span class='ocrx_word' id='word_1_710' title='bbox 3261 2726 3388 2781; x_wconf 54' lang='lat' dir='ltr'><strong>qua</strong></span> <span class='ocrx_word' id='word_1_711' title='bbox 3402 2710 3820 2767; x_wconf 84' lang='lat' dir='ltr'><strong>audiviaPatre</strong></span> 
     </span>
    </p>
   </div>
   <div class='ocr_carea' id='block_1_90' title="bbox 2111 2798 3814 2872">
    <p class='ocr_par' dir='ltr' id='par_1_90' title="bbox 2111 2798 3814 2872">
     <span class='ocr_line' id='line_1_90' title="bbox 2111 2798 3814 2872; baseline 0.002 -20"><span class='ocrx_word' id='word_1_712' title='bbox 2111 2813 2250 2864; x_wconf 84' lang='lat' dir='ltr'><strong>meo,</strong></span> <span class='ocrx_word' id='word_1_713' title='bbox 2283 2802 2411 2854; x_wconf 83' lang='lat' dir='ltr'><strong>nota</strong></span> <span class='ocrx_word' id='word_1_714' title='bbox 2438 2800 2545 2869; x_wconf 76' lang='lat' dir='ltr'><strong>Ieci</strong></span> <span class='ocrx_word' id='word_1_715' title='bbox 2575 2800 2719 2854; x_wconf 84' lang='lat' dir='ltr'><strong>vobis</strong></span> <span class='ocrx_word' id='word_1_716' title='bbox 2752 2798 2854 2862; x_wconf 81' lang='lat' dir='ltr'><strong>(Id.</strong></span> <span class='ocrx_word' id='word_1_717' title='bbox 2889 2815 2978 2863; x_wconf 76' lang='lat' dir='ltr'><strong>xv,</strong></span> <span class='ocrx_word' id='word_1_718' title='bbox 3015 2801 3101 2870; x_wconf 86' lang='grc'><strong>15)</strong></span> <span class='ocrx_word' id='word_1_719' title='bbox 3133 2816 3145 2854; x_wconf 91' lang='lat'>:</span> <span class='ocrx_word' id='word_1_720' title='bbox 3182 2800 3339 2872; x_wconf 89' lang='lat' dir='ltr'><strong>quod</strong></span> <span class='ocrx_word' id='word_1_721' title='bbox 3371 2801 3630 2856; x_wconf 89' lang='lat' dir='ltr'><strong>nondum</strong></span> <span class='ocrx_word' id='word_1_722' title='bbox 3663 2801 3814 2857; x_wconf 85' lang='lat' dir='ltr'><strong>fece-</strong></span> 
     </span>
    </p>
   </div>
   <div class='ocr_carea' id='block_1_91' title="bbox 2115 2889 3819 2962">
    <p class='ocr_par' dir='ltr' id='par_1_91' title="bbox 2115 2889 3819 2962">
     <span class='ocr_line' id='line_1_91' title="bbox 2115 2889 3819 2962; baseline 0 -16"><span class='ocrx_word' id='word_1_723' title='bbox 2115 2894 2224 2956; x_wconf 88' lang='lat' dir='ltr'><strong>rat,</strong></span> <span class='ocrx_word' id='word_1_724' title='bbox 2257 2890 2359 2945; x_wconf 87' lang='lat' dir='ltr'><strong>sed</strong></span> <span class='ocrx_word' id='word_1_725' title='bbox 2391 2889 2738 2962; x_wconf 87' lang='lat' dir='ltr'><strong>loquebatur</strong></span> <span class='ocrx_word' id='word_1_726' title='bbox 2767 2892 2935 2962; x_wconf 88' lang='lat' dir='ltr'><strong>quasi</strong></span> <span class='ocrx_word' id='word_1_727' title='bbox 2978 2890 3224 2958; x_wconf 81' lang='lat' dir='ltr'><strong>fecisset,</strong></span> <span class='ocrx_word' id='word_1_728' title='bbox 3257 2893 3412 2962; x_wconf 91' lang='lat' dir='ltr'><strong>quod</strong></span> <span class='ocrx_word' id='word_1_729' title='bbox 3443 2891 3819 2949; x_wconf 88' lang='lat' dir='ltr'><strong>immobiliter</strong></span> 
     </span>
    </p>
   </div>
   <div class='ocr_carea' id='block_1_92' title="bbox 2113 2981 3168 3050">
    <p class='ocr_par' dir='ltr' id='par_1_92' title="bbox 2113 2981 3168 3050">
     <span class='ocr_line' id='line_1_92' title="bbox 2113 2981 3168 3050; baseline -0.001 -15"><span class='ocrx_word' id='word_1_730' title='bbox 2113 2995 2238 3035; x_wconf 84' lang='lat' dir='ltr'><strong>esse</strong></span> <span class='ocrx_word' id='word_1_731' title='bbox 2269 2981 2568 3050; x_wconf 68' lang='lat' dir='ltr'><strong>praﬁxum</strong></span> <span class='ocrx_word' id='word_1_732' title='bbox 2599 2981 2818 3036; x_wconf 88' lang='lat' dir='ltr'><strong>sciebat</strong></span> <span class='ocrx_word' id='word_1_733' title='bbox 2847 2985 2911 3036; x_wconf 89' lang='lat' dir='ltr'><strong>ut</strong></span> <span class='ocrx_word' id='word_1_734' title='bbox 2937 2982 3168 3037; x_wconf 89' lang='lat' dir='ltr'><strong>faceret.</strong></span> 
     </span>
    </p>
   </div>
   <div class='ocr_carea' id='block_1_93' title="bbox 2187 3067 3822 3136">
    <p class='ocr_par' dir='ltr' id='par_1_93' title="bbox 2187 3067 3822 3136">
     <span class='ocr_line' id='line_1_93' title="bbox 2187 3067 3822 3136; baseline 0.001 -15"><span class='ocrx_word' id='word_1_735' title='bbox 2187 3069 2238 3122; x_wconf 86' lang='lat'><strong>5.</strong></span> <span class='ocrx_word' id='word_1_736' title='bbox 2283 3067 2430 3131; x_wconf 92' lang='lat' dir='ltr'><strong>Quid</strong></span> <span class='ocrx_word' id='word_1_737' title='bbox 2479 3071 2565 3121; x_wconf 86' lang='lat' dir='ltr'><strong>est</strong></span> <span class='ocrx_word' id='word_1_738' title='bbox 2607 3072 2828 3132; x_wconf 90' lang='lat' dir='ltr'><strong>autem,</strong></span> <span class='ocrx_word' id='word_1_739' title='bbox 2880 3069 3021 3136; x_wconf 86' lang='lat' dir='ltr'><strong>Quos</strong></span> <span class='ocrx_word' id='word_1_740' title='bbox 3067 3069 3264 3126; x_wconf 81' lang='lat' dir='ltr'><strong>dedisti</strong></span> <span class='ocrx_word' id='word_1_741' title='bbox 3311 3071 3452 3126; x_wconf 85' lang='lat' dir='ltr'><strong>mihi</strong></span> <span class='ocrx_word' id='word_1_742' title='bbox 3479 3073 3545 3130; x_wconf 85' lang='lat' dir='ltr'><strong>de</strong></span> <span class='ocrx_word' id='word_1_743' title='bbox 3575 3072 3822 3128; x_wconf 77' lang='lat' dir='ltr'><strong>mundo?</strong></span> 
     </span>
    </p>
   </div>
   <div class='ocr_carea' id='block_1_94' title="bbox 2117 3155 3817 3228">
    <p class='ocr_par' dir='ltr' id='par_1_94' title="bbox 2117 3155 3817 3228">
     <span class='ocr_line' id='line_1_94' title="bbox 2117 3155 3817 3228; baseline -0.001 -13"><span class='ocrx_word' id='word_1_744' title='bbox 2117 3159 2346 3215; x_wconf 90' lang='lat' dir='ltr'><strong>Dictum</strong></span> <span class='ocrx_word' id='word_1_745' title='bbox 2378 3160 2470 3214; x_wconf 86' lang='lat' dir='ltr'><strong>est</strong></span> <span class='ocrx_word' id='word_1_746' title='bbox 2491 3157 2647 3213; x_wconf 90' lang='lat' dir='ltr'><strong>enim</strong></span> <span class='ocrx_word' id='word_1_747' title='bbox 2680 3155 2751 3212; x_wconf 92' lang='lat' dir='ltr'><strong>de</strong></span> <span class='ocrx_word' id='word_1_748' title='bbox 2781 3156 2897 3213; x_wconf 86' lang='lat' dir='ltr'><strong>illis</strong></span> <span class='ocrx_word' id='word_1_749' title='bbox 2921 3159 3077 3228; x_wconf 92' lang='lat' dir='ltr'><strong>quod</strong></span> <span class='ocrx_word' id='word_1_750' title='bbox 3111 3175 3227 3214; x_wconf 92' lang='lat' dir='ltr'><strong>non</strong></span> <span class='ocrx_word' id='word_1_751' title='bbox 3253 3164 3450 3216; x_wconf 88' lang='lat' dir='ltr'><strong>essent</strong></span> <span class='ocrx_word' id='word_1_752' title='bbox 3480 3162 3550 3217; x_wconf 89' lang='lat' dir='ltr'><strong>de</strong></span> <span class='ocrx_word' id='word_1_753' title='bbox 3581 3163 3817 3219; x_wconf 89' lang='lat' dir='ltr'><strong>mundo.</strong></span> 
     </span>
    </p>
   </div>
   <div class='ocr_carea' id='block_1_95' title="bbox 2118 3245 3819 3320">
    <p class='ocr_par' dir='ltr' id='par_1_95' title="bbox 2118 3245 3819 3320">
     <span class='ocr_line' id='line_1_95' title="bbox 2118 3245 3819 3320; baseline 0.001 -16"><span class='ocrx_word' id='word_1_754' title='bbox 2118 3249 2229 3304; x_wconf 85' lang='lat' dir='ltr'><strong>Sed</strong></span> <span class='ocrx_word' id='word_1_755' title='bbox 2261 3247 2368 3303; x_wconf 91' lang='lat' dir='ltr'><strong>hoc</strong></span> <span class='ocrx_word' id='word_1_756' title='bbox 2413 3245 2530 3302; x_wconf 90' lang='lat' dir='ltr'><strong>illis</strong></span> <span class='ocrx_word' id='word_1_757' title='bbox 2579 3245 2940 3318; x_wconf 87' lang='lat' dir='ltr'><strong>regeneratio</strong></span> <span class='ocrx_word' id='word_1_758' title='bbox 2992 3246 3280 3316; x_wconf 67' lang='lat' dir='ltr'><strong>prastitit,</strong></span> <span class='ocrx_word' id='word_1_759' title='bbox 3331 3264 3444 3304; x_wconf 90' lang='lat' dir='ltr'><strong>non</strong></span> <span class='ocrx_word' id='word_1_760' title='bbox 3502 3253 3819 3320; x_wconf 84' lang='lat' dir='ltr'><strong>generatio.</strong></span> 
     </span>
    </p>
   </div>
   <div class='ocr_carea' id='block_1_96' title="bbox 2119 3333 3823 3406">
    <p class='ocr_par' dir='ltr' id='par_1_96' title="bbox 2119 3333 3823 3406">
     <span class='ocr_line' id='line_1_96' title="bbox 2119 3333 3823 3406; baseline 0.001 -13"><span class='ocrx_word' id='word_1_761' title='bbox 2119 3338 2267 3402; x_wconf 88' lang='lat' dir='ltr'><strong>Quid</strong></span> <span class='ocrx_word' id='word_1_762' title='bbox 2299 3341 2389 3392; x_wconf 90' lang='lat' dir='ltr'><strong>est</strong></span> <span class='ocrx_word' id='word_1_763' title='bbox 2415 3336 2592 3393; x_wconf 90' lang='lat' dir='ltr'><strong>etiam</strong></span> <span class='ocrx_word' id='word_1_764' title='bbox 2625 3335 2782 3406; x_wconf 89' lang='lat' dir='ltr'><strong>quod</strong></span> <span class='ocrx_word' id='word_1_765' title='bbox 2829 3333 3112 3406; x_wconf 88' lang='lat' dir='ltr'><strong>sequitur,</strong></span> <span class='ocrx_word' id='word_1_766' title='bbox 3164 3337 3266 3390; x_wconf 85' lang='lat' dir='ltr'><strong>Tui</strong></span> <span class='ocrx_word' id='word_1_767' title='bbox 3304 3345 3466 3392; x_wconf 85' lang='lat' dir='ltr'><strong>erant</strong></span> <span class='ocrx_word' id='word_1_768' title='bbox 3496 3345 3550 3392; x_wconf 86' lang='lat' dir='ltr'><strong>et</strong></span> <span class='ocrx_word' id='word_1_769' title='bbox 3573 3339 3709 3394; x_wconf 85' lang='lat' dir='ltr'><strong>mihi</strong></span> <span class='ocrx_word' id='word_1_770' title='bbox 3737 3355 3823 3395; x_wconf 87' lang='lat' dir='ltr'><strong>eos</strong></span> 
     </span>
    </p>
   </div>
   <div class='ocr_carea' id='block_1_97' title="bbox 2118 3425 3826 3497">
    <p class='ocr_par' dir='ltr' id='par_1_97' title="bbox 2118 3425 3826 3497">
     <span class='ocr_line' id='line_1_97' title="bbox 2118 3425 3826 3497; baseline 0.001 -14"><span class='ocrx_word' id='word_1_771' title='bbox 2118 3427 2356 3483; x_wconf 87' lang='lat' dir='ltr'><strong>dedisti?</strong></span> <span class='ocrx_word' id='word_1_772' title='bbox 2383 3432 2468 3482; x_wconf 76' lang='lat' dir='ltr'><strong>An</strong></span> <span class='ocrx_word' id='word_1_773' title='bbox 2491 3425 2810 3497; x_wconf 89' lang='lat' dir='ltr'><strong>aliquando</strong></span> <span class='ocrx_word' id='word_1_774' title='bbox 2832 3429 2998 3481; x_wconf 89' lang='lat' dir='ltr'><strong>erant</strong></span> <span class='ocrx_word' id='word_1_775' title='bbox 3018 3425 3232 3492; x_wconf 87' lang='lat' dir='ltr'><strong>Patris,</strong></span> <span class='ocrx_word' id='word_1_776' title='bbox 3257 3427 3494 3496; x_wconf 87' lang='lat' dir='ltr'><strong>quando</strong></span> <span class='ocrx_word' id='word_1_777' title='bbox 3520 3441 3637 3484; x_wconf 90' lang='lat' dir='ltr'><strong>non</strong></span> <span class='ocrx_word' id='word_1_778' title='bbox 3660 3434 3826 3485; x_wconf 86' lang='lat' dir='ltr'><strong>erant</strong></span> 
     </span>
    </p>
   </div>
   <div class='ocr_carea' id='block_1_98' title="bbox 2122 3514 3822 3590">
    <p class='ocr_par' dir='ltr' id='par_1_98' title="bbox 2122 3514 3822 3590">
     <span class='ocr_line' id='line_1_98' title="bbox 2122 3514 3822 3590; baseline -0.001 -16"><span class='ocrx_word' id='word_1_779' title='bbox 2122 3518 2409 3590; x_wconf 86' lang='lat' dir='ltr'><strong>unigeniti</strong></span> <span class='ocrx_word' id='word_1_780' title='bbox 2433 3517 2560 3572; x_wconf 87' lang='lat' dir='ltr'><strong>Filii</strong></span> <span class='ocrx_word' id='word_1_781' title='bbox 2587 3517 2715 3586; x_wconf 87' lang='lat' dir='ltr'><strong>ejus</strong></span> <span class='ocrx_word' id='word_1_782' title='bbox 2743 3520 2836 3585; x_wconf 86' lang='lat' dir='ltr'><strong>;et</strong></span> <span class='ocrx_word' id='word_1_783' title='bbox 2859 3515 3060 3571; x_wconf 89' lang='lat' dir='ltr'><strong>habuit</strong></span> <span class='ocrx_word' id='word_1_784' title='bbox 3080 3514 3391 3586; x_wconf 89' lang='lat' dir='ltr'><strong>aliquando</strong></span> <span class='ocrx_word' id='word_1_785' title='bbox 3415 3519 3586 3573; x_wconf 89' lang='lat' dir='ltr'><strong>Pater</strong></span> <span class='ocrx_word' id='word_1_786' title='bbox 3603 3516 3822 3588; x_wconf 89' lang='lat' dir='ltr'><strong>aliquid</strong></span> 
     </span>
    </p>
   </div>
   <div class='ocr_carea' id='block_1_99' title="bbox 2121 3604 3824 3678">
    <p class='ocr_par' dir='ltr' id='par_1_99' title="bbox 2121 3604 3824 3678">
     <span class='ocr_line' id='line_1_99' title="bbox 2121 3604 3824 3678; baseline -0.002 -13"><span class='ocrx_word' id='word_1_787' title='bbox 2121 3609 2247 3665; x_wconf 89' lang='lat' dir='ltr'><strong>sine</strong></span> <span class='ocrx_word' id='word_1_788' title='bbox 2278 3607 2470 3663; x_wconf 80' lang='lat' dir='ltr'><strong>Filio?</strong></span> <span class='ocrx_word' id='word_1_789' title='bbox 2511 3605 2694 3664; x_wconf 81' lang='lat' dir='ltr'><strong>Absit.</strong></span> <span class='ocrx_word' id='word_1_790' title='bbox 2748 3605 3159 3661; x_wconf 90' lang='lat' dir='ltr'><strong>Verumtamen</strong></span> <span class='ocrx_word' id='word_1_791' title='bbox 3210 3604 3410 3661; x_wconf 90' lang='lat' dir='ltr'><strong>habuit</strong></span> <span class='ocrx_word' id='word_1_792' title='bbox 3449 3605 3669 3678; x_wconf 87' lang='lat' dir='ltr'><strong>aliquid</strong></span> <span class='ocrx_word' id='word_1_793' title='bbox 3719 3608 3824 3664; x_wconf 81' lang='lat' dir='ltr'><strong>ali-</strong></span> 
     </span>
    </p>
   </div>
   <div class='ocr_carea' id='block_1_100' title="bbox 2121 3694 3825 3772">
    <p class='ocr_par' dir='ltr' id='par_1_100' title="bbox 2121 3694 3825 3772">
     <span class='ocr_line' id='line_1_100' title="bbox 2121 3694 3825 3772; baseline -0.001 -18"><span class='ocrx_word' id='word_1_794' title='bbox 2121 3699 2358 3772; x_wconf 89' lang='lat' dir='ltr'><strong>quando</strong></span> <span class='ocrx_word' id='word_1_795' title='bbox 2381 3697 2534 3753; x_wconf 91' lang='lat' dir='ltr'><strong>Deus</strong></span> <span class='ocrx_word' id='word_1_796' title='bbox 2558 3694 2756 3761; x_wconf 86' lang='lat' dir='ltr'><strong>Filius,</strong></span> <span class='ocrx_word' id='word_1_797' title='bbox 2787 3695 2940 3767; x_wconf 89' lang='lat' dir='ltr'><strong>quod</strong></span> <span class='ocrx_word' id='word_1_798' title='bbox 2979 3694 3241 3762; x_wconf 88' lang='lat' dir='ltr'><strong>nondum</strong></span> <span class='ocrx_word' id='word_1_799' title='bbox 3277 3695 3485 3752; x_wconf 82' lang='lat' dir='ltr'><strong>habuit</strong></span> <span class='ocrx_word' id='word_1_800' title='bbox 3514 3697 3669 3754; x_wconf 88' lang='lat' dir='ltr'><strong>idem</strong></span> <span class='ocrx_word' id='word_1_801' title='bbox 3703 3697 3825 3768; x_wconf 88' lang='lat' dir='ltr'><strong>ipse</strong></span> 
     </span>
    </p>
   </div>
   <div class='ocr_carea' id='block_1_101' title="bbox 2120 3783 3823 3857">
    <p class='ocr_par' dir='ltr' id='par_1_101' title="bbox 2120 3783 3823 3857">
     <span class='ocr_line' id='line_1_101' title="bbox 2120 3783 3823 3857; baseline 0.001 -15"><span class='ocrx_word' id='word_1_802' title='bbox 2120 3788 2292 3845; x_wconf 88' lang='lat' dir='ltr'><strong>homo</strong></span> <span class='ocrx_word' id='word_1_803' title='bbox 2325 3785 2500 3842; x_wconf 89' lang='lat' dir='ltr'><strong>Filius</strong></span> <span class='ocrx_word' id='word_1_804' title='bbox 2526 3802 2540 3852; x_wconf 89' lang='lat'><strong>;</strong></span> <span class='ocrx_word' id='word_1_805' title='bbox 2572 3783 2712 3857; x_wconf 89' lang='lat' dir='ltr'><strong>quia</strong></span> <span class='ocrx_word' id='word_1_806' title='bbox 2743 3785 3004 3840; x_wconf 87' lang='lat' dir='ltr'><strong>nondum</strong></span> <span class='ocrx_word' id='word_1_807' title='bbox 3037 3784 3360 3853; x_wconf 71' lang='lat' dir='ltr'><strong>eratihomo</strong></span> <span class='ocrx_word' id='word_1_808' title='bbox 3382 3784 3572 3843; x_wconf 89' lang='lat' dir='ltr'><strong>factus</strong></span> <span class='ocrx_word' id='word_1_809' title='bbox 3601 3801 3670 3843; x_wconf 82' lang='lat' dir='ltr'><strong>ex</strong></span> <span class='ocrx_word' id='word_1_810' title='bbox 3702 3802 3823 3843; x_wconf 88' lang='lat' dir='ltr'><strong>ma-</strong></span> 
     </span>
    </p>
   </div>
   <div class='ocr_carea' id='block_1_102' title="bbox 2120 3871 3823 3947">
    <p class='ocr_par' dir='ltr' id='par_1_102' title="bbox 2120 3871 3823 3947">
     <span class='ocr_line' id='line_1_102' title="bbox 2120 3871 3823 3947; baseline -0.003 -14"><span class='ocrx_word' id='word_1_811' title='bbox 2120 3882 2229 3944; x_wconf 89' lang='lat' dir='ltr'><strong>tre,</strong></span> <span class='ocrx_word' id='word_1_812' title='bbox 2274 3874 2508 3947; x_wconf 89' lang='lat' dir='ltr'><strong>quando</strong></span> <span class='ocrx_word' id='word_1_813' title='bbox 2551 3878 2761 3944; x_wconf 39' lang='lat' dir='ltr'><strong>,tamen</strong></span> <span class='ocrx_word' id='word_1_814' title='bbox 2813 3871 3066 3928; x_wconf 87' lang='lat' dir='ltr'><strong>habebat</strong></span> <span class='ocrx_word' id='word_1_815' title='bbox 3123 3872 3394 3930; x_wconf 86' lang='lat' dir='ltr'><strong>universa</strong></span> <span class='ocrx_word' id='word_1_816' title='bbox 3451 3888 3587 3930; x_wconf 88' lang='lat' dir='ltr'><strong>cum</strong></span> <span class='ocrx_word' id='word_1_817' title='bbox 3635 3873 3823 3931; x_wconf 86' lang='lat' dir='ltr'><strong>Patre.</strong></span> 
     </span>
    </p>
   </div>
   <div class='ocr_carea' id='block_1_103' title="bbox 2120 3960 3827 4037">
    <p class='ocr_par' dir='ltr' id='par_1_103' title="bbox 2120 3960 3827 4037">
     <span class='ocr_line' id='line_1_103' title="bbox 2120 3960 3827 4037; baseline -0.001 -17"><span class='ocrx_word' id='word_1_818' title='bbox 2120 3968 2483 4037; x_wconf 88' lang='lat' dir='ltr'><strong>Quapropter</strong></span> <span class='ocrx_word' id='word_1_819' title='bbox 2511 3961 2666 4032; x_wconf 91' lang='lat' dir='ltr'><strong>quod</strong></span> <span class='ocrx_word' id='word_1_820' title='bbox 2698 3960 2862 4026; x_wconf 86' lang='lat' dir='ltr'><strong>dixit,</strong></span> <span class='ocrx_word' id='word_1_821' title='bbox 2911 3962 3010 4016; x_wconf 89' lang='lat' dir='ltr'><strong>Tui</strong></span> <span class='ocrx_word' id='word_1_822' title='bbox 3036 3969 3213 4028; x_wconf 88' lang='lat' dir='ltr'><strong>erant,</strong></span> <span class='ocrx_word' id='word_1_823' title='bbox 3249 3978 3364 4019; x_wconf 91' lang='lat' dir='ltr'><strong>non</strong></span> <span class='ocrx_word' id='word_1_824' title='bbox 3394 3961 3532 4019; x_wconf 89' lang='lat' dir='ltr'><strong>inde</strong></span> <span class='ocrx_word' id='word_1_825' title='bbox 3560 3978 3620 4020; x_wconf 83' lang='lat' dir='ltr'><strong>se</strong></span> <span class='ocrx_word' id='word_1_826' title='bbox 3651 3979 3827 4036; x_wconf 83' lang='lat' dir='ltr'><strong>sepa—</strong></span> 
     </span>
    </p>
   </div>
   <div class='ocr_carea' id='block_1_104' title="bbox 2123 4051 3828 4126">
    <p class='ocr_par' dir='ltr' id='par_1_104' title="bbox 2123 4051 3828 4126">
     <span class='ocr_line' id='line_1_104' title="bbox 2123 4051 3828 4126; baseline -0.001 -14"><span class='ocrx_word' id='word_1_827' title='bbox 2123 4057 2270 4112; x_wconf 87' lang='lat' dir='ltr'><strong>ravit</strong></span> <span class='ocrx_word' id='word_1_828' title='bbox 2320 4056 2471 4112; x_wconf 90' lang='lat' dir='ltr'><strong>Deus</strong></span> <span class='ocrx_word' id='word_1_829' title='bbox 2503 4053 2699 4119; x_wconf 89' lang='lat' dir='ltr'><strong>Filius,</strong></span> <span class='ocrx_word' id='word_1_830' title='bbox 2732 4052 2860 4110; x_wconf 87' lang='lat' dir='ltr'><strong>sine</strong></span> <span class='ocrx_word' id='word_1_831' title='bbox 2889 4069 3006 4125; x_wconf 89' lang='lat' dir='ltr'><strong>quo</strong></span> <span class='ocrx_word' id='word_1_832' title='bbox 3037 4051 3184 4109; x_wconf 91' lang='lat' dir='ltr'><strong>nihil</strong></span> <span class='ocrx_word' id='word_1_833' title='bbox 3216 4069 3474 4126; x_wconf 86' lang='lat' dir='ltr'><strong>unquam</strong></span> <span class='ocrx_word' id='word_1_834' title='bbox 3509 4053 3676 4112; x_wconf 86' lang='lat' dir='ltr'><strong>Pater</strong></span> <span class='ocrx_word' id='word_1_835' title='bbox 3716 4053 3828 4110; x_wconf 84' lang='lat' dir='ltr'><strong>ha-</strong></span> 
     </span>
    </p>
   </div>
   <div class='ocr_carea' id='block_1_105' title="bbox 2123 4143 3828 4216">
    <p class='ocr_par' dir='ltr' id='par_1_105' title="bbox 2123 4143 3828 4216">
     <span class='ocr_line' id='line_1_105' title="bbox 2123 4143 3828 4216; baseline -0.002 -14"><span class='ocrx_word' id='word_1_836' title='bbox 2123 4147 2247 4202; x_wconf 91' lang='lat' dir='ltr'><strong>buit</strong></span> <span class='ocrx_word' id='word_1_837' title='bbox 2271 4163 2283 4211; x_wconf 89' lang='lat'><strong>;</strong></span> <span class='ocrx_word' id='word_1_838' title='bbox 2306 4145 2404 4201; x_wconf 89' lang='lat' dir='ltr'><strong>sed</strong></span> <span class='ocrx_word' id='word_1_839' title='bbox 2430 4143 2575 4201; x_wconf 89' lang='lat' dir='ltr'><strong>solet</strong></span> <span class='ocrx_word' id='word_1_840' title='bbox 2597 4144 2646 4198; x_wconf 90' lang='lat' dir='ltr'><strong>ei</strong></span> <span class='ocrx_word' id='word_1_841' title='bbox 2672 4143 2921 4199; x_wconf 91' lang='lat' dir='ltr'><strong>tribuere</strong></span> <span class='ocrx_word' id='word_1_842' title='bbox 2943 4158 3115 4198; x_wconf 89' lang='lat' dir='ltr'><strong>omne</strong></span> <span class='ocrx_word' id='word_1_843' title='bbox 3138 4145 3293 4215; x_wconf 89' lang='lat' dir='ltr'><strong>quod</strong></span> <span class='ocrx_word' id='word_1_844' title='bbox 3316 4148 3526 4216; x_wconf 88' lang='lat' dir='ltr'><strong>potest,</strong></span> <span class='ocrx_word' id='word_1_845' title='bbox 3551 4161 3584 4199; x_wconf 87' lang='lat' dir='ltr'><strong>a</strong></span> <span class='ocrx_word' id='word_1_846' title='bbox 3605 4161 3718 4215; x_wconf 91' lang='lat' dir='ltr'><strong>quo</strong></span> <span class='ocrx_word' id='word_1_847' title='bbox 3737 4149 3828 4200; x_wconf 89' lang='lat' dir='ltr'><strong>est</strong></span> 
     </span>
    </p>
   </div>
   <div class='ocr_carea' id='block_1_106' title="bbox 2121 4231 3829 4307">
    <p class='ocr_par' dir='ltr' id='par_1_106' title="bbox 2121 4231 3829 4307">
     <span class='ocr_line' id='line_1_106' title="bbox 2121 4231 3829 4307; baseline -0.002 -16"><span class='ocrx_word' id='word_1_848' title='bbox 2121 4237 2247 4306; x_wconf 89' lang='lat' dir='ltr'><strong>ipse</strong></span> <span class='ocrx_word' id='word_1_849' title='bbox 2277 4234 2377 4307; x_wconf 90' lang='lat' dir='ltr'><strong>qui</strong></span> <span class='ocrx_word' id='word_1_850' title='bbox 2400 4237 2606 4306; x_wconf 86' lang='lat' dir='ltr'><strong>potest.</strong></span> <span class='ocrx_word' id='word_1_851' title='bbox 2632 4239 2678 4286; x_wconf 80' lang='grc' dir='ltr'><strong>Α</strong></span> <span class='ocrx_word' id='word_1_852' title='bbox 2699 4249 2814 4304; x_wconf 92' lang='lat' dir='ltr'><strong>quo</strong></span> <span class='ocrx_word' id='word_1_853' title='bbox 2842 4233 2994 4288; x_wconf 87' lang='lat' dir='ltr'><strong>enim</strong></span> <span class='ocrx_word' id='word_1_854' title='bbox 3026 4231 3201 4289; x_wconf 87' lang='lat' dir='ltr'><strong>habet</strong></span> <span class='ocrx_word' id='word_1_855' title='bbox 3221 4236 3285 4289; x_wconf 88' lang='lat' dir='ltr'><strong>ut</strong></span> <span class='ocrx_word' id='word_1_856' title='bbox 3307 4234 3405 4301; x_wconf 89' lang='lat' dir='ltr'><strong>sit,</strong></span> <span class='ocrx_word' id='word_1_857' title='bbox 3429 4232 3622 4290; x_wconf 90' lang='lat' dir='ltr'><strong>abillo</strong></span> <span class='ocrx_word' id='word_1_858' title='bbox 3652 4233 3829 4294; x_wconf 86' lang='lat' dir='ltr'><strong>habet</strong></span> 
     </span>
    </p>
   </div>
   <div class='ocr_carea' id='block_1_107' title="bbox 2122 4321 3826 4398">
    <p class='ocr_par' dir='ltr' id='par_1_107' title="bbox 2122 4321 3826 4398">
     <span class='ocr_line' id='line_1_107' title="bbox 2122 4321 3826 4398; baseline -0.001 -17"><span class='ocrx_word' id='word_1_859' title='bbox 2122 4331 2186 4381; x_wconf 90' lang='lat' dir='ltr'><strong>ut</strong></span> <span class='ocrx_word' id='word_1_860' title='bbox 2232 4324 2452 4398; x_wconf 90' lang='lat' dir='ltr'><strong>possit;</strong></span> <span class='ocrx_word' id='word_1_861' title='bbox 2488 4331 2543 4378; x_wconf 91' lang='lat' dir='ltr'><strong>et</strong></span> <span class='ocrx_word' id='word_1_862' title='bbox 2574 4321 2749 4378; x_wconf 88' lang='lat' dir='ltr'><strong>simul</strong></span> <span class='ocrx_word' id='word_1_863' title='bbox 2800 4326 3113 4393; x_wconf 83' lang='lat' dir='ltr'><strong>utrumque</strong></span> <span class='ocrx_word' id='word_1_864' title='bbox 3149 4337 3384 4394; x_wconf 88' lang='lat' dir='ltr'><strong>semper</strong></span> <span class='ocrx_word' id='word_1_865' title='bbox 3413 4321 3641 4388; x_wconf 83' lang='lat' dir='ltr'><strong>habuit,</strong></span> <span class='ocrx_word' id='word_1_866' title='bbox 3689 4324 3826 4394; x_wconf 87' lang='lat' dir='ltr'><strong>quia</strong></span> 
     </span>
    </p>
   </div>
   <div class='ocr_carea' id='block_1_108' title="bbox 2122 4410 3824 4486">
    <p class='ocr_par' dir='ltr' id='par_1_108' title="bbox 2122 4410 3824 4486">
     <span class='ocr_line' id='line_1_108' title="bbox 2122 4410 3824 4486; baseline -0.003 -14"><span class='ocrx_word' id='word_1_867' title='bbox 2122 4431 2426 4486; x_wconf 90' lang='lat' dir='ltr'><strong>nunquam</strong></span> <span class='ocrx_word' id='word_1_868' title='bbox 2460 4413 2570 4467; x_wconf 75' lang='lat' dir='ltr'><strong>fuit</strong></span> <span class='ocrx_word' id='word_1_869' title='bbox 2598 4416 2656 4467; x_wconf 89' lang='lat' dir='ltr'><strong>et</strong></span> <span class='ocrx_word' id='word_1_870' title='bbox 2687 4427 2801 4466; x_wconf 90' lang='lat' dir='ltr'><strong>non</strong></span> <span class='ocrx_word' id='word_1_871' title='bbox 2857 4411 3064 4482; x_wconf 89' lang='lat' dir='ltr'><strong>potuit.</strong></span> <span class='ocrx_word' id='word_1_872' title='bbox 3095 4410 3376 4476; x_wconf 88' lang='lat' dir='ltr'><strong>Quocirca</strong></span> <span class='ocrx_word' id='word_1_873' title='bbox 3404 4410 3691 4483; x_wconf 88' lang='lat' dir='ltr'><strong>quidquid</strong></span> <span class='ocrx_word' id='word_1_874' title='bbox 3724 4429 3824 4483; x_wconf 89' lang='lat' dir='ltr'><strong>po-</strong></span> 
     </span>
    </p>
   </div>
   <div class='ocr_carea' id='block_1_109' title="bbox 2122 4498 3824 4573">
    <p class='ocr_par' dir='ltr' id='par_1_109' title="bbox 2122 4498 3824 4573">
     <span class='ocr_line' id='line_1_109' title="bbox 2122 4498 3824 4573; baseline -0.004 -11"><span class='ocrx_word' id='word_1_875' title='bbox 2122 4506 2230 4562; x_wconf 89' lang='lat' dir='ltr'><strong>tuit</strong></span> <span class='ocrx_word' id='word_1_876' title='bbox 2260 4508 2448 4568; x_wconf 87' lang='lat' dir='ltr'><strong>Pater,</strong></span> <span class='ocrx_word' id='word_1_877' title='bbox 2481 4516 2711 4571; x_wconf 87' lang='lat' dir='ltr'><strong>semper</strong></span> <span class='ocrx_word' id='word_1_878' title='bbox 2740 4515 2875 4555; x_wconf 90' lang='lat' dir='ltr'><strong>cum</strong></span> <span class='ocrx_word' id='word_1_879' title='bbox 2923 4498 3022 4556; x_wconf 90' lang='lat' dir='ltr'><strong>illo</strong></span> <span class='ocrx_word' id='word_1_880' title='bbox 3072 4499 3249 4556; x_wconf 85' lang='lat' dir='ltr'><strong>Filius</strong></span> <span class='ocrx_word' id='word_1_881' title='bbox 3279 4499 3508 4573; x_wconf 88' lang='lat' dir='ltr'><strong>potuit;</strong></span> <span class='ocrx_word' id='word_1_882' title='bbox 3543 4501 3824 4572; x_wconf 88' lang='lat' dir='ltr'><strong>quoniam</strong></span> 
     </span>
    </p>
   </div>
   <div class='ocr_carea' id='block_1_110' title="bbox 2123 4589 3825 4664">
    <p class='ocr_par' dir='ltr' id='par_1_110' title="bbox 2123 4589 3825 4664">
     <span class='ocr_line' id='line_1_110' title="bbox 2123 4589 3825 4664; baseline -0.003 -13"><span class='ocrx_word' id='word_1_883' title='bbox 2123 4595 2219 4651; x_wconf 89' lang='lat' dir='ltr'><strong>ille</strong></span> <span class='ocrx_word' id='word_1_884' title='bbox 2250 4591 2348 4664; x_wconf 91' lang='lat' dir='ltr'><strong>qui</strong></span> <span class='ocrx_word' id='word_1_885' title='bbox 2379 4606 2681 4661; x_wconf 89' lang='lat' dir='ltr'><strong>nunquam</strong></span> <span class='ocrx_word' id='word_1_886' title='bbox 2732 4589 2839 4644; x_wconf 82' lang='lat' dir='ltr'><strong>fuit</strong></span> <span class='ocrx_word' id='word_1_887' title='bbox 2868 4597 2923 4644; x_wconf 90' lang='lat' dir='ltr'><strong>et</strong></span> <span class='ocrx_word' id='word_1_888' title='bbox 2953 4606 3066 4645; x_wconf 92' lang='lat' dir='ltr'><strong>non</strong></span> <span class='ocrx_word' id='word_1_889' title='bbox 3101 4589 3308 4662; x_wconf 88' lang='lat' dir='ltr'><strong>potuit,</strong></span> <span class='ocrx_word' id='word_1_890' title='bbox 3361 4605 3664 4662; x_wconf 88' lang='lat' dir='ltr'><strong>nunquam</strong></span> <span class='ocrx_word' id='word_1_891' title='bbox 3698 4591 3825 4649; x_wconf 88' lang='lat' dir='ltr'><strong>sine</strong></span> 
     </span>
    </p>
   </div>
   <div class='ocr_carea' id='block_1_111' title="bbox 2123 4677 3826 4752">
    <p class='ocr_par' dir='ltr' id='par_1_111' title="bbox 2123 4677 3826 4752">
     <span class='ocr_line' id='line_1_111' title="bbox 2123 4677 3826 4752; baseline -0.002 -11"><span class='ocrx_word' id='word_1_892' title='bbox 2123 4685 2289 4741; x_wconf 88' lang='lat' dir='ltr'><strong>Patre</strong></span> <span class='ocrx_word' id='word_1_893' title='bbox 2321 4681 2450 4747; x_wconf 83' lang='lat' dir='ltr'><strong>fuit,</strong></span> <span class='ocrx_word' id='word_1_894' title='bbox 2484 4693 2783 4750; x_wconf 89' lang='lat' dir='ltr'><strong>nunquam</strong></span> <span class='ocrx_word' id='word_1_895' title='bbox 2823 4677 2949 4734; x_wconf 91' lang='lat' dir='ltr'><strong>sine</strong></span> <span class='ocrx_word' id='word_1_896' title='bbox 2980 4677 3078 4734; x_wconf 91' lang='lat' dir='ltr'><strong>illo</strong></span> <span class='ocrx_word' id='word_1_897' title='bbox 3111 4679 3270 4735; x_wconf 82' lang='lat' dir='ltr'><strong>Pater</strong></span> <span class='ocrx_word' id='word_1_898' title='bbox 3301 4677 3432 4736; x_wconf 90' lang='lat' dir='ltr'><strong>fuit.</strong></span> <span class='ocrx_word' id='word_1_899' title='bbox 3462 4679 3543 4736; x_wconf 89' lang='lat' dir='ltr'><strong>Ac</strong></span> <span class='ocrx_word' id='word_1_900' title='bbox 3585 4695 3686 4752; x_wconf 89' lang='lat' dir='ltr'><strong>per</strong></span> <span class='ocrx_word' id='word_1_901' title='bbox 3717 4680 3826 4738; x_wconf 87' lang='lat' dir='ltr'><strong>hoc</strong></span> 
     </span>
    </p>
   </div>
   <div class='ocr_carea' id='block_1_112' title="bbox 2122 4768 3820 4841">
    <p class='ocr_par' dir='ltr' id='par_1_112' title="bbox 2122 4768 3820 4841">
     <span class='ocr_line' id='line_1_112' title="bbox 2122 4768 3820 4841; baseline -0.002 -11"><span class='ocrx_word' id='word_1_902' title='bbox 2122 4773 2272 4830; x_wconf 90' lang='lat' dir='ltr'><strong>sicut</strong></span> <span class='ocrx_word' id='word_1_903' title='bbox 2297 4771 2462 4827; x_wconf 89' lang='lat' dir='ltr'><strong>Pater</strong></span> <span class='ocrx_word' id='word_1_904' title='bbox 2492 4773 2740 4823; x_wconf 70' lang='lat' dir='ltr'><strong>aternus</strong></span> <span class='ocrx_word' id='word_1_905' title='bbox 2770 4768 3164 4841; x_wconf 90' lang='lat' dir='ltr'><strong>omnipotens,</strong></span> <span class='ocrx_word' id='word_1_906' title='bbox 3189 4769 3269 4825; x_wconf 87' lang='lat' dir='ltr'><strong>ita</strong></span> <span class='ocrx_word' id='word_1_907' title='bbox 3287 4768 3471 4826; x_wconf 84' lang='lat' dir='ltr'><strong>Filius</strong></span> <span class='ocrx_word' id='word_1_908' title='bbox 3500 4778 3820 4826; x_wconf 67' lang='lat' dir='ltr'><strong>coeternus</strong></span> 
     </span>
    </p>
   </div>
   <div class='ocr_carea' id='block_1_113' title="bbox 2123 4855 3823 4933">
    <p class='ocr_par' dir='ltr' id='par_1_113' title="bbox 2123 4855 3823 4933">
     <span class='ocr_line' id='line_1_113' title="bbox 2123 4855 3823 4933; baseline -0.002 -13"><span class='ocrx_word' id='word_1_909' title='bbox 2123 4861 2490 4933; x_wconf 85' lang='lat' dir='ltr'><strong>omnipotens</strong></span> <span class='ocrx_word' id='word_1_910' title='bbox 2514 4876 2529 4927; x_wconf 88' lang='lat'><strong>;</strong></span> <span class='ocrx_word' id='word_1_911' title='bbox 2553 4861 2610 4914; x_wconf 91' lang='lat' dir='ltr'><strong>et</strong></span> <span class='ocrx_word' id='word_1_912' title='bbox 2630 4855 2681 4914; x_wconf 89' lang='lat' dir='ltr'><strong>si</strong></span> <span class='ocrx_word' id='word_1_913' title='bbox 2703 4856 3094 4931; x_wconf 87' lang='lat' dir='ltr'><strong>omnipotens,</strong></span> <span class='ocrx_word' id='word_1_914' title='bbox 3123 4858 3322 4931; x_wconf 90' lang='lat' dir='ltr'><strong>utique</strong></span> <span class='ocrx_word' id='word_1_915' title='bbox 3342 4859 3734 4918; x_wconf 89' lang='lat' dir='ltr'><strong>omnitenens.</strong></span> <span class='ocrx_word' id='word_1_916' title='bbox 3762 4862 3823 4916; x_wconf 90' lang='lat' dir='ltr'><strong>ld</strong></span> 
     </span>
    </p>
   </div>
   <div class='ocr_carea' id='block_1_114' title="bbox 2122 4946 3828 5022">
    <p class='ocr_par' dir='ltr' id='par_1_114' title="bbox 2122 4946 3828 5022">
     <span class='ocr_line' id='line_1_114' title="bbox 2122 4946 3828 5022; baseline -0.002 -14"><span class='ocrx_word' id='word_1_917' title='bbox 2122 4951 2281 5008; x_wconf 91' lang='lat' dir='ltr'><strong>enim</strong></span> <span class='ocrx_word' id='word_1_918' title='bbox 2311 4949 2506 5022; x_wconf 88' lang='lat' dir='ltr'><strong>potius</strong></span> <span class='ocrx_word' id='word_1_919' title='bbox 2537 4946 2777 5004; x_wconf 89' lang='lat' dir='ltr'><strong>verbum</strong></span> <span class='ocrx_word' id='word_1_920' title='bbox 2802 4964 2833 5005; x_wconf 94' lang='lat' dir='ltr'><strong>e</strong></span> <span class='ocrx_word' id='word_1_921' title='bbox 2853 4948 3025 5004; x_wconf 91' lang='lat' dir='ltr'><strong>verbo</strong></span> <span class='ocrx_word' id='word_1_922' title='bbox 3047 4949 3485 5020; x_wconf 88' lang='lat' dir='ltr'><strong>interpretatur,</strong></span> <span class='ocrx_word' id='word_1_923' title='bbox 3517 4948 3563 5004; x_wconf 91' lang='lat' dir='ltr'><strong>si</strong></span> <span class='ocrx_word' id='word_1_924' title='bbox 3594 4950 3828 5020; x_wconf 86' lang='lat' dir='ltr'><strong>proprie</strong></span> 
     </span>
    </p>
   </div>
   <div class='ocr_carea' id='block_1_115' title="bbox 2123 5037 3824 5110">
    <p class='ocr_par' dir='ltr' id='par_1_115' title="bbox 2123 5037 3824 5110">
     <span class='ocr_line' id='line_1_115' title="bbox 2123 5037 3824 5110; baseline -0.002 -13"><span class='ocrx_word' id='word_1_925' title='bbox 2123 5043 2395 5100; x_wconf 89' lang='lat' dir='ltr'><strong>volumus</strong></span> <span class='ocrx_word' id='word_1_926' title='bbox 2424 5038 2636 5106; x_wconf 89' lang='lat' dir='ltr'><strong>dicere,</strong></span> <span class='ocrx_word' id='word_1_927' title='bbox 2662 5038 2811 5108; x_wconf 91' lang='lat' dir='ltr'><strong>quod</strong></span> <span class='ocrx_word' id='word_1_928' title='bbox 2841 5055 2875 5093; x_wconf 91' lang='lat' dir='ltr'><strong>a</strong></span> <span class='ocrx_word' id='word_1_929' title='bbox 2903 5038 3112 5095; x_wconf 63' lang='lat' dir='ltr'><strong>Graecis</strong></span> <span class='ocrx_word' id='word_1_930' title='bbox 3141 5038 3351 5095; x_wconf 90' lang='lat' dir='ltr'><strong>dicitur</strong></span> <span class='ocrx_word' id='word_1_931' title='bbox 3382 5037 3773 5110; x_wconf 76' lang='grc' dir='ltr'><strong>παντοκράτωρ</strong></span> <span class='ocrx_word' id='word_1_932' title='bbox 3809 5055 3824 5094; x_wconf 85' lang='lat'>:</span> 
     </span>
    </p>
   </div>
   <div class='ocr_carea' id='block_1_116' title="bbox 2126 5126 3825 5206">
    <p class='ocr_par' dir='ltr' id='par_1_116' title="bbox 2126 5126 3825 5206">
     <span class='ocr_line' id='line_1_116' title="bbox 2126 5126 3825 5206; baseline -0.004 -18"><span class='ocrx_word' id='word_1_933' title='bbox 2126 5132 2282 5206; x_wconf 90' lang='lat' dir='ltr'><strong>quod</strong></span> <span class='ocrx_word' id='word_1_934' title='bbox 2316 5128 2498 5186; x_wconf 85' lang='lat' dir='ltr'><strong>nostri</strong></span> <span class='ocrx_word' id='word_1_935' title='bbox 2531 5143 2648 5183; x_wconf 92' lang='lat' dir='ltr'><strong>non</strong></span> <span class='ocrx_word' id='word_1_936' title='bbox 2679 5126 2763 5181; x_wconf 90' lang='lat' dir='ltr'><strong>sic</strong></span> <span class='ocrx_word' id='word_1_937' title='bbox 2783 5127 3329 5199; x_wconf 86' lang='lat' dir='ltr'><strong>interpretarentur,</strong></span> <span class='ocrx_word' id='word_1_938' title='bbox 3361 5131 3426 5182; x_wconf 90' lang='lat' dir='ltr'><strong>ut</strong></span> <span class='ocrx_word' id='word_1_939' title='bbox 3457 5127 3825 5198; x_wconf 88' lang='lat' dir='ltr'><strong>omnipotens</strong></span> 
     </span>
    </p>
   </div>
   <div class='ocr_carea' id='block_1_117' title="bbox 2118 5213 3828 5288">
    <p class='ocr_par' dir='ltr' id='par_1_117' title="bbox 2118 5213 3828 5288">
     <span class='ocr_line' id='line_1_117' title="bbox 2118 5213 3828 5288; baseline -0.004 -11"><span class='ocrx_word' id='word_1_940' title='bbox 2118 5220 2395 5283; x_wconf 89' lang='lat' dir='ltr'><strong>dicerent,</strong></span> <span class='ocrx_word' id='word_1_941' title='bbox 2426 5229 2561 5270; x_wconf 90' lang='lat' dir='ltr'><strong>cum</strong></span> <span class='ocrx_word' id='word_1_942' title='bbox 2593 5213 2668 5269; x_wconf 89' lang='lat' dir='ltr'><strong>sit</strong></span> <span class='ocrx_word' id='word_1_943' title='bbox 2698 5214 3090 5288; x_wconf 79' lang='grc' dir='ltr'><strong>παντοκράτωρ</strong></span> <span class='ocrx_word' id='word_1_944' title='bbox 3124 5215 3524 5281; x_wconf 87' lang='lat' dir='ltr'><strong>omnitenens,</strong></span> <span class='ocrx_word' id='word_1_945' title='bbox 3555 5213 3671 5270; x_wconf 85' lang='lat' dir='ltr'><strong>nisi</strong></span> <span class='ocrx_word' id='word_1_946' title='bbox 3700 5220 3828 5271; x_wconf 87' lang='lat' dir='ltr'><strong>tan-</strong></span> 
     </span>
    </p>
   </div>
   <div class='ocr_carea' id='block_1_118' title="bbox 2119 5302 3829 5375">
    <p class='ocr_par' dir='ltr' id='par_1_118' title="bbox 2119 5302 3829 5375">
     <span class='ocr_line' id='line_1_118' title="bbox 2119 5302 3829 5375; baseline -0.002 -9"><span class='ocrx_word' id='word_1_947' title='bbox 2119 5307 2379 5366; x_wconf 88' lang='lat' dir='ltr'><strong>tumdem</strong></span> <span class='ocrx_word' id='word_1_948' title='bbox 2411 5303 2600 5360; x_wconf 88' lang='lat' dir='ltr'><strong>valere</strong></span> <span class='ocrx_word' id='word_1_949' title='bbox 2630 5303 2936 5363; x_wconf 86' lang='lat' dir='ltr'><strong>sentirent.</strong></span> <span class='ocrx_word' id='word_1_950' title='bbox 2968 5303 3118 5370; x_wconf 89' lang='lat' dir='ltr'><strong>Quid</strong></span> <span class='ocrx_word' id='word_1_951' title='bbox 3151 5318 3284 5375; x_wconf 89' lang='lat' dir='ltr'><strong>ergo</strong></span> <span class='ocrx_word' id='word_1_952' title='bbox 3317 5318 3580 5374; x_wconf 90' lang='lat' dir='ltr'><strong>unquam</strong></span> <span class='ocrx_word' id='word_1_953' title='bbox 3612 5302 3829 5362; x_wconf 87' lang='lat' dir='ltr'><strong>habere</strong></span> 
     </span>
    </p>
   </div>
   <div class='ocr_carea' id='block_1_119' title="bbox 2119 5390 3830 5471">
    <p class='ocr_par' dir='ltr' id='par_1_119' title="bbox 2119 5390 3830 5471">
     <span class='ocr_line' id='line_1_119' title="bbox 2119 5390 3830 5471; baseline -0.002 -17"><span class='ocrx_word' id='word_1_954' title='bbox 2119 5395 2308 5471; x_wconf 86' lang='lat' dir='ltr'><strong>potuit</strong></span> <span class='ocrx_word' id='word_1_955' title='bbox 2328 5398 2582 5451; x_wconf 75' lang='lat' dir='ltr'><strong>aeternus</strong></span> <span class='ocrx_word' id='word_1_956' title='bbox 2613 5393 3004 5458; x_wconf 76' lang='lat' dir='ltr'><strong>omnitenens.</strong></span> <span class='ocrx_word' id='word_1_957' title='bbox 3028 5394 3182 5465; x_wconf 92' lang='lat' dir='ltr'><strong>quod</strong></span> <span class='ocrx_word' id='word_1_958' title='bbox 3209 5408 3326 5449; x_wconf 90' lang='lat' dir='ltr'><strong>non</strong></span> <span class='ocrx_word' id='word_1_959' title='bbox 3348 5390 3527 5449; x_wconf 88' lang='lat' dir='ltr'><strong>simul</strong></span> <span class='ocrx_word' id='word_1_960' title='bbox 3560 5391 3830 5450; x_wconf 87' lang='lat' dir='ltr'><strong>habuerit</strong></span> 
     </span>
    </p>
   </div>
   <div class='ocr_carea' id='block_1_120' title="bbox 2118 5477 3829 5550">
    <p class='ocr_par' dir='ltr' id='par_1_120' title="bbox 2118 5477 3829 5550">
     <span class='ocr_line' id='line_1_120' title="bbox 2118 5477 3829 5550; baseline -0.004 -7"><span class='ocrx_word' id='word_1_961' title='bbox 2118 5485 2436 5543; x_wconf 60' lang='lat' dir='ltr'><strong>coaeternus</strong></span> <span class='ocrx_word' id='word_1_962' title='bbox 2467 5477 2835 5536; x_wconf 85' lang='lat' dir='ltr'><strong>omnitenens</strong></span> <span class='ocrx_word' id='word_1_963' title='bbox 2872 5478 2899 5534; x_wconf 88' lang='lat'><strong>?</strong></span> <span class='ocrx_word' id='word_1_964' title='bbox 2927 5478 3089 5544; x_wconf 89' lang='lat' dir='ltr'><strong>Quod</strong></span> <span class='ocrx_word' id='word_1_965' title='bbox 3124 5480 3318 5550; x_wconf 88' lang='lat' dir='ltr'><strong>itaque</strong></span> <span class='ocrx_word' id='word_1_966' title='bbox 3350 5479 3452 5548; x_wconf 89' lang='lat' dir='ltr'><strong>ait,</strong></span> <span class='ocrx_word' id='word_1_967' title='bbox 3480 5482 3544 5535; x_wconf 82' lang='lat' dir='ltr'><strong>Et</strong></span> <span class='ocrx_word' id='word_1_968' title='bbox 3575 5478 3716 5534; x_wconf 85' lang='lat' dir='ltr'><strong>mihi</strong></span> <span class='ocrx_word' id='word_1_969' title='bbox 3740 5497 3829 5536; x_wconf 84' lang='lat' dir='ltr'><strong>eos</strong></span> 
     </span>
    </p>
   </div>
   <div class='ocr_carea' id='block_1_121' title="bbox 2119 5569 3826 5643">
    <p class='ocr_par' dir='ltr' id='par_1_121' title="bbox 2119 5569 3826 5643">
     <span class='ocr_line' id='line_1_121' title="bbox 2119 5569 3826 5643; baseline -0.004 -11"><span class='ocrx_word' id='word_1_970' title='bbox 2119 5573 2341 5641; x_wconf 85' lang='lat' dir='ltr'><strong>dedisti,</strong></span> <span class='ocrx_word' id='word_1_971' title='bbox 2374 5569 2674 5628; x_wconf 84' lang='lat' dir='ltr'><strong>hominem</strong></span> <span class='ocrx_word' id='word_1_972' title='bbox 2700 5585 2760 5626; x_wconf 90' lang='lat' dir='ltr'><strong>se</strong></span> <span class='ocrx_word' id='word_1_973' title='bbox 2779 5570 3066 5643; x_wconf 80' lang='lat' dir='ltr'><strong>accepisse</strong></span> <span class='ocrx_word' id='word_1_974' title='bbox 3091 5571 3242 5628; x_wconf 89' lang='lat' dir='ltr'><strong>hanc</strong></span> <span class='ocrx_word' id='word_1_975' title='bbox 3276 5572 3619 5643; x_wconf 83' lang='lat' dir='ltr'><strong>potestatem</strong></span> <span class='ocrx_word' id='word_1_976' title='bbox 3645 5573 3709 5625; x_wconf 91' lang='lat' dir='ltr'><strong>ut</strong></span> <span class='ocrx_word' id='word_1_977' title='bbox 3727 5586 3826 5627; x_wconf 88' lang='lat' dir='ltr'><strong>eos</strong></span> 
     </span>
    </p>
   </div>
  </div>
