4182 6198
354 270 505 332 1911

352 403 607 472 haberet,
638 400 936 467 ostendit;
984 398 1258 471 quoniam
1290 400 1387 472 qui
1420 416 1652 473 semper
1680 403 2054 476 omnipotens

353 496 485 565 fuit,
517 510 632 550 non
664 506 892 563 semper
920 490 1095 547 homo
1127 491 1254 547 fuit.
1280 491 1697 563 Quamobrem,
1742 511 1877 552 cum
1903 496 2053 552 Patri

351 585 546 658 potius
574 582 850 639 tribuisse
880 582 1144 637 videatur
1165 585 1227 636 ut
1252 583 1325 636 ab
1354 582 1571 639 eoillos
1602 586 1892 656 acceperit
1922 601 2057 658 quo-

351 675 510 731 niam
533 689 602 746 ex
622 672 749 744 ipso
771 679 857 728 est
886 671 1173 744 quidquid
1204 675 1294 727 est
1324 672 1394 727 de
1424 688 1538 744 quo
1559 679 1647 731 est
1672 692 1686 742 ;
1720 676 1898 731 etiam
1930 676 2055 748 ipse

349 764 462 817 sibi
501 777 601 818 eos
651 761 830 828 dedit,
881 760 991 815 hoc
1031 764 1135 828 est,
1178 775 1310 816 cum
1360 762 1528 818 Patre
1576 763 1730 820 Deus
1764 765 2053 834 Christus,

349 850 574 908 homini
595 849 826 923 Christo
848 850 1000 921 quod
1020 863 1152 904 cum
1175 852 1345 905 Patre
1376 867 1492 906 non
1524 857 1637 921 est,
1671 853 1940 911 homines
1963 856 2055 911 de-

346 942 449 997 dit.
483 941 740 1012 Denique
766 939 995 1011 quihoc
1016 939 1333 1009 locoâ€˜dicit,
1369 942 1467 997 Tui
1504 950 1684 1011 erant,
1716 948 1768 1000 et
1796 946 1943 1001 mihi
1967 960 2055 1001 eos

346 1031 693 1101 dedisti,jam
718 1029 1224 1100 superiuseisdem
1242 1030 1551 1103 discipulis
1573 1034 1815 1104 dixerat,
1834 1036 1937 1108 Ego
1964 1051 2055 1092 vos

345 1122 409 1177 de
437 1120 642 1177 mundo
678 1121 820 1190 elegi
847 1119 1028 1190 (Joan.
1059 1135 1149 1187 xv,
1187 1119 1297 1192 19).
1333 1120 1681 1179 Conteratur
1710 1123 1805 1179 hic
1834 1125 2050 1197 cogita-

346 1212 425 1266 tio
457 1209 733 1276 carnalis,
762 1211 935 1281 atque
978 1208 1292 1281 dispereat.
1325 1210 1407 1266 De
1436 1213 1657 1268 mundo
1684 1212 1793 1268 sibi
1826 1230 1857 1269 a
1889 1215 2052 1271 Patre

346 1300 484 1356 dicit
514 1299 695 1356 Filius
726 1300 890 1355 datos
911 1299 1181 1356 homines
1214 1301 1429 1370 quibus
1460 1302 1574 1358 alio
1602 1302 1728 1359 loco
1751 1303 1909 1372 dicit,
1945 1306 2052 1376 Ego

344 1407 435 1445 vos
460 1391 599 1461 elegi
625 1390 690 1445 de
710 1391 933 1445 mundo.
961 1390 1115 1454 Quos
1139 1390 1292 1446 Deus
1316 1391 1496 1446 Filius
1528 1392 1599 1447 de
1632 1395 1849 1450 mundo
1882 1395 2049 1466 elegit

345 1495 477 1535 cum
507 1481 696 1548 Patre,
730 1479 881 1533 idem
915 1480 1039 1550 ipse
1063 1480 1236 1535 homo
1260 1480 1447 1536 Filius
1480 1482 1550 1537 de
1585 1484 1801 1538 mundo
1831 1501 1929 1539 eos
1962 1501 2053 1539 ac-

345 1569 498 1638 cepit
526 1585 561 1623 a
590 1568 792 1622 Patre:
844 1583 954 1622 non
1008 1568 1163 1623 enim
1201 1569 1366 1624 Pater
1414 1569 1546 1626 illos
1579 1571 1721 1627 Filio
1771 1574 2049 1642 dedisset,

347 1657 460 1712 nisi
491 1655 787 1727 elegisset.
822 1657 905 1712 Ac
935 1673 1036 1729 per
1058 1659 1161 1713 hoc
1182 1658 1367 1714 Filius
1392 1660 1546 1715 sicut
1578 1678 1688 1717 non
1724 1662 1859 1718 inde
1891 1679 2053 1737 sepa-

347 1747 492 1802 ravit
530 1747 781 1811 Patrem,
815 1746 1048 1817 quando
1077 1747 1242 1811 dixit,
1280 1752 1395 1819 Ego
1424 1766 1515 1805 vos
1544 1752 1610 1807 de
1638 1753 1840 1808 mundo
1888 1753 2048 1825 elegi,

348 1838 620 1911 quoniam
646 1839 821 1895 simul
851 1855 950 1894 eos
981 1839 1155 1911 elegit
1184 1844 1241 1894 et
1268 1841 1438 1896 Pater
1475 1858 1487 1896 :
1524 1844 1609 1898 sic
1643 1861 1756 1899 non
1791 1844 1921 1900 inde
1954 1860 2050 1902 se-

348 1928 575 1998 paravit
613 1932 672 1985 et
701 1944 784 1998 se,
816 1929 1052 2000 quando
1084 1928 1246 1996 dixit,
1274 1932 1369 1985 Tui
1405 1940 1582 2000 erant,
1616 1932 1752 2004 quia
1784 1938 1840 1988 et
1868 1933 2049 2006 ipsius

349 2017 478 2073 Filii
510 2017 728 2089 pariter
756 2022 941 2073 erant.
976 2018 1142 2075 Nunc
1184 2027 1377 2075 autem
1410 2019 1584 2078 homo
1616 2021 1768 2078 idem
1800 2023 1925 2095 ipse
1956 2025 2047 2079 Fi-

346 2105 460 2162 lius
480 2106 707 2178 accepit
742 2122 840 2163 eos
862 2107 964 2178 qui
985 2123 1100 2163 non
1124 2111 1292 2163 erant
1323 2108 1530 2179 ipsius,
1558 2111 1695 2180 quia
1712 2116 1769 2167 et
1793 2112 2039 2168 formam

348 2195 497 2250 servi
530 2194 754 2267 accepit
782 2195 935 2252 Deus
966 2195 1116 2251 idem
1151 2211 1282 2268 quae
1310 2213 1425 2253 non
1458 2202 1580 2254 erat
1611 2198 1817 2272 ipsius.

415 2285 468 2340 6.
504 2283 783 2357 Sequitur
801 2301 867 2341 ac
888 2285 1049 2351 dicit,
1076 2287 1138 2339 Et
1157 2301 1462 2342 sermonem
1491 2290 1647 2343 tuum
1667 2296 2050 2346 servaverunt:

344 2391 491 2431 nunc
518 2383 882 2447 cognoverunt
906 2376 1044 2446 quia
1088 2377 1274 2431 omnia
1314 2394 1435 2448 qua
1464 2377 1660 2435 dedisti
1687 2380 1847 2441 mihi.
1879 2380 1971 2436 abs
2003 2386 2053 2434 te

345 2470 473 2522 sunt
513 2483 531 2520 :
573 2466 629 2522 id
662 2470 769 2531 est,
830 2472 1230 2537 cognoverunt
1277 2468 1412 2538 quia
1460 2468 1565 2523 abs
1594 2472 1651 2525 te
1681 2486 1831 2525 sum.
1864 2470 2049 2527 Simul

345 2555 501 2612 enim
534 2556 701 2609 Pater
728 2554 887 2611 dedit
916 2554 1133 2620 omnia,
1158 2571 1286 2610 cum
1308 2557 1509 2626 genuit
1538 2558 1636 2628 qui
1673 2558 1904 2615 haberet
1934 2577 2051 2616 om-

345 2646 462 2700 nia.
498 2645 636 2711 Quia
675 2645 857 2711 verba,
887 2643 1098 2714 inquit,
1132 2659 1259 2715 quae
1304 2645 1506 2702 dedisti
1533 2648 1691 2715 mihi,
1725 2648 1849 2705 dedi
1870 2652 1970 2720 eis,
2000 2656 2051 2706 et

346 2736 450 2804 ipsi
474 2735 832 2803 acceperunt,-
860 2731 921 2787 id
950 2736 1057 2799 est,
1081 2732 1493 2790 intellexerunt
1512 2739 1687 2807 atque
1717 2740 2048 2795 tenuerunt.

349 2824 512 2879 Tunc
542 2821 699 2877 enim
716 2820 955 2877 verbum
989 2821 1296 2892 accipitur,
1320 2825 1554 2894 quando
1578 2830 1769 2882 mente
1801 2830 2049 2902 percipi-

352 2917 467 2968 tur.
506 2914 582 2969 Et
606 2917 991 2982 cognoverunt,
1043 2912 1258 2983 inquit,
1306 2930 1432 2969 vere
1478 2917 1612 2987 quia
1655 2934 1688 2972 a
1719 2928 1771 2974 te
1799 2921 1966 2985 exivi,
1998 2928 2050 2976 et

350 3001 706 3057 crediderunt
736 3001 868 3073 quia
897 3008 955 3058 tu
984 3017 1071 3059 me
1100 3002 1315 3059 misisti.
1350 3003 1419 3059 Et
1447 3002 1543 3060 hic
1574 3007 2046 3065 subaudiendum

346 3095 455 3158 est,
490 3106 612 3147 vere
639 3106 662 3147 :
690 3092 843 3162 quod
875 3091 1030 3147 enim
1075 3091 1239 3158 dixit,
1288 3100 1660 3163 cognoverunt
1700 3114 1842 3167 vere,
1874 3114 2048 3171 expo-

346 3195 487 3237 nere
526 3179 711 3237 voluit
758 3181 1158 3254 adjungendo,
1197 3187 1249 3238 et
1278 3185 1649 3243 crediderunt.
1694 3187 1811 3244 Hoc
1855 3189 2049 3263 itaque

344 3271 696 3328 crediderunt
743 3287 886 3341 vere,
919 3274 1066 3345 quod
1100 3282 1463 3345 cognoverunt
1487 3293 1611 3332 vere
1640 3296 1658 3332 :
1689 3279 1742 3333 id
1776 3278 1929 3334 enim
1962 3285 2049 3336 est

342 3379 377 3418 a
406 3370 455 3419 te
482 3363 654 3429 exivi,
686 3362 837 3434 quod
869 3366 982 3431 est,
1014 3372 1073 3419 tu
1102 3380 1189 3420 me
1208 3367 1420 3419 misisti.
1446 3368 1585 3422 Cum
1619 3383 1751 3437 ergo
1783 3367 2045 3434 dixisset,

341 3455 709 3522 cognoverunt
730 3466 875 3519 vere,
897 3468 970 3508 ne
992 3452 1300 3526 quisquam
1332 3458 1556 3526 putaret
1577 3454 1749 3512 istam
1771 3456 2046 3529 cognitio-

344 3559 477 3600 nem
506 3544 627 3615 jam
660 3559 764 3615 per
793 3542 1046 3615 speciem
1080 3544 1316 3609 factam,
1352 3561 1463 3599 non
1499 3560 1600 3615 per
1630 3546 1794 3603 fidem
1822 3567 1836 3617 ;
1872 3565 2045 3622 expo-

343 3635 535 3691 nendo
557 3632 796 3700 addidit,
820 3642 872 3689 et
890 3634 1263 3701 crediderunt,
1292 3637 1353 3690 ut
1373 3636 1795 3693 subaudiamus
1828 3654 1968 3709 vere,
1990 3644 2047 3695 et

341 3723 743 3795 intelligamus
773 3722 883 3778 boo
904 3723 1121 3778 dictum
1141 3738 1294 3791 esse,
1319 3733 1683 3793 cognoverunt
1712 3743 1855 3797 vere,
1889 3729 2041 3801 quod

344 3818 431 3869 est
470 3811 820 3869 crediderunt
849 3827 974 3867 vere
996 3830 1014 3865 :
1048 3828 1159 3867 non
1185 3830 1251 3869 eo
1286 3814 1456 3869 modo
1488 3831 1661 3886 quem
1697 3817 2045 3888 significavit

348 3899 521 3971 paulo
554 3903 707 3965 ante,
741 3914 872 3953 cum
903 3900 1068 3965 dixit,
1108 3901 1252 3957 Modo
1304 3904 1575 3959 creditis?
1638 3908 1784 3961 Venit
1814 3907 1967 3968 hora,
1992 3916 2045 3965 et

336 3991 459 4059 jam
488 3990 651 4058 venit,
681 3994 745 4041 ut
773 3988 1172 4059 dispergamini
1220 3993 1594 4064 unusquisque
1624 3993 1685 4048 in
1712 4002 1959 4068 propria,
1994 4004 2045 4055 et

345 4093 432 4134 me
460 4077 639 4133 solum
684 4076 1013 4149 relinquatis
1041 4080 1145 4148 (1d.
1179 4098 1292 4147 xvr,
1336 4083 1397 4137 31
1433 4090 1483 4137 et
1518 4085 1629 4153 32).
1664 4085 1774 4141 Sed
1805 4087 2040 4144 credide-

346 4174 481 4225 runt
501 4182 649 4240 vere,
672 4167 729 4223 id
754 4172 839 4224 est
861 4171 1147 4241 quomodo
1167 4171 1524 4229 credendum
1547 4179 1655 4243 est,
1679 4175 2045 4247 inconcusse,

344 4260 534 4322 ï¬rme,
566 4256 872 4325 stabiliter,
925 4259 1184 4325 fortiter;
1238 4276 1353 4317 non
1383 4263 1502 4333 jam
1538 4264 1595 4321 in
1631 4265 1864 4336 propria
1896 4267 2045 4323 redi-

344 4348 484 4418 turi,
518 4351 575 4406 et
602 4347 897 4404 Christum
931 4349 1207 4404 relicturi.
1235 4351 1436 4409 Adhuc
1460 4370 1595 4427 ergo
1627 4354 1897 4428 discipuli
1931 4373 2043 4412 non

346 4441 513 4494 erant
553 4437 715 4505 tales,
761 4438 963 4509 quales
994 4454 1092 4495 eos
1123 4439 1263 4497 dicit
1303 4442 1493 4498 verbis
1528 4445 1798 4517 prateriti
1829 4449 2046 4518 tempo-

346 4528 444 4593 ris,
478 4527 649 4599 quasi
670 4526 793 4597 jam
825 4532 1044 4599 essent,
1079 4532 1479 4602 praenuntians
1510 4534 1712 4606 quales
1743 4534 1919 4591 futuri
1952 4552 2046 4592 es-

347 4621 499 4685 sent,
530 4621 765 4688 accepto
827 4618 1048 4674 scilicet
1098 4620 1313 4692 Spiritu
1364 4627 1583 4691 sancto,
1617 4624 1714 4695 qui
1746 4640 1866 4693 eos,
1899 4626 2052 4681 sicut

349 4707 707 4778 promissum
728 4711 838 4774 est,
862 4708 1092 4765 doceret
1112 4711 1327 4766 omnia.
1349 4713 1525 4777 Quem
1547 4714 1886 4786 priusquam
1908 4718 2051 4773 acci-

348 4798 554 4869 perent
581 4797 873 4867 quomodo
925 4804 1298 4856 servaverunt
1341 4801 1468 4871 ejus
1515 4819 1861 4871 sermonem,
1894 4808 2049 4878 quod

348 4888 420 4945 de
448 4885 569 4944 illis
598 4887 771 4958 quasi
804 4887 1065 4951 fecerint,
1099 4889 1279 4957 dixit;
1331 4893 1563 4963 quando
1594 4893 1817 4963 primus
1850 4911 2049 4951 eorum

349 4986 437 5035 ter
481 4992 615 5034 eum
662 4976 891 5049 negavit
928 4976 1136 5041 (Matth.
1190 4995 1343 5047 xxvx,
1402 4979 1612 5051 69-74),
1662 4999 1794 5038 cum
1840 5000 1906 5039 ex
1954 5001 2053 5042 ore

350 5070 479 5141 ejus
512 5068 775 5125 audisset
794 5067 934 5139 quid
961 5068 1211 5124 futurum
1239 5074 1390 5125 esset
1421 5070 1643 5126 homini
1669 5072 1767 5141 qui
1799 5086 1929 5129 eum
1957 5090 2045 5130 co-

351 5176 477 5215 ram
507 5152 853 5217 hominibus
880 5158 1215 5231 negavisset
1234 5159 1339 5229 (Id.
1372 5176 1427 5229 x,
1456 5159 1551 5230 33)
1571 5163 1598 5214 ?
1632 5161 1796 5217 Dedit
1816 5178 1947 5234 ergo
1970 5164 2053 5220 eis

349 5250 528 5306 verba
559 5251 714 5307 sicut
743 5249 907 5318 dixit,
932 5266 1060 5321 quae
1087 5250 1240 5305 dedit
1262 5249 1311 5305 ei
1341 5250 1540 5307 Pater:
1567 5252 1665 5306 sed
1700 5254 1931 5324 quando
1954 5254 2057 5311 illa

353 5354 471 5394 non
503 5341 643 5396 toris
674 5340 732 5396 in
764 5340 1031 5407 auribus,
1060 5338 1164 5396 sed
1190 5339 1354 5396 intus
1388 5340 1444 5396 in
1479 5340 1753 5398 cordibus
1783 5343 2051 5413 spiritua-

357 5428 488 5485 liter
509 5436 880 5501 acceperunt,
903 5434 1042 5486 tunc
1068 5446 1193 5486 vere
1215 5436 1585 5504 acceperunt,
1610 5434 1747 5505 quia
1771 5438 1911 5491 tunc
1934 5451 2056 5491 vere

356 5524 751 5591 cognoverunt
775 5538 786 5584 ;
814 5535 946 5574 vere
967 5526 1155 5575 autem
1182 5531 1599 5593 cognoverunt,
1623 5526 1761 5596 quia
1780 5541 1910 5580 vere
1933 5542 2051 5581 cre-

357 5609 654 5667 dideruut.

1314 267 1389 325 IN
1434 266 1766 329 JUANNIS
1816 267 2347 340 EVANGELIUM,
2396 271 2457 329 S.
2508 265 2928 328 AUGUS'lâ€˜lNI

3718 262 3870 327 191!

2231 404 2287 458 7.
2320 404 2436 478 Ipsi
2469 406 2665 459 autem
2698 400 2840 459 Filio
2871 399 3162 473 quomodo
3194 401 3361 456 Pater
3390 414 3459 456 ea
3488 400 3663 456 verba
3693 402 3866 459 dede.

2163 494 2255 553 rit.
2291 494 2510 566 quibus
2559 491 2744 548 verbis
2775 491 2946 546 homo
2998 488 3205 560 poterit
3237 489 3529 560 explicare
3566 488 3594 545 Î¹
3628 490 3873 548 Facilior

2166 600 2305 641 sane
2334 584 2579 657 questio
2602 582 2853 645 videtur,
2886 579 2936 636 si
2968 580 3290 636 secundum
3325 579 3378 634 id
3414 579 3575 650 quod
3607 578 3763 637 ï¬lius
3785 586 3874 638 est

2165 676 2446 737 hominis,
2488 675 2783 744 accepisse
2805 689 2841 727 a
2858 671 3027 727 Patre
3048 670 3147 726 illa
3169 670 3347 726 verba
3368 672 3662 727 credatur.
3686 674 3874 738 Quan-

2165 783 2342 841 quam
2377 770 2550 822 natus
2579 780 2647 820 ex
2675 762 2911 831 Virgine
2952 763 3187 835 quando
3218 767 3277 819 et
3306 763 3601 834 quomodo
3632 778 3697 818 ea
3726 762 3871 819 didi-

2165 856 2328 925 cerit,
2360 855 2494 928 quis
2542 853 2866 943 enarraâ€™bit;
2908 853 3143 925 quando
3193 852 3369 908 etiam
3420 852 3609 924 ipsam
3641 868 3774 925 quae
3805 853 3875 909 de

2165 945 2404 1018 Virgine
2436 946 2588 1001 facta
2617 941 2734 1011 est,
2758 941 3191 1016 generationem
3214 941 3339 1011 ejus
3372 941 3505 1013 quis
3534 941 3874 998 enarrabit?

2162 1036 2223 1093 Si
2254 1052 2388 1092 vero
2423 1034 2750 1091 secundum
2785 1032 2842 1087 id
2874 1032 3030 1103 quod
3063 1034 3153 1087 est
3196 1030 3267 1087 de
3296 1030 3463 1087 Patre
3493 1031 3729 1101 genitus
3756 1031 3866 1089 Pa-

2160 1124 2353 1196 trique
2381 1128 2724 1190 coaeternus,
2756 1120 3056 1193 accepisse
3077 1136 3109 1175 a
3126 1118 3293 1176 Patre
3318 1120 3430 1176 ista
3453 1119 3626 1176 verba
3655 1121 3867 1192 cogita~

2161 1219 2275 1282 tur,
2312 1212 2452 1269 nihil
2479 1212 2556 1266 ibi
2587 1210 2865 1284 temporis
2886 1211 3171 1283 cogitetur
3196 1210 3361 1282 quasi
3384 1210 3545 1281 prius
3568 1209 3745 1265 fuerit
3766 1210 3867 1282 qui

2161 1321 2229 1361 ea
2259 1321 2374 1359 non
2406 1301 2695 1368 habuerit,
2727 1304 2901 1372 atque
2932 1304 2994 1355 ut
3026 1300 3266 1355 haberet
3295 1316 3429 1372 quas
3463 1314 3576 1355 non
3609 1298 3865 1355 habebat

2160 1393 2483 1466 acceperit;
2518 1391 2792 1464 quoniam
2842 1387 3131 1462 quidquid
3178 1388 3334 1445 Deus
3376 1388 3544 1445 Pater
3576 1390 3689 1445 Deo
3722 1388 3866 1445 Filio

2161 1483 2339 1551 dedit,
2373 1483 2666 1556 gignendo
2717 1480 2897 1535 dedit.
2958 1480 3041 1535 Ita
3085 1478 3239 1535 enim
3290 1479 3451 1535 dedit
3498 1478 3642 1536 Filio
3675 1479 3866 1545 Pater,

2160 1574 2287 1631 sine
2318 1573 2533 1645 quibus
2564 1570 2747 1627 Filius
2787 1585 2911 1626 esse
2945 1586 3057 1625 non
3092 1573 3313 1641 posset,
3344 1569 3499 1625 sicut
3530 1570 3581 1625 ei
3615 1569 3775 1626 dedit
3807 1575 3869 1625 ut

2160 1669 2331 1722 esset.
2364 1664 2510 1720 Nam
2543 1662 2831 1734 quomodo
2850 1660 3019 1717 aliter
3040 1659 3223 1717 Verbo
3254 1659 3430 1716 verba
3457 1660 3619 1717 daret
3649 1660 3867 1733 aliqua,

2159 1755 2218 1811 in
2252 1772 2367 1827 quo
2416 1753 2789 1811 ineffabiliter
2818 1751 2964 1807 dixit
3010 1750 3253 1807 omnia?
3300 1751 3412 1807 Sed
3457 1752 3577 1822 jam
3611 1767 3742 1822 qua
3772 1767 3860 1808 se-

2160 1849 2443 1917 quuntur,
2479 1842 2593 1900 alio
2618 1846 2754 1898 sunt
2782 1841 3169 1913 exspectanda
3199 1855 3487 1896 sermone.

2692 1931 3115 1990 TRACTATUS
3165 1931 3331 1987 CVII.

2163 2029 2233 2085 De
2262 2042 2322 2083 eo
2352 2025 2492 2098 quod
2520 2024 2655 2080 dicit
2681 2026 2858 2089 Iesus,
2885 2022 2999 2093 Ego
3020 2038 3125 2094 pro
3148 2020 3232 2077 eis
3260 2036 3420 2093 rogo,
3451 2024 3575 2086 etc.,
3604 2036 3780 2093 usque
3800 2021 3871 2075 ad

2232 2119 2306 2185 id,
2341 2115 2414 2171 Ut
2432 2115 2686 2171 habeant
2706 2111 2987 2185 gaudium
3011 2126 3207 2168 meum
3231 2109 3545 2183 impletum
3569 2108 3629 2165 in
3654 2118 3863 2166 semet-

2233 2203 2395 2277 ipsis.
2422 2205 2552 2276 Cap.
2587 2219 2725 2269 Î¹Î½Î¹Ï„,
2759 2203 2815 2271 á¿©.
2845 2199 3003 2257 9-13.

2234 2296 2284 2350 1.
2318 2294 2463 2351 Cum
2491 2294 2563 2349 de
2591 2292 2685 2349 his
2715 2307 2865 2363 quos
2909 2290 3032 2362 jam
3064 2289 3388 2361 discipulos
3437 2288 3709 2356 habebat,
3746 2289 3865 2345 Do-

2162 2385 2360 2441 minus
2406 2384 2743 2455 loqueretur
2771 2380 2840 2436 ad
2882 2382 3129 2447 Patrem,
3184 2378 3337 2434 inter
3366 2376 3479 2435 alia
3509 2378 3685 2433 etiam
3720 2376 3867 2433 dixit

2161 2475 2306 2531 hoc:
2337 2475 2443 2544 Ego
2472 2488 2572 2541 pro
2593 2472 2670 2527 eis
2700 2486 2829 2541 rogo
2861 2487 2880 2524 :
2928 2484 3035 2524 non
3081 2484 3184 2540 pro
3231 2468 3431 2524 mundo
3461 2484 3616 2537 rogo,
3642 2467 3737 2523 sed
3758 2483 3870 2539 pro

2161 2566 2245 2621 his
2274 2580 2406 2636 quos
2425 2562 2622 2621 dedisti
2640 2560 2797 2618 mihi.
2823 2560 3103 2616 Mundam
3122 2558 3242 2614 vult
3265 2560 3437 2616 modo
3470 2558 3737 2631 intelligi,
3760 2559 3869 2632 qui

2160 2654 2695 2713 vivuntsecundum
2710 2650 3243 2723 concupiscentiam
3264 2650 3487 2717 mundi,
3511 2656 3567 2706 et
3590 2667 3706 2705 non
3727 2654 3871 2707 sunt

2160 2747 2217 2803 in
2251 2762 2317 2802 ea
2348 2748 2500 2800 sorte
2549 2743 2771 2817 gratiae,
2825 2745 2887 2796 ut
2933 2739 3004 2796 ab
3056 2739 3156 2796 illo
3204 2739 3495 2812 eligantur
3521 2754 3585 2796 ex
3620 2741 3866 2796 mundo.

2158 2832 2281 2888 Non
2312 2830 2512 2904 itaque
2542 2847 2643 2902 pro
2674 2828 2913 2896 mundo,
2937 2827 3040 2884 sed
3075 2844 3175 2900 pro
3209 2827 3298 2884 his
3324 2844 3471 2899 quos
3501 2826 3551 2881 ei
3586 2826 3753 2883 Pater
3776 2828 3871 2882 de-

2158 2922 2264 2991 dit,
2297 2936 2500 2994 rogare
2526 2936 2588 2977 se
2611 2919 2790 2976 dicit:
2826 2934 2928 2990 per
2954 2916 3063 2974 hoc
3095 2918 3247 2973 enim
3281 2916 3427 2987 quod
3460 2931 3559 2973 eos
3583 2915 3668 2971 illi
3699 2916 3872 2972 Pater

2150 3010 2273 3082 jam
2308 3009 2489 3076 dedit,
2522 3009 2738 3065 factum
2760 3015 2843 3064 est
2868 3010 2933 3063 ut
2955 3022 3065 3063 non
3090 3005 3417 3078 pertineant
3437 3006 3502 3060 ad
3523 3021 3657 3061 eum
3691 3021 3873 3061 mun-

2156 3101 2296 3157 dum
2332 3116 2434 3173 pro
2465 3115 2577 3171 quo
2606 3114 2722 3155 non
2755 3101 2940 3170 rogat.
3690 3115 3694 3123 Ï„

2226 3191 2279 3244 2.
2312 3189 2530 3245 Deinde
2577 3185 2905 3259 subjungit,
2958 3185 3098 3254 Quia
3145 3186 3229 3240 tui
3278 3192 3430 3239 sunt.
3473 3182 3675 3256 Neque
3706 3186 3866 3241 enim

2157 3278 2294 3351 quia
2328 3278 2494 3335 Pater
2524 3293 2624 3333 eos
2674 3275 2818 3332 Filio
2849 3274 3030 3343 dedit,
3078 3273 3279 3330 amisit
3322 3274 3446 3345 ipse
3476 3290 3622 3345 quos
3652 3274 3823 3331 dedit
3852 3290 3865 3331 :

2155 3384 2288 3425 cum
2324 3368 2514 3424 adhuc
2549 3366 2729 3423 Filius
2771 3369 3073 3436 sequatur,
3104 3366 3163 3419 et
3194 3363 3365 3432 dicat,
3399 3365 3469 3418 Et
3496 3378 3619 3419 mea
3669 3369 3865 3421 omnia

2157 3466 2251 3514 tua
2276 3461 2401 3513 sunt
2426 3464 2479 3512 et
2500 3460 2594 3512 tua
2620 3470 2759 3509 mea.
2795 3454 2899 3510 Ubi
2933 3452 3075 3508 satis
3106 3456 3342 3522 apparet
3372 3453 3663 3523 quomodo
3701 3457 3850 3511 uni-

2155 3548 2338 3621 geniti
2371 3546 2497 3603 Filii
2528 3546 2647 3601 sint
2676 3544 2874 3601 omnia
2894 3560 3021 3615 quas
3048 3546 3189 3598 sunt
3211 3542 3395 3599 Patris
3422 3561 3437 3613 ;
3472 3560 3571 3614 per
3603 3543 3710 3601 hoc
3742 3546 3861 3601 uti-i

2152 3653 2264 3709 que
2293 3636 2446 3709 quod
2481 3634 2654 3692 etiam
2682 3635 2806 3706 ipse
2850 3636 2998 3689 Deus
3042 3636 3149 3701 est,
3200 3636 3258 3687 et
3284 3632 3353 3687 de
3384 3631 3548 3688 Patre
3582 3634 3738 3689 Patri
3773 3640 3869 3693 est

2152 3734 2326 3784 natus
2357 3724 2596 3798 aequalis
2622 3740 2634 3778 :
2668 3740 2781 3779 non
2807 3720 3099 3793 quomodo
3128 3720 3353 3777 dictum
3377 3730 3461 3776 est
3484 3722 3583 3778 uni
3617 3739 3684 3779 ex
3710 3723 3863 3782 duo-

2152 3815 2262 3870 bus
2296 3812 2450 3881 ï¬liis,
2475 3811 2679 3884 majori
2700 3809 2940 3875 scilicet,
2967 3811 3048 3863 Tu
3077 3824 3291 3880 semper
3310 3823 3521 3865 mecum
3554 3826 3629 3879 es,
3660 3816 3713 3867 et
3740 3827 3862 3867 om-

2153 3905 2251 3959 nia
2282 3918 2399 3957 mea
2426 3905 2525 3957 tua
2552 3906 2685 3957 sunt
2713 3900 2864 3970 (Luc.
2897 3915 2987 3967 xv,
3012 3898 3123 3969 3i).
3151 3897 3303 3954 Illud
3337 3898 3492 3954 enim
3525 3899 3745 3955 dictum
3773 3904 3866 3957 est

2154 3994 2223 4050 de
2254 3994 2346 4050 bis
2378 3991 2654 4049 omnibus
2703 3989 2983 4047 creaturis
3014 4005 3139 4061 qua:
3169 3989 3322 4045 infra
3353 3993 3683 4047 creaturam
3717 4009 3865 4049 san-

2153 4089 2306 4143 ctam
2340 4081 2683 4139 rationalem
2719 4084 2883 4147 eunt,
2914 4095 3038 4151 qum
3063 4078 3263 4153 utique
3303 4079 3637 4136 subduntur
3661 4082 3865 4139 Eccle-

2157 4175 2257 4230 sia
2285 4192 2299 4239 ;
2332 4175 2389 4229 in
2424 4188 2537 4245 qua
2566 4170 2839 4228 universa
2858 4167 3113 4226 Ecclesia
3131 4171 3188 4226 et
3208 4168 3292 4225 illi
3313 4169 3427 4225 duo
3446 4169 3872 4243 intelliguntur

2160 4264 2261 4320 filii
2297 4262 2479 4334 major
2514 4264 2571 4317 et
2604 4259 2811 4329 minor,
2868 4274 3001 4315 cum
3048 4257 3324 4315 omnibus
3356 4259 3588 4333 Angelis
3620 4263 3869 4334 sanctis,

2159 4352 2368 4425 quibus
2401 4351 2623 4407 erimus
2649 4347 2905 4421 aequales
2925 4348 2984 4404 in
3012 4364 3192 4420 regno
3211 4347 3429 4404 Christi
3454 4352 3508 4404 et
3533 4349 3627 4406 Dei
3649 4349 3866 4422 (Matth.

2159 4461 2294 4512 Ï‡Î¹Î¹Î¹,
2328 4442 2419 4513 30)
2457 4458 2470 4496 :
2506 4440 2614 4496 hoc
2673 4443 2869 4495 autem
2903 4438 2979 4494 ita
3008 4438 3229 4494 dictum
3280 4445 3388 4507 est,
3426 4441 3491 4494 Et
3520 4456 3639 4496 mea
3680 4446 3871 4497 omnia

2158 4538 2253 4590 tua
2273 4537 2419 4604 sunt,
2439 4534 2489 4588 et
2514 4539 2606 4587 tua
2636 4546 2779 4599 mea,
2804 4532 2867 4585 ut
2884 4528 2979 4585 hic
2997 4529 3073 4585 sit
3090 4530 3265 4586 etiam
3284 4528 3412 4602 ipsa
3441 4536 3729 4599 creatura,
3775 4550 3870 4589 ra-

2158 4621 2415 4691 tionalis,
2467 4637 2591 4692 quas
2622 4637 2736 4676 non
2772 4619 2881 4675 nisi
2911 4618 3026 4675 Deo
3080 4618 3372 4686 subditur,
3397 4623 3462 4675 ut
3489 4621 3540 4677 ei
3563 4637 3689 4692 quas
3714 4621 3873 4678 intra

2158 4715 2317 4771 illam
2351 4714 2487 4768 sunt
2531 4713 2738 4767 cuncta
2767 4710 3111 4766 subdantur.
3153 4711 3285 4766 Haec
3328 4724 3458 4781 ergo
3489 4728 3623 4767 cum
3658 4711 3731 4766 sit
3766 4711 3872 4769 Dei

2160 4804 2368 4873 Patris,
2403 4817 2517 4859 non
2550 4798 2728 4857 simul
2753 4802 2905 4856 esset
2921 4802 2978 4855 et
3001 4797 3149 4866 Filii,
3179 4798 3287 4854 nisi
3309 4800 3462 4854 Patri
3494 4805 3651 4857 esset
3672 4817 3873 4873 requa-

2161 4892 2271 4962 lis;
2312 4893 2383 4948 de
2430 4891 2555 4962 ipsa
2603 4890 2817 4963 quippe
2866 4887 3094 4960 agebat,
3128 4902 3262 4943 cum
3305 4887 3535 4957 diceret,
3591 4892 3713 4945 Nnn
3765 4909 3873 4963 pro

2160 4982 2361 5038 mundo
2392 4996 2543 5052 rogo,
2573 4979 2662 5036 sed
2690 4994 2786 5050 pro
2834 4977 2915 5033 his
2961 4992 3095 5050 quos
3142 4977 3345 5033 dedisti
3396 4980 3573 5035 mihi:
3605 4998 3634 5053 q
3656 4982 3754 5036 uia
3786 4984 3877 5037 tui

2161 5080 2310 5140 sunt,
2344 5075 2396 5129 et
2425 5088 2544 5127 mea
2571 5072 2756 5125 omnia
2801 5075 2897 5124 tua
2935 5072 3080 5135 sunt,
3114 5074 3166 5124 et
3197 5071 3293 5123 tua
3322 5086 3466 5125 mea.
3512 5070 3628 5127 Nec
3661 5072 3747 5129 fas
3781 5077 3873 5129 est

2164 5167 2228 5218 ut
2249 5162 2459 5228 sancti,
2484 5160 2554 5216 de
2576 5159 2794 5233 quibus
2820 5158 2939 5214 haec
2965 5158 3323 5224 locutusest,
3347 5159 3698 5233 cujusquam
3723 5163 3869 5235 sint,

2164 5254 2277 5311 nisi
2311 5254 2438 5325 ejus
2461 5269 2493 5307 a
2515 5269 2628 5324 quo
2668 5249 2844 5307 creati
2869 5254 2924 5305 et
2948 5249 3291 5307 sanctiï¬cati
3314 5256 3450 5307 sunt
3479 5268 3493 5308 :
3519 5269 3586 5309 ac
3616 5270 3719 5326 per
3758 5256 3874 5312 hoc

2161 5348 2219 5402 et
2248 5343 2446 5400 omnia
2490 5357 2614 5413 qua:
2643 5341 2901 5412 ipsorum
2933 5342 3092 5407 sunt,
3126 5355 3363 5396 necesse
3390 5344 3478 5397 est
3513 5347 3575 5397 ut
3594 5343 3719 5413 ejus
3750 5344 3878 5402 sint

2164 5434 2335 5505 cujus
2366 5436 2422 5489 et
2450 5430 2562 5505 ipsi
2594 5434 2751 5487 sunt.
2786 5429 2930 5503 Ergo
2978 5444 3113 5486 cum
3146 5435 3199 5485 et
3230 5429 3420 5487 Patris
3461 5436 3516 5486 et
3546 5431 3673 5487 Filii
3704 5439 3873 5503 sunt,

2164 5521 2412 5594 aequales
2458 5537 2556 5577 eos
2605 5536 2728 5577 esse
2790 5519 3212 5587 demonstrant,
3275 5536 3523 5591 quorum
3575 5522 3877 5594 mqualitcr

2165 5620 2318 5673 sunt.
2358 5610 2504 5669 illud
2535 5615 2723 5668 autem
2757 5609 2910 5682 quod
2934 5608 3033 5675 ait,
3057 5625 3189 5666 cum
3223 5609 3290 5666 de
3318 5609 3535 5682 spiritu
3569 5616 3763 5668 sancto
3789 5611 3874 5669 lo-
