4164 6184
339 209 491 272 1913

334 349 634 417 queretur,
666 344 862 400 Omnia
894 358 1013 414 quis
1069 343 1229 399 habet
1270 345 1453 409 Pater,
1505 359 1627 400 mea
1680 348 1858 411 sunt;
1914 360 2043 416 pro-

329 440 490 507 ptera
536 433 657 489 dixi
684 436 815 506 quia
862 433 927 487 de
954 448 1071 487 meo
1100 435 1349 504 accipiet,
1390 440 1443 490 et
1488 435 1853 489 annuntiabit
1894 435 2040 490 vobis

333 524 511 595 (toan.
546 540 661 592 xw,
697 524 781 593 15)
809 541 821 590 ;
855 523 927 578 de
957 522 1048 577 his
1080 522 1224 578 dixit
1250 540 1375 595 quas
1400 525 1469 578 ad
1492 523 1681 595 ipsam
1710 525 1894 579 Patris
1918 540 2040 595 per-

331 610 520 665 tinent
567 609 952 677 divinitatem,
985 610 1043 664 in
1075 611 1289 681 quibus
1331 610 1415 665 illi
1447 616 1536 666 est
1565 611 1820 682 aequalis,
1842 613 2038 667 omnia

333 715 460 771 quas
492 698 669 754 habet
700 698 991 753 habendo.
1024 698 1222 771 Neque
1249 700 1401 754 enim
1425 700 1681 770 Spiritus
1704 706 1943 757 sanctus
1964 702 2035 756 de

332 795 596 844 creatura
644 805 771 860 quis
817 788 967 843 Patri
998 794 1088 844 est
1134 790 1369 844 subdita
1418 794 1476 845 et
1525 790 1686 857 Filio,
1714 794 1901 845 fuerat
1947 807 2037 846 ao-

329 886 602 949 cepturus
649 878 799 950 quod
852 879 950 942 ait,
982 877 1049 933 de
1092 895 1210 935 meo
1256 883 1535 952 accipiet;
1569 881 1667 934 sed
1720 880 1916 951 utique
1964 882 2035 934 de

329 968 562 1023 Patrem
594 972 665 1024 de
696 984 812 1038 quo
846 972 1104 1042 procedit
1133 970 1405 1043 Spiritus,
1438 970 1645 1043 dequo
1666 973 1756 1026 est
1786 974 1957 1026 natus
1976 973 2035 1025 et

329 1055 535 1114 Filius.

400 1147 454 1201 3.
491 1148 558 1203 Et
602 1149 935 1218 clariﬁeatus
982 1167 1125 1214 sum,
1160 1150 1371 1223 inquit,
1415 1154 1470 1205 in
1516 1152 1612 1206 eis.
1645 1150 1809 1205 Nunc
1863 1166 2029 1204 suam

325 1235 803 1295 clarificationem
855 1244 1135 1312 tanquam
1172 1241 1321 1295 facta
1360 1240 1432 1295 sit
1468 1240 1627 1299 dicit,
1661 1256 1791 1295 cum
1841 1238 2031 1294 adhuc

323 1333 486 1385 esset
517 1330 710 1385 futura
743 1346 755 1386 :
784 1332 1053 1402 superius
1084 1338 1276 1388 autem
1304 1350 1335 1387 a
1360 1332 1521 1387 Patre
1554 1331 1825 1403 poscebat
1847 1339 1901 1385 ut
1929 1332 2027 1385 tie-

354 1424 431 1474 et.
466 1420 573 1473 Sed
627 1426 817 1476 utrum
871 1420 997 1493 ipsa
1047 1422 1123 1476 sit
1153 1421 1508 1488 clarificatio,
1535 1421 1605 1475 de
1637 1437 1752 1492 qua
1783 1419 2029 1497 dixerat,

321 1509 391 1563 Et
418 1526 568 1565 nunc
587 1510 831 1580 clari/ica
862 1527 947 1565 me
993 1517 1071 1576 tu,
1106 1513 1291 1578 Pater,
1324 1510 1470 1581 apud
1513 1512 1882 1580 temetipsum,
1912 1510 2028 1565 cla-

321 1601 493 1653 ritate
522 1616 683 1670 quam
734 1599 924 1665 habui,
954 1602 1275 1672 priusquam
1304 1600 1539 1655 mundus
1581 1607 1733 1662 esset.
1764 1599 1910 1670 apud
1976 1604 2025 1654 te

319 1691 500 1758 (Joan.
537 1706 671 1756 xvn,
706 1692 756 1755 t,
788 1690 883 1760 5);
918 1690 1117 1760 utique
1167 1689 1581 1761 requirendum
1624 1693 1726 1745 est.
1760 1690 1814 1742 Si
1867 1689 2021 1744 enim

315 1778 471 1850 apud
518 1786 591 1846 te,
625 1779 917 1849 quomodo
965 1780 1023 1832 in
1053 1780 1180 1834 eis?
1217 1781 1298 1834 An
1353 1794 1481 1834 cum
1526 1778 1630 1834 hoc
1661 1779 1853 1849 ipsum
1896 1778 2022 1832 ino-

316 1868 490 1924 tescit
522 1868 627 1934 eis,
664 1884 727 1921 ac
755 1866 1033 1938 peripsos
1055 1868 1330 1923 omnibus
1352 1868 1448 1939 qui
1482 1868 1729 1922 credunt
1750 1868 1836 1922 eis
1862 1867 2022 1921 testi-

317 1959 431 2014 bus
464 1957 588 2013 suis
608 1956 637 2011 ?
667 1958 993 2012 Possumus
1025 1956 1195 2029 plane
1227 1958 1308 2012 sic
1339 1957 1658 2028 intelligere
1680 1957 1893 2012 dixisse
1913 1956 2023 2012 Do-

314 2047 552 2103 minum
588 2047 657 2102 de
704 2046 1016 2117 Apostolis,
1054 2047 1206 2119 quod
1258 2046 1613 2103 clariﬁcatus
1663 2047 1738 2102 sit
1767 2045 1851 2102 eis
1884 2063 1897 2101 :
1933 2047 2020 2102 di-

312 2139 502 2195 cendo
548 2137 702 2191 enim
754 2152 883 2192 esse
934 2137 1056 2208 jam
1102 2138 1343 2205 factum,
1376 2136 1633 2193 ostendit
1671 2138 1792 2208 jam
1840 2138 2021 2192 fuisse

314 2226 825 2299 praedestinatum,
858 2230 915 2283 et
961 2231 1183 2283 certum
1218 2226 1412 2282 haberi
1462 2226 1644 2283 voluit
1682 2227 1835 2298 quod
1875 2233 2021 2284 esset

313 2319 606 2374 futurum.

391 2407 440 2462 4.
478 2407 543 2461 Et
598 2409 737 2475 iam,
782 2405 1001 2477 inquit,
1043 2421 1152 2461 non
1205 2422 1327 2462 sum
1373 2405 1430 2461 in
1493 2406 1709 2474 mundo,
1769 2414 1822 2462 et
1854 2407 1911 2462 hi
1962 2410 2020 2461 in

309 2495 522 2550 mundo
552 2501 699 2550 sunt.
734 2495 791 2551 Si
834 2496 1031 2550 horam
1065 2511 1304 2565 prorsus
1337 2495 1493 2551 illam
1530 2511 1645 2565 qua
1676 2494 2023 2566 loquebatur

308 2585 612 2650 attendas,
647 2584 876 2654 utrique
898 2584 1086 2639 adhuc
1119 2584 1175 2638 in
1205 2586 1422 2640 mundo
1453 2589 1618 2640 erant
1642 2602 1657 2651 ;
1680 2589 1734 2641 et
1768 2586 1889 2655 ipse
1912 2586 2023 2641 sci-

307 2675 472 2742 licet,
504 2678 563 2729 et
585 2672 667 2728 illi
701 2674 771 2728 de
806 2674 1014 2744 quibus
1043 2672 1152 2729 hoc
1177 2673 1405 2729 dicebat
1438 2691 1451 2728 :
1486 2691 1599 2730 non
1632 2675 1786 2730 enim
1811 2690 2021 2732 secun-

304 2765 453 2819 dum
490 2767 824 2835 provectum
856 2762 1046 2818 cordis
1074 2766 1133 2818 et
1162 2764 1294 2819 vita:
1325 2762 1378 2817 id
1414 2764 1672 2834 accipere
1706 2780 2018 2835 possumus

303 2854 398 2910 vel
446 2854 751 2920 debemus,
788 2861 844 2907 ut
894 2851 978 2907 illi
1021 2856 1321 2925 propterea
1351 2852 1544 2909 adhuc
1581 2868 1710 2909 esse
1750 2854 2019 2909 dicantur

302 2944 366 2998 in
402 2944 647 3010 mundo,
682 2943 833 3014 quod
862 2943 1157 2997 mundana
1189 2941 1381 2997 adhuc
1410 2941 1679 3015 sapiant;
1705 2942 1799 2999 ille
1822 2948 2015 3000 autem

298 3032 427 3103 iam
459 3047 574 3087 non
606 3047 731 3087 esse
756 3032 811 3085 in
840 3032 1081 3099 mundo,
1105 3029 1387 3102 capiendo
1408 3030 1623 3086 divina.
1650 3031 1906 3086 Positum
1929 3035 2020 3086 est

300 3121 405 3177 hic
450 3122 606 3176 enim
655 3120 896 3176 verbum
948 3136 1153 3188 unum,
1207 3121 1358 3193 quod
1411 3136 1518 3176 nos
1564 3121 1644 3175 ita
1692 3120 2017 3193 intelligere

300 3211 545 3269 omnino
570 3229 685 3267 non
718 3212 874 3267 sinat
900 3230 912 3267 :
937 3212 1078 3284 quia
1108 3228 1221 3268 non
1247 3212 1346 3279 ait,
1372 3215 1439 3267 Et
1461 3228 1577 3268 non
1600 3228 1731 3267 sum
1749 3212 1810 3267 in
1845 3228 2015 3267 mun-

299 3303 417 3369 do;
451 3302 575 3368 sed,
608 3303 727 3358 lam
752 3317 862 3357 non
883 3317 1006 3356 sum
1034 3303 1093 3356 in
1122 3300 1327 3357 mundo
1359 3316 1377 3355 :
1409 3316 1508 3372 per
1560 3301 1668 3357 hoc
1699 3302 2015 3358 ostendens

298 3392 493 3449 fuisse
518 3408 581 3447 se
618 3392 673 3445 in
700 3392 939 3459 mundo,
967 3392 1093 3462 jam
1118 3407 1234 3447 non
1265 3406 1415 3447 esse.
1442 3390 1735 3462 Numquid
1760 3408 1897 3463 ergo
1932 3392 2013 3446 fas

299 3492 397 3539 est
420 3488 485 3536 ut
506 3498 637 3536 eum
664 3482 976 3537 credamus
1001 3480 1315 3552 aliquando
1340 3483 1639 3538 mundana
1657 3482 1941 3553 sapuisse,
1956 3488 2009 3537 et

300 3574 381 3628 ab
410 3570 520 3628 hoc
570 3587 758 3626 errore
808 3570 1117 3627 liberatum
1161 3572 1277 3641 iam
1310 3570 1414 3626 illa
1444 3588 1552 3627 non
1596 3572 1846 3642 sapere?
1873 3571 2012 3637 Quis

298 3667 423 3717 tam
456 3661 636 3732 impio
669 3676 846 3716 sensu
882 3677 941 3716 se
970 3659 1273 3716 induerit?
1302 3660 1499 3717 Restat
1521 3661 1696 3732 igitur
1719 3673 1783 3716 ut
1804 3679 2013 3719 secun-

298 3752 446 3807 dum
504 3750 558 3805 id
610 3751 764 3822 quod
818 3749 941 3820 ipse
988 3749 1166 3807 etiam
1224 3750 1281 3805 in
1316 3751 1534 3807 mundo
1580 3750 1743 3822 prius
1774 3758 1918 3820 erat,
1952 3754 2009 3808 in

299 3841 527 3897 mundo
558 3855 619 3894 se
652 3840 861 3895 dixerit
895 3840 1016 3910 jam
1051 3856 1167 3895 non
1211 3856 1378 3906 esse;
1413 3842 1665 3913 profecto
1708 3843 2011 3912 praesentia

298 3930 618 4000 corporali,
652 3948 686 3985 a
710 3932 928 3986 mundo
958 3929 1181 3986 scilicet
1211 3930 1527 3986 absentiam
1560 3947 1722 3987 suam
1750 3933 1876 4002 jam
1901 3933 2010 3991 cito

299 4022 586 4086 futuram,
623 4020 856 4076 illorum
894 4029 1085 4077 autem
1124 4021 1371 4091 tardius,
1409 4036 1509 4092 per
1537 4022 1645 4078 hoc
1676 4026 2007 4095 ostendens,

301 4112 460 4184 quod
495 4113 696 4182 sejam
730 4127 843 4167 non
876 4110 969 4166 hic
1000 4127 1149 4179 esse,
1180 4110 1313 4167 illos
1342 4115 1537 4167 autem
1571 4112 1663 4167 hic
1693 4129 1822 4170 esse
1844 4115 2008 4185 dixit,

298 4218 443 4260 cum
479 4206 535 4257 et
555 4202 679 4273 ipse
710 4201 806 4256 hic
836 4204 893 4256 et
926 4200 1007 4255 illi
1036 4201 1227 4256 adhuc
1260 4207 1477 4257 essent.
1512 4201 1605 4258 Sic
1637 4203 1790 4258 enim
1816 4210 1902 4259 est
1927 4206 2010 4259 lo-

303 4296 502 4359 cutus,
536 4291 711 4347 homo
756 4306 1084 4361 congruens
1114 4291 1471 4358 hominibus,
1508 4296 1567 4346 ut
1591 4309 1709 4347 mos
1734 4293 2007 4365 loquendi

302 4398 438 4437 sese
470 4380 641 4436 habet
686 4382 995 4435 humanus.
1025 4381 1109 4435 An
1143 4396 1257 4436 non
1290 4381 1549 4451 quotidie
1580 4381 1856 4447 dicimus,
1879 4387 2003 4439 Jam

299 4486 423 4527 non
454 4474 543 4525 est
573 4468 685 4538 hic,
720 4471 789 4525 de
820 4469 1017 4540 aliquo
1044 4470 1393 4541 quantocius
1421 4469 1697 4525 abituro?
1726 4470 1796 4526 Et
1828 4473 2008 4527 maxi-

302 4578 401 4617 me
420 4561 528 4615 hos
551 4562 619 4617 de
644 4561 943 4616 morituris
964 4559 1110 4615 solet
1131 4558 1268 4615 dici.
1296 4559 1639 4631 Quanquam
1664 4570 1719 4616 et
1738 4561 1861 4633 ipse
1905 4564 2011 4619 Do-

301 4653 508 4708 minus
540 4656 812 4723 tanquam
839 4650 1163 4722 praavidens
1189 4650 1329 4721 quid
1355 4652 1604 4705 lecturos
1628 4667 1856 4708 movere
1880 4670 2011 4725 pos-

303 4747 395 4799 set
427 4742 660 4812 adjecit,
688 4743 753 4796 Et
776 4755 869 4811 ego
899 4739 969 4794 ad
991 4747 1041 4795 te
1074 4740 1227 4794 venio
1256 4755 1272 4791 :
1304 4739 1384 4794 sic
1404 4756 1699 4810 exponens
1729 4744 2007 4812 quodam-

305 4831 483 4886 modo
514 4846 619 4885 cur
647 4830 876 4899 dixerit,
905 4831 1027 4885 Jam
1058 4844 1166 4885 non
1196 4845 1318 4885 sum
1348 4830 1404 4884 in
1433 4832 1657 4885 mundo.

374 4922 429 4975 5.
466 4920 851 4975 Commendat
896 4934 1031 4989 ergo
1063 4935 1158 4975 eos
1203 4918 1377 4986 Patri,
1412 4934 1559 4988 quos
1591 4920 1872 4990 corporali
1904 4924 2005 4977 ah-

300 5012 492 5067 sentia
522 5010 828 5065 relicturus
858 5014 967 5077 est,
1001 5009 1202 5063 dicens
1244 5023 1257 5063 :
1290 5008 1461 5065 Pater
1486 5016 1692 5076 sancte,
1726 5026 1881 5065 serva
1917 5028 2006 5069 eos

296 5107 355 5157 in
385 5103 610 5157 nomine
650 5107 742 5156 tuo
798 5114 926 5170 quos
955 5097 1149 5154 dedisti
1176 5097 1339 5154 mihi.
1384 5097 1599 5170 Nempe
1631 5102 1783 5155 sicut
1832 5101 2003 5158 homo

297 5196 478 5248 Deum
520 5194 683 5261 rogat
728 5205 832 5261 pro
862 5187 1167 5260 discipulis
1198 5188 1346 5255 suis,
1378 5204 1523 5260 quos
1553 5190 1773 5260 accepit
1801 5206 1832 5244 ει
1863 5189 2001 5247 Deo.

290 5281 399 5336 Sed
433 5280 663 5336 attende
692 5278 841 5349 quod
873 5277 1177 5348 sequitur:
1204 5279 1267 5337 Ut
1289 5278 1424 5344 sint,
1458 5278 1668 5350 inquit,
1702 5295 1877 5335 unum
1901 5283 2003 5336 sie-

292 5380 356 5427 ut
398 5378 451 5427 et
496 5387 615 5429 nos.
666 5370 794 5425 Non
843 5369 946 5437 ait,
996 5370 1061 5427 Ut
1110 5369 1419 5427 nobiscum
1468 5372 1584 5424 sint
1633 5386 1839 5436 unum,
1876 5376 1997 5438 aut,

291 5461 480 5516 simus
514 5475 694 5515 unum
728 5458 834 5529 ipsi
868 5462 925 5514 et
955 5474 1082 5526 nos,
1104 5458 1258 5514 sicut
1289 5474 1465 5514 unum
1498 5475 1697 5515 samus
1721 5475 1857 5525 nos;
1898 5460 1996 5516 sed

291 5550 393 5619 ait,
436 5552 634 5608 Utsiat
683 5566 855 5605 unum
902 5551 1042 5605 sicut
1065 5557 1115 5605 et
1157 5565 1270 5605 nos.
1306 5549 1420 5621 Ipsi
1473 5549 1671 5622 utique
1700 5549 1759 5607 in
1793 5554 1996 5609 natura

1490 208 1946 274 THACTATUS
1988 211 2162 274 CVII.
2209 214 2460 275 CAPUT
2505 214 2687 277 XVII.

3694 222 3847 283 19H

2147 363 2255 403 sua
2284 348 2403 405 sint
2433 363 2637 415 unum,
2678 349 2909 407 sicutet
2938 366 3042 406 nos
3074 350 3133 406 in
3168 356 3365 409 nostra
3399 370 3579 412 unum
3612 370 3841 413 sumus.

2146 437 2310 501 Quod
2330 439 2527 510 procul
2560 438 2737 494 dubio
2763 455 2955 495 verum
2990 456 3103 496 non
3128 440 3362 510 diceret,
3389 446 3498 499 nisi
3520 446 3842 502 secundum

2147 526 2252 581 hoc
2284 527 2519 595 diceret,
2563 530 2715 601 quod
2746 531 3008 601 ejusdem
3042 538 3257 586 naturas
3292 537 3445 590 Deus
3474 540 3559 589 est
3590 535 3759 604 cujus
3788 541 3845 591 et

2144 620 2333 685 Pater,
2365 619 2691 674 secundum
2719 621 2871 691 quod
2906 620 3044 676 alibi
3067 622 3234 688 dixit,
3262 624 3377 696 Ego
3398 631 3452 678 et
3478 626 3642 681 Pater
3671 641 3841 679 unum

2143 722 2329 762 sumus
2355 709 2531 776 (Joan.
2564 726 2619 775 x,
2652 710 2743 781 30)
2778 726 2791 763 :
2852 727 2967 766 non
2999 713 3315 768 secundum
3350 715 3500 784 quod
3542 714 3714 769 etiam
3738 713 3843 770 ho-

2144 812 2235 853 mo
2260 803 2383 854 est:
2420 815 2550 853 nam
2584 800 2908 855 secundum
2944 801 3069 869 hoc,
3103 802 3269 858 Pater
3305 804 3484 872 maior
3509 820 3596 859 me
3624 810 3704 861 est
3735 804 3836 875 (1d.

2141 902 2258 953 xiv,
2288 888 2401 956 28),
2434 888 2597 944 dixit.
2630 890 2737 946 Sed
2788 890 3062 961 quoniam
3098 908 3214 946 una
3256 893 3573 963 eademque
3605 909 3842 963 persona

2142 987 2217 1030 est
2256 976 2405 1032 Deus
2434 982 2490 1032 et
2520 978 2716 1046 homo,
2750 980 3138 1050 intelligimus
3171 980 3464 1037 hominem
3498 981 3557 1036 in
3588 999 3654 1039 eo
3687 984 3839 1054 quod

2143 1068 2304 1134 rogat
2336 1082 2347 1118 :
2401 1066 2783 1138 intelligimus
2819 1076 3006 1124 autem
3061 1070 3237 1124 Deum
3284 1070 3343 1125 in
3374 1086 3440 1126 eo
3472 1072 3622 1143 quod
3658 1086 3835 1126 unum

2142 1162 2273 1207 sunt
2308 1158 2362 1208 et
2393 1154 2516 1226 ipse
2547 1161 2603 1210 et
2630 1156 2725 1211 ille
2757 1173 2927 1227 quem
2950 1163 3132 1229 rogat.
3166 1160 3272 1215 Sed
3306 1164 3393 1215 est
3414 1159 3605 1215 adhuc
3629 1164 3684 1215 in
3708 1176 3841 1214 con-

2139 1243 2519 1313 sequentibus
2542 1244 2702 1300 lucus
2734 1246 2831 1301 ubi
2851 1247 2918 1303 de
2940 1247 3045 1303 hac
3077 1264 3136 1303 re
3165 1247 3521 1321 dilligentius
3540 1250 3841 1320 disputan-

2140 1331 2280 1387 dum
2314 1341 2420 1389 est.

2206 1421 2257 1475 6.
2287 1421 2389 1478 Hic
2412 1427 2602 1479 autem
2626 1425 2923 1497 sequitur:
2954 1427 3088 1481 Cum
3108 1443 3272 1482 essem
3294 1444 3417 1483 eum
3437 1431 3533 1496 eis,
3550 1443 3641 1498 ego
3662 1444 3840 1484 serva-

2138 1512 2257 1567 bam
2279 1530 2368 1569 eos
2386 1514 2447 1569 in
2469 1518 2689 1571 nomine
2711 1523 2822 1573 tuo.
2844 1517 2949 1586 Me,
2965 1518 3179 1589 inquit,
3198 1518 3460 1574 veniente
3482 1518 3553 1573 ad
3583 1523 3656 1584 te,
3673 1532 3838 1573 serva

2136 1618 2231 1658 eos
2262 1603 2317 1657 in
2354 1605 2588 1659 nomine
2622 1611 2743 1675 tuo,
2776 1606 2833 1662 in
2867 1624 2985 1679 quo
3017 1624 3112 1664 eos
3134 1611 3514 1687 quandocum
3547 1609 3634 1664 eis
3658 1624 3834 1673 eram,

2134 1698 2191 1747 et
2218 1694 2340 1764 ipse
2358 1697 2680 1752 servabam.
2698 1698 2761 1753 In
2787 1699 3022 1755 nomine
3037 1699 3219 1756 Patris
3237 1699 3499 1755 servabat
3519 1698 3837 1770 discipulos

2133 1799 2272 1838 suos
2290 1783 2465 1840 Filius
2489 1785 2684 1854 homo,
2701 1804 2833 1844 cum
2851 1789 2934 1845 eis
2956 1787 3210 1846 humana
3234 1789 3541 1862 prtesentin
3561 1788 3835 1846 constitu-

2132 1876 2225 1927 tus
2260 1890 2271 1927 :
2309 1875 2407 1929 sed
2441 1876 2608 1931 etiam
2634 1876 2799 1933 Pater
2826 1878 2885 1936 in
2910 1880 3145 1935 nomine
3168 1880 3294 1936 Filii
3320 1880 3584 1936 servabat
3606 1896 3752 1952 quos
3774 1878 3830 1933 in

2133 1961 2367 2018 nomine
2393 1963 2517 2018 Filii
2543 1970 2799 2034 petentes
2820 1967 3179 2025 exaudiebat.
3203 1968 3302 2025 His
3327 1968 3539 2042 quippe
3563 1968 3716 2024 idem
3743 1967 3832 2022 Fi-

2130 2050 2245 2106 lius
2278 2052 2498 2109 dixerat
2530 2070 2542 2109 :
2577 2054 2769 2122 Amen,
2800 2074 2961 2113 amen
2984 2059 3103 2114 dico
3134 2058 3298 2128 vobis,
3329 2062 3378 2114 si
3405 2057 3538 2132 quid
3562 2059 3833 2129 petieritis

2130 2142 2353 2197 Patrem
2380 2144 2439 2198 in
2467 2146 2686 2201 nomine
2713 2163 2852 2214 meo,
2875 2147 3027 2203 dabit
3057 2147 3204 2203 vobis
3228 2148 3331 2219 (Id.
3364 2166 3479 2215 xvr,
3501 2148 3611 2221 23).
3634 2148 3831 2218 Neque

2130 2228 2239 2284 hoc
2271 2238 2383 2285 tam
2434 2232 2743 2289 carnaliter
2789 2235 3069 2291 debemus
3100 2237 3379 2309 accipere,
3404 2234 3835 2291 velutvicissim

2128 2334 2235 2373 nos
2268 2324 2497 2377 servent
2526 2323 2697 2378 Pater
2723 2326 2779 2378 et
2800 2323 3003 2393 Filius,
3034 2325 3337 2381 amborum
3364 2324 3421 2380 in
3454 2325 3622 2380 nobis
3642 2329 3835 2379 custo-

2130 2408 2359 2465 diendis
2403 2411 2729 2468 alternante
2793 2414 3080 2484 custodia,
3141 2415 3308 2486 quasi
3358 2416 3628 2471 succedat
3678 2414 3829 2469 alius

2130 2501 2362 2569 quando
2386 2501 2721 2557 discesserit
2751 2502 2938 2561 alius:
2973 2504 3146 2559 simul
3180 2505 3333 2560 enim
3361 2522 3467 2561 nos
3496 2503 3831 2561 custodiunt

2132 2587 2297 2643 Pater
2320 2594 2377 2644 et
2398 2589 2576 2645 Filius
2606 2595 2663 2647 et
2682 2592 2935 2662 Spiritus
2957 2599 3216 2661 sanctus,
3242 2594 3341 2665 qui
3367 2599 3452 2649 est
3474 2610 3627 2649 unus
3661 2609 3831 2649 verus

2128 2682 2186 2734 et
2225 2678 2426 2735 beatus
2478 2681 2645 2736 Deus.
2699 2681 2805 2737 Sed
2855 2682 3155 2755 Scriptura
3203 2700 3307 2738 nos
3353 2700 3467 2738 non
3511 2682 3682 2749 levat,
3717 2681 3827 2736 nisi

2130 2767 2436 2824 descendat
2457 2770 2528 2825 ad
2563 2786 2705 2827 nos:
2740 2770 2889 2826 sicut
2908 2770 3162 2830 Verbum
3193 2789 3326 2830 caro
3355 2773 3568 2827 factum
3598 2772 3831 2827 descen-

2130 2855 2215 2911 dit
2247 2864 2304 2912 ut
2352 2857 2582 2927 levaret,
2616 2877 2729 2917 non
2776 2861 2992 2918 cedidit
3023 2870 3082 2917 ut
3106 2863 3344 2934 jaceret.
3377 2862 3436 2919 Si
3469 2862 3827 2918 descenden-

2127 2948 2243 3000 tem
2278 2948 2674 3017 cognovimus,
2706 2965 2839 3005 cum
2885 2950 3109 3007 levante
3140 2967 3494 3024 surgamus;
3523 2955 3580 3006 et
3608 2949 3824 3005 intelli-

2126 3050 2358 3106 gamus,
2401 3052 2532 3091 cum
2556 3036 2634 3092 iia
2662 3037 2940 3110 loquitur,
2977 3056 3255 3110 personas
3281 3057 3414 3097 eum
3445 3041 3824 3112 distinguere,

2128 3139 2243 3178 non
2291 3140 2563 3196 separare
2611 3131 2870 3183 naturas.
2920 3129 3163 3194 Quando
3193 3147 3323 3201 ergo
3356 3129 3619 3187 servehat
3648 3130 3822 3185 disci-

2126 3215 2297 3287 pulos
2331 3232 2469 3271 suos
2499 3216 2681 3273 Filius
2715 3220 3019 3288 praesentia
3050 3218 3353 3290 corporali,
3389 3236 3501 3274 non
3535 3224 3827 3290 exspecta.

2127 3306 2227 3361 bat
2259 3307 2429 3362 Pater
2449 3307 2518 3361 ad
2553 3307 2997 3363 custodiendum
3024 3308 3331 3364 succedere
3360 3307 3503 3364 Filio
3526 3309 3825 3365 disceden-

2125 3394 2203 3463 ti;
2238 3394 2339 3450 sed
2387 3412 2485 3452 eos
2516 3397 2689 3453 ambo
2742 3398 3049 3453 servabant
3104 3397 3359 3470 potentia
3410 3397 3697 3468 apirituali
3733 3403 3825 3453 :et

2124 3486 2353 3557 quando
2375 3487 2445 3540 ab
2478 3486 2562 3543 eis
2580 3486 2821 3543 abstulit
2849 3487 3026 3543 Filius
3048 3483 3410 3559 praesentiam
3438 3486 3821 3559 corporalem,

2124 3574 2310 3629 tenuit
2363 3591 2493 3630 cum
2546 3575 2712 3631 Patre
2768 3576 3083 3631 custodiam
3136 3576 3520 3648 spiritualem.
3574 3576 3720 3640 Quia
3768 3580 3823 3629 et

2122 3664 2531 3720 custodiendos
2579 3665 2808 3734 quando
2858 3665 3032 3722 Filius
3098 3660 3299 3721 homo
3336 3666 3578 3737 accepit,
3625 3667 3820 3720 custo-

2122 3752 2230 3807 diae
2277 3757 2555 3823 partarum
2588 3770 2702 3809 non
2757 3770 2856 3810 eos
2905 3754 3184 3812 abstulit:
3217 3761 3274 3810 et
3306 3773 3435 3811 cum
3474 3759 3640 3811 Pater
3678 3753 3820 3809 Filio

2121 3842 2533 3900 custodiendos
2573 3843 2750 3907 dedit,
2786 3861 2901 3900 non
2952 3845 3111 3900 dedit
3158 3844 3283 3901 sine
3332 3846 3459 3917 ipso
3503 3845 3593 3899 cui
3625 3843 3818 3910 dedit;

2122 3934 2218 3989 sed
2254 3933 2409 3988 dedit
2434 3934 2654 3991 homini
2685 3934 2849 3999 Filio,
2885 3952 2997 3991 non
3031 3935 3159 3992 sine
3188 3934 3304 3991 Deo
3335 3935 3537 3991 eodem
3562 3935 3686 4007 ipso
3711 3932 3818 3988 uti-

2120 4038 2230 4094 que
2269 4022 2436 4079 Filio.

2188 4112 2242 4166 7.
2274 4111 2545 4182 Sequitur
2574 4129 2708 4185 ergo
2738 4113 2942 4183 Filius,
2966 4119 3022 4169 et
3053 4113 3189 4170 dicit
3226 4132 3237 4169 :
3279 4118 3423 4183 Quos
3444 4112 3639 4168 dedisti
3660 4113 3816 4176 mihi,

2118 4202 2382 4257 custodivi
2412 4219 2431 4257 :
2458 4210 2512 4258 et
2540 4218 2698 4259 nemo
2726 4220 2799 4260 ex
2825 4203 2909 4259 his
2948 4206 3133 4275 periit,
3160 4206 3270 4257 nisi
3288 4204 3435 4273 ﬁlius
3475 4200 3813 4273 perditionis,

2121 4297 2183 4346 ut
2204 4291 2488 4363 Scriptura
2535 4293 2852 4363 impleatur.
2894 4292 3073 4348 Filius
3117 4291 3462 4363 perditionis
3506 4290 3698 4345 dictus
3728 4292 3818 4342 est

2118 4380 2362 4436 traditor
2388 4380 2627 4441 Christi,
2664 4379 2973 4452 perditioni
3007 4380 3462 4448 prmdestinatus,
3495 4377 3813 4433 secundum

2116 4468 2468 4539 Scripturam
2528 4484 2652 4540 qua
2689 4470 2760 4524 de
2790 4468 2891 4525 illo
2935 4469 2993 4523 in
3028 4469 3252 4539 psalmo
3279 4467 3593 4523 centesimo
3616 4470 3814 4521 octavo

2120 4560 2369 4614 maxime
2402 4558 2743 4629 prophetatu
2753 4576 2797 4613 r.

2186 4648 2240 4702 8.
2274 4648 2428 4702 Nune
2472 4654 2674 4717 autem,
2699 4648 2910 4719 inquit,
2945 4647 3020 4703 ad
3058 4658 3107 4703 te
3156 4647 3310 4704 venio
3338 4664 3359 4710 ;
3389 4655 3443 4702 et
3481 4645 3599 4703 hare
3627 4646 3815 4717 loquor

2116 4745 2175 4797 in
2199 4743 2427 4807 mundo,
2462 4745 2519 4796 ut
2551 4741 2785 4797 habeant
2811 4742 3084 4813 gaudium
3121 4760 3300 4799 meum
3330 4744 3619 4814 impletum
3640 4744 3696 4796 in
3740 4757 3814 4796 se-

2114 4833 2375 4904 metipsis.
2409 4832 2551 4887 Ecce
2583 4832 2640 4887 in
2676 4833 2895 4890 mundo
2926 4850 2989 4889 se
3011 4833 3169 4906 loqui
3193 4834 3353 4903 dicit,
3374 4834 3464 4904 qui
3492 4832 3660 4903 paulo
3684 4836 3815 4886 ante

2114 4924 2358 4990 dixerat,
2390 4926 2518 4979 lam
2561 4939 2670 4979 non
2715 4939 2840 4979 sum
2870 4927 2926 4978 in
2971 4924 3173 4980 mundo
3206 4942 3222 4977 :
3254 4926 3404 4994 quoi
3438 4939 3543 4978 cur
3583 4920 3811 4985 dixerit,

2114 5013 2193 5069 ibi
2216 5014 2618 5085 esposuimus,
2648 5014 2765 5070 imo
2796 5015 2988 5087 ipsum
3021 5016 3077 5071 id
3105 5016 3441 5087 exposuisse
3481 5011 3808 5067 docuimus.

2112 5105 2259 5175 Ergo
2290 5108 2345 5159 et
2367 5103 2504 5174 quia
2528 5104 2785 5159 nondum
2818 5105 3054 5169 abierat,
3082 5104 3175 5158 hic
3208 5103 3402 5158 adhuc
3421 5107 3542 5156 erat
3563 5122 3576 5169 ;
3599 5105 3654 5153 et
3676 5102 3811 5168 quia

2111 5208 2244 5248 mox
2276 5193 2461 5247 fuerat
2489 5191 2770 5259 abiturus,
2797 5192 2890 5249 hic
2920 5192 3487 5261 quodammodojam
3517 5206 3629 5244 non
3663 5193 3806 5244 erat.

2109 5283 2269 5348 Quod
2306 5283 2379 5337 sit
2401 5289 2594 5337 autem
2626 5281 2735 5336 hoc
2766 5282 3044 5352 gaudium
3078 5282 3148 5336 de
3180 5298 3294 5354 quo
3336 5282 3433 5343 ait,
3466 5286 3528 5333 ut
3569 5278 3809 5334 habeant

2108 5371 2371 5441 gaudium
2404 5387 2581 5425 meum
2610 5372 2898 5440 impletum
2934 5372 2993 5424 in
3028 5373 3358 5439 semetipsis,
3389 5370 3503 5437 jam
3538 5369 3812 5440 superius

2108 5477 2448 5533 expressum
2480 5464 2588 5525 est,
2615 5458 2712 5514 ubi
2747 5458 2845 5520 ait,
2877 5459 2943 5515 Ut
2964 5462 3075 5515 sint
3100 5477 3268 5515 unum
3288 5459 3432 5515 sicut
3457 5468 3513 5515 et
3542 5475 3660 5515 nos.
3690 5457 3811 5515 Hoc

2106 5549 2379 5623 gaudium
2440 5565 2637 5619 suum,
2670 5548 2725 5604 id
2769 5552 2879 5615 est,
2910 5566 2940 5604 a
2991 5565 3053 5605 se
3082 5548 3140 5604 in
3171 5565 3271 5605 eos
3298 5547 3601 5617 collatum,
3632 5548 3687 5604 in
3721 5548 3809 5603 eis
