4182 6198
358 234 510 294 1918

354 369 498 426 dicit
523 369 881 442 implendum
909 389 923 439 ;
958 371 1192 440 propter
1221 367 1378 441 quod
1410 367 1669 424 locutum
1703 383 1765 424 se
1810 366 1956 422 dixit
1995 365 2054 423 in

356 463 592 516 mundo.
624 461 749 516 Haac
789 462 879 515 est
911 476 1020 531 pax
1067 459 1166 516 illa
1195 463 1253 514 et
1281 459 1576 515 beatitudo
1625 459 1681 514 in
1715 459 1912 514 futuro
1944 475 2059 514 saa—

353 549 507 615 culo,
557 553 793 620 propter
840 565 1012 620 quam
1060 549 1528 619 consequendam
1585 553 1972 618 temperanter
2003 550 2058 603 et

347 639 505 708 juste
537 643 593 695 et
623 640 713 711 pie
742 640 1048 695 vivendum
1079 643 1170 694 est
1202 639 1260 694 in
1292 639 1400 696 hoc
1430 639 1660 695 saeculo.

873 745 1292 804 TRACTATUS
1333 746 1526 804 CVIII.

357 861 438 911 De
467 871 526 911 eo
556 855 697 926 quod
728 853 810 909 ait
846 857 1019 919 Iesus,
1051 855 1168 926 Ego
1199 855 1328 910 dedi
1370 856 1455 910 eis
1488 870 1816 910 sermonem
1846 857 2011 908 tuum
2037 866 2052 919 ;

422 960 587 1016 usque
624 944 697 999 ad
729 944 804 1008 id,
840 943 908 999 Ut
951 943 1067 999 sint
1097 948 1154 999 et
1183 944 1291 1015 ipsi
1323 944 1667 1000 sanctiﬁcati
1708 943 1766 998 in
1799 942 2054 998 veritate.

416 1034 573 1106 (Cap.
605 1050 737 1102 xvu,
773 1035 826 1103 ᾗ.
865 1034 1083 1106 14-19).

426 1163 475 1217 1.
511 1161 782 1232 Loquens
836 1162 1027 1216 adhuc
1075 1162 1355 1218 Dominus
1406 1164 1474 1217 ad
1509 1164 1760 1226 Patrem,
1793 1168 1850 1220 et
1881 1181 2056 1219 orans

353 1267 458 1322 pro
483 1251 792 1323 discipulis
816 1252 961 1319 suis,
978 1252 1145 1306 dicit:
1173 1254 1276 1321 Ego
1297 1252 1424 1307 dedi
1444 1255 1523 1307 eis
1543 1269 1844 1309 sermonem
1877 1261 2057 1322 tuum,

349 1344 400 1397 et
435 1339 671 1394 mundus
701 1356 790 1395 eos
812 1342 936 1395 odio
967 1341 1178 1395 habuit.
1204 1341 1472 1396 Nondum
1496 1340 1549 1395 id
1583 1341 1799 1412 experti
1832 1343 2059 1397 Inerant

355 1429 724 1502 passionibus
772 1429 914 1497 suis,
948 1446 1073 1499 qua
1123 1429 1221 1484 illo
1255 1438 1452 1500 postea
1503 1435 1640 1486 sunt
1673 1436 1922 1499 secutae;
1957 1434 2055 1488 sed

357 1532 515 1574 more
548 1534 653 1572 suo
687 1517 827 1573 dicit
857 1518 990 1584 ista,
1024 1517 1214 1574 verbis
1247 1519 1519 1590 praeteriti
1561 1521 1839 1591 temporis
1865 1524 2058 1579 futura

354 1607 775 1678 prmnuntians.
810 1607 1028 1663 Deinde
1059 1624 1291 1664 causam
1329 1609 1647 1680 subjiciens
1677 1628 1781 1666 cur
1801 1628 1900 1668 eos
1922 1614 2058 1667 ode-

353 1696 426 1750 rit
458 1696 718 1752 mundus
754 1711 768 1751 :
803 1697 945 1764 Quia
991 1713 1101 1752 non
1131 1708 1276 1764 sunt,
1313 1700 1522 1771 inquit,
1552 1701 1617 1756 de
1663 1701 1884 1769 mundo,
1916 1707 2057 1758 sicut

351 1794 402 1841 et
430 1802 525 1858 ego
555 1802 665 1842 non
690 1803 807 1841 sum
840 1786 905 1842 de
946 1788 1168 1844 mundo.
1213 1794 1327 1846 Hoc
1356 1791 1440 1846 eis
1475 1793 1906 1862 regeneratione
1941 1793 2061 1848 col—

346 1875 530 1932 latum
553 1879 643 1931 est
675 1892 689 1932 :
724 1892 859 1932 nam
883 1879 1256 1948 generatione
1279 1881 1349 1934 de
1373 1882 1592 1937 mundo
1615 1888 1801 1951 erant,
1825 1887 2060 1955 propter

352 1966 504 2036 quod
522 1966 643 2035 jam
674 1965 757 2021 eis
789 1966 1037 2034 dixerat,
1075 1973 1181 2039 Ego
1211 1986 1299 2024 vos
1331 1969 1393 2025 de
1440 1971 1644 2028 mundo
1676 1973 1822 2043 elegi
1869 1974 2057 2046 (Joan.

357 2070 448 2123 xv,
482 2054 592 2125 19).
632 2058 921 2111 Donatum
954 2061 1042 2112 est
1072 2074 1207 2128 ergo
1248 2057 1330 2113 eis
1365 2065 1427 2114 ut
1458 2059 1607 2115 sicut
1638 2062 1784 2132 ipse,
1819 2077 1924 2117 nec
1947 2063 2059 2134 ipsi

349 2147 546 2200 essent
575 2142 644 2198 de
677 2145 914 2211 mundo,
948 2161 1047 2200 eos
1075 2146 1197 2216 ipso
1230 2148 1511 2206 liberante
1542 2152 1612 2205 de
1657 2153 1890 2208 mundo.
1926 2155 2060 2223 Ipse

359 2235 557 2287 autem
590 2231 662 2286 de
693 2233 913 2288 mundo
965 2251 1264 2306 nunquam
1303 2239 1412 2293 fuit
1442 2254 1455 2291 :
1490 2240 1626 2309 quia
1655 2242 1827 2296 etiam
1853 2258 2059 2297 secun-

358 2322 498 2376 dum
525 2321 752 2377 forman
802 2323 951 2378 servi
983 2325 1053 2380 de
1093 2326 1315 2396 Spiritu
1352 2334 1553 2385 sancto
1582 2330 1708 2401 ipse
1740 2336 1913 2387 natus
1952 2341 2058 2401 est,

358 2411 429 2466 de
451 2426 565 2481 quo
606 2409 689 2464 illi
724 2413 930 2468 renati.
966 2413 1109 2470 Nam
1141 2416 1191 2471 si
1243 2421 1548 2489 propterea
1579 2419 1661 2474 illi
1683 2421 1807 2490 jam
1843 2437 1958 2477 non
1991 2423 2062 2477 de

359 2500 599 2566 mundo,
621 2501 759 2570 quia
791 2503 972 2558 renati
992 2509 1133 2559 sunt
1154 2505 1223 2560 de
1251 2506 1465 2575 Spiritu
1493 2514 1696 2565 sancto
1721 2525 1733 2564 :
1761 2515 2063 2581 propterea

357 2588 452 2644 ille
496 2603 794 2665 nunquam
847 2591 917 2646 de
967 2594 1211 2662 mundo,
1235 2598 1371 2666 quia
1404 2602 1577 2654 natus
1622 2604 1710 2653 est
1741 2600 1812 2654 de
1844 2600 2059 2669 Spiritu

360 2682 588 2734 sancto.

517 2771 636 2824 Non
675 2782 822 2838 rogo,
855 2769 1063 2842 inquit,
1096 2778 1156 2828 ut
1200 2773 1366 2830 tollas
1396 2793 1485 2832 eos
1524 2778 1588 2833 de
1631 2779 1855 2840 mundo.
1888 2781 1978 2836 sed
2004 2789 2066 2836 ut

362 2873 535 2913 serves
565 2873 655 2913 eos
683 2873 756 2914 ea:
792 2859 965 2916 malo.
1003 2862 1204 2918 Adhuc
1254 2865 1409 2920 enim
1454 2868 1845 2925 necessarium
1889 2871 2065 2926 habe-

365 2947 531 3006 bant,
564 2948 833 3017 quamvis
853 2949 980 3021 jam
1007 2966 1119 3007 non
1143 2959 1341 3009 essent
1368 2955 1439 3010 de
1472 2959 1849 3024 mundo,esse
1876 2964 2068 3016 tamen

364 3036 422 3090 in
457 3037 698 3092 mundo.
752 3038 977 3110 Repetit
1006 3043 1270 3098 eamdem
1303 3046 1652 3102 sententiam
1691 3065 1705 3103 :
1739 3054 1816 3104 De
1843 3050 2068 3118 mundo,

363 3125 571 3194 inquit,
605 3143 713 3182 non
742 3132 887 3196 sunt,
913 3133 1050 3186 sicut
1066 3136 1120 3186 et
1149 3149 1242 3204 ego
1270 3150 1377 3190 non
1398 3152 1519 3191 sum
1563 3136 1627 3192 de
1678 3139 1905 3195 mundo.
1931 3139 2072 3194 San-

367 3217 553 3283 cti/ica
582 3232 675 3271 eos
708 3217 767 3273 in
813 3221 1058 3278 veritate.
1104 3223 1198 3278 Sic
1229 3225 1384 3280 enim
1427 3233 1732 3283 servantur
1778 3245 1846 3285 ex
1894 3230 2071 3296 malo,

371 3307 525 3375 quod
585 3309 856 3379 superius
895 3313 1078 3367 oravit
1124 3319 1188 3369 ut
1219 3315 1397 3371 ﬁeret.
1433 3318 1621 3384 Quari
1654 3324 1847 3375 autem
1885 3325 2075 3392 potest

372 3397 665 3467 quomodo
689 3398 761 3454 de
784 3402 1003 3458 mundo
1028 3403 1148 3471 jam
1185 3421 1298 3460 non
1331 3411 1519 3476 erant,
1551 3408 1601 3462 si
1633 3410 1979 3465 sanctiﬁcati
2015 3410 2073 3466 in

375 3485 614 3541 veritate
645 3490 907 3546 nondum
939 3501 1137 3560 erant;
1172 3502 1269 3550 ant
1301 3497 1348 3551 si
1374 3497 1499 3566 jam
1532 3503 1718 3566 erant,
1753 3516 1857 3555 cur
1879 3508 2076 3571 poscat

372 3581 439 3631 ut
486 3577 622 3633 sint.
655 3579 740 3633 An
787 3581 926 3652 quia
974 3591 1027 3637 et
1058 3585 1401 3640 sanctiﬁcati
1433 3587 1490 3642 in
1527 3589 1729 3644 eadem
1764 3592 2075 3661 proﬁciunt

371 3668 710 3736 sanctitate,
743 3670 1008 3741 ﬁuntque
1031 3676 1352 3732 sanctiores
1377 3694 1391 3742 ;
1424 3694 1614 3750 neque
1637 3679 1744 3736 hoc
1766 3681 1891 3736 sine
1913 3682 2074 3752 adju-

374 3756 522 3809 torio
552 3756 751 3825 gratia:
785 3758 903 3826 Dei,
935 3761 1038 3816 sed
1081 3762 1180 3819 illo
1211 3780 1408 3820 eorum
1441 3768 1837 3825 sanctiﬁcante
1870 3787 2072 3842 prove-

373 3845 553 3931 ctum,
576 3846 672 3914 qui
692 3847 1079 3904 sanctiﬁcavit
1107 3851 1422 3924 inemptum
1447 3858 1473 3910 ?
1505 3856 1666 3914 Unde
1685 3863 1742 3914 et
1762 3860 2075 3931 Apostolus

375 3929 555 4024 dicit:
593 3933 699 4024 Qui
738 3936 792 4024 in
824 3937 970 3990 vobis
1014 3953 1145 4009 opus
1177 3942 1375 3996 bonum
1404 3948 1586 4014 erepit,
1632 3929 1875 4018 perﬁciet
1906 3968 2077 4024 usque

371 4020 431 4073 in
461 4018 604 4074 diem
628 4020 835 4078 Christi
852 4027 981 4080 Jesu
1008 4029 1270 4100 (Philipp.
1305 4049 1343 4096 ι,
1370 4033 1447 4100 6).
1481 4038 1930 4094 Sanctiﬁcantur
1963 4018 2075 4095 ita-

374 4125 489 4180 que
521 4111 578 4166 in
611 4113 850 4170 veritate
876 4115 1128 4176 heredes
1157 4121 1514 4180 Testamenti
1538 4126 1699 4195 Novi,
1724 4129 1892 4199 cujus
1931 4132 2074 4188 veri-

372 4200 510 4256 tatis
542 4202 755 4258 umbras
799 4204 1030 4263 fuerant
1074 4211 1567 4270 sanctiﬁcationes
1628 4215 1852 4274 Veteris
1888 4221 2077 4277 Testa-

376 4295 552 4348 menti
591 4311 605 4350 :
640 4299 698 4350 et
727 4313 857 4352 eum
899 4300 1412 4359 sanctiﬁcanturin
1436 4308 1694 4377 veritate,
1720 4309 1920 4380 utique
1942 4329 2076 4367 san-

372 4381 707 4439 ctiﬁcantur
745 4386 803 4441 in
851 4387 1102 4457 Christo,
1137 4394 1236 4463 qui
1283 4395 1565 4451 veraciter
1612 4395 1777 4465 dixit,
1803 4399 1907 4460 Ego
1953 4417 2077 4455 sum

372 4471 486 4539 vin,
517 4482 568 4527 et
596 4476 822 4544 veritas,
853 4478 1039 4534 etvita
1065 4482 1248 4553 (Joan.
1280 4500 1393 4551 xw,
1427 4487 1503 4555 6).
1538 4487 1674 4541 Item
1708 4489 1942 4558 quando
1970 4490 2072 4557 ait,

378 4560 580 4616 Veritas
624 4564 888 4622 liberavit
917 4583 1026 4631 vos,
1061 4570 1230 4639 paulo
1263 4578 1394 4643 post
1421 4590 1718 4645 exponens
1753 4576 1891 4648 quid
1919 4577 2071 4636 dixe-

369 4650 466 4716 rit,
497 4651 558 4705 Si
607 4669 717 4720 vos,
771 4655 990 4726 inquit,
1021 4659 1206 4716 Filius
1238 4663 1572 4731 liberaverit,
1607 4673 1740 4722 tunc
1763 4683 1882 4724 vere
1908 4669 2073 4724 liberi

366 4741 522 4830 eritis
578 4742 681 4810 (Id.
717 4760 838 4812 vm,
869 4746 958 4812 32,
991 4749 1122 4818 36);
1157 4757 1215 4803 ut
1273 4753 1605 4811 ostenderet
1658 4756 1764 4811 hoc
1820 4775 1881 4813 se
1913 4759 2072 4830 prius

367 4828 585 4921 dixisse
602 4831 1090 4907 veritatem,quod
1116 4845 1482 4907 postmodum
1511 4845 1740 4901 Filium.
1766 4828 2072 4921 Quid—ergo

368 4920 525 4976 aliud
556 4926 612 4978 et
641 4922 749 4980 hoe
780 4923 906 4982 loco
937 4928 1102 4994 dixit,
1136 4929 1431 5002 Sancti/ica
1461 4951 1548 4992 eos
1579 4937 1636 4990 in
1660 4940 1914 5000 veritate,
1941 4920 2072 5001 nisi,

363 5012 668 5069 sanctiﬁca
694 5029 794 5070 eos
849 5015 908 5071 in
946 5017 1084 5072 me?

437 5107 490 5161 3.
525 5107 781 5181 Denique
812 5108 1100 5180 sequitur,
1134 5114 1186 5164 et
1211 5109 1320 5166 hoc
1352 5113 1609 5184 apertius
1632 5114 1934 5173 insinuare
1955 5135 2069 5175 non

368 5197 583 5254 desinit
612 5213 628 5253 :
657 5199 867 5265 Sermo,
903 5199 1117 5271 inquit,
1157 5209 1288 5256 tuus
1318 5206 1519 5259 veritas
1582 5209 1678 5261 est.
1714 5207 1863 5271 Quid
1911 5208 2070 5265 aliud

367 5287 528 5352 dixit,
565 5305 766 5360 quam,
800 5291 904 5360 Ego
931 5293 1129 5347 veritas
1152 5309 1275 5348 sum
1297 5296 1324 5346 ?
1355 5295 1608 5350 Graecum
1646 5297 1865 5369 quippe
1886 5299 2070 5355 Evan-

369 5375 586 5445 gelium
613 5374 781 5453 λόγος
805 5380 1161 5452 habet,quod
1186 5382 1361 5438 etiam
1386 5382 1461 5438 ibi
1485 5384 1822 5456 legitur,ubi
1847 5389 2070 5445 dictum

366 5464 544 5524 est.In
569 5469 839 5538 principio
862 5476 982 5525 erat
1002 5470 1318 5542 Verbum,et
1338 5473 1564 5530 Verbum
1585 5481 1704 5531 erat
1716 5479 1865 5550 apud
1877 5480 2068 5549 Deum,

366 5560 418 5610 et
441 5553 575 5610 Deus
599 5559 713 5612 erat
744 5559 992 5616 Verbum.
1040 5562 1106 5618 Et
1148 5563 1352 5635 utique
1388 5564 1639 5624 Verbum
1674 5567 1868 5642 ipsum
1910 5570 2069 5628 novi-

1299 233 1375 290 IN
1419 231 1746 292 JOANNIS
1792 229 2335 306 EVANGELIUM,
2380 239 2445 297 S.
2492 239 2924 303 AUGUSTINI

3721 241 3872 304 i9i6

2169 385 2300 427 mus
2331 372 2700 445 unigenitum
2753 374 2852 431 Dei
2903 375 3136 446 Filium,
3171 378 3326 448 quod
3357 392 3483 434 caro
3537 381 3752 450 factum
3777 384 3875 445 est,

2167 465 2218 514 et
2245 460 2511 518 habitavit
2541 465 2600 518 in
2649 464 2809 520 nobis
2841 464 2942 537 (Id,
2968 467 3084 533 ι,1,
3123 466 3230 537 14).
3283 465 3444 524 Unde
3493 473 3549 524 et
3598 468 3693 525 hic
3742 470 3879 541 poni

2167 551 2378 620 potuit,
2413 558 2468 607 et
2498 553 2555 609 in
2589 553 2942 626 quibusdam
2976 554 3276 612 codicibus
3307 557 3562 628 positum
3599 564 3709 626 eat,
3747 561 3882 614 Ver-

2171 645 2300 698 bum
2331 650 2484 698 tuum
2515 645 2721 700 veritas
2745 653 2867 712 est;
2901 645 3057 702 sicut
3087 645 3145 700 in
3179 646 3538 716 quibusdam
3582 648 3885 704 codicibus

2169 733 2344 788 etiam
2394 732 2471 788 ibi
2514 734 2795 803 scriptum
2847 739 2937 791 est
2980 736 3041 790 In
3087 736 3365 806 principio
3415 741 3539 792 erat
3579 753 3773 794 sermo.
3815 739 3878 794 In

2164 837 2350 893 graeco
2378 827 2575 878 autem
2609 823 2730 879 sine
2766 822 2884 878 ulla
2931 823 3234 892 varietate,
3264 831 3322 881 et
3368 825 3448 881 ibi
3481 833 3535 882 et
3580 825 3675 882 hic
3707 822 3877 900 λόγος

2164 915 2271 966 est.
2320 911 2656 967 Sanctiticat
2699 912 2897 984 itaque
2947 913 3116 968 Pater
3165 914 3223 968 in
3265 914 3528 982 veritate,
3580 914 3635 971 id
3680 925 3780 982 est,
3815 917 3876 971 in

2163 999 2345 1055 Verbo
2376 1017 2504 1067 suo,
2539 1000 2595 1055 in
2643 1000 2950 1072 Unigenito
2981 1019 3110 1067 suo,
3160 1019 3298 1059 suos
3336 1003 3596 1061 heredes
3626 1006 3872 1076 ejusque

2167 1089 2517 1144 coheredes.

2239 1180 2290 1236 4.
2341 1181 2452 1236 Sed
2505 1197 2660 1237 nunc
2711 1181 2903 1237 adhuc
2948 1183 3019 1238 de
3071 1183 3356 1254 Apostolis
3405 1183 3702 1257 loquitur;
3736 1203 3874 1241 nam

2165 1275 2395 1326 secutus
2423 1270 2712 1341 adjungit,
2747 1273 2898 1328 Sicut
2928 1287 3014 1328 me
3050 1273 3255 1328 misisti
3285 1274 3344 1328 in
3375 1275 3661 1342 mundum,
3695 1283 3747 1330 et
3777 1291 3874 1344 ego

2165 1360 2294 1412 mist
2323 1373 2409 1412 eos
2439 1361 2498 1413 in
2530 1358 2816 1416 mundum.
2841 1361 2995 1424 Quos
3022 1360 3202 1431 misit,
3229 1361 3340 1416 nisi
3362 1362 3661 1432 Apostolos
3685 1381 3820 1419 suos
3838 1366 3868 1417 ?

2166 1447 2311 1503 Nam
2345 1453 2403 1502 et
2449 1447 2646 1520 ipsum
2697 1465 2910 1504 nomen
2961 1451 3388 1522 Apostolorum,
3423 1452 3705 1524 quoniam
3740 1470 3883 1526 grae-

2167 1554 2298 1592 cum
2331 1541 2441 1605 est,
2479 1537 2623 1592 nihil
2656 1538 2768 1594 nisi
2804 1539 3014 1595 missos
3059 1540 3348 1611 signiﬁcat
3396 1540 3454 1596 in
3489 1540 3694 1598 latino.
3731 1544 3886 1598 Misit

2167 1643 2300 1698 ergo
2335 1628 2488 1683 Deus
2518 1628 2705 1682 ﬁlium
2739 1644 2914 1683 suum
2960 1645 3077 1684 non
3111 1629 3168 1685 in
3203 1646 3376 1686 carne
3411 1631 3659 1703 peccati,
3692 1633 3787 1688 sed
3822 1633 3881 1686 in

2167 1717 2556 1774 similitudine
2604 1718 2798 1773 carnis
2852 1721 3069 1790 peccati
3112 1721 3290 1791 (Rom.
3324 1738 3443 1789 vm,
3479 1722 3533 1794 3)
3565 1738 3576 1787 ;
3613 1727 3666 1777 et
3717 1724 3885 1778 misit

2168 1808 2350 1863 Filius
2400 1808 2530 1878 ejus
2570 1825 2666 1864 eos
2697 1823 2838 1879 quos
2874 1817 3036 1865 natos
3069 1810 3128 1865 in
3155 1825 3330 1867 carne
3361 1813 3584 1883 peccati
3616 1813 3877 1868 sanctiﬁ-

2168 1897 2320 1954 cavit
2343 1914 2376 1952 a
2407 1897 2532 1953 labe
2564 1901 2812 1969 peccati.

2205 1973 2208 1976 ’
2238 1989 2292 2043 5.
2319 1988 2433 2044 Sed
2456 1989 2730 2060 quoniam
2752 2005 2854 2060 per
2875 1989 2986 2045 hoc
3004 1991 3155 2061 quod
3183 1990 3462 2047 mediator
3483 1991 3586 2046 Dei
3609 1995 3667 2046 et
3687 1991 3880 2046 homi-

2171 2093 2310 2133 num
2342 2076 2518 2133 homo
2550 2077 2816 2132 Christus
2845 2078 3014 2134 Jesus
3045 2079 3234 2135 lactus
3267 2084 3356 2135 est
3384 2085 3561 2151 caput
3593 2080 3880 2146 Ecclesiae,

2172 2166 2255 2221 illi
2275 2167 2848 2236 membrasuntejus;
2867 2167 2992 2225 ideo
3015 2169 3094 2223 ait
3116 2169 3272 2241 quod
3297 2170 3584 2240 sequitur,
3601 2172 3662 2226 Et
3682 2187 3779 2242 pro
3802 2173 3885 2225 eis

2170 2272 2264 2328 ego
2283 2257 2565 2327 sancti/ica
2589 2258 2875 2327 meipsum.
2893 2257 3038 2325 Quid
3053 2263 3138 2315 est
3158 2259 3313 2314 enim
3329 2261 3409 2326 ,Et
3429 2276 3530 2330 pro
3548 2259 3628 2315 eis
3640 2276 3734 2332 ego
3749 2277 3881 2316 san-

2169 2346 2347 2417 cti/ica
2369 2347 2658 2415 meipsum,
2693 2346 2824 2412 nisi,
2850 2363 2949 2402 eos
2973 2350 3029 2402 in
3061 2347 3282 2418 meipso
3314 2348 3637 2413 sanctiﬁco,
3667 2365 3799 2404 cum
3828 2355 3887 2403 et

2173 2435 2280 2507 ipsi
2315 2436 2429 2490 sint
2483 2435 2636 2507 ego?
2669 2437 2954 2501 Quoniam
3006 2438 3078 2492 de
3109 2439 3324 2511 quibus
3355 2439 3462 2495 hoc
3509 2441 3611 2506 ait,
3646 2446 3707 2495 ut
3739 2441 3884 2506 dixi,

2175 2527 2440 2582 membra
2472 2534 2606 2581 sunt
2638 2532 2784 2594 ejus,
2814 2533 2870 2583 et
2918 2545 3070 2584 unus
3101 2533 3187 2584 est
3235 2529 3506 2585 Christus
3556 2535 3727 2600 caput
3757 2547 3892 2586 cor-

2175 2611 2318 2687 pus:
2347 2615 2588 2670 docente
2615 2618 2890 2688 Apostolo
2910 2622 3082 2688 atque
3107 2617 3332 2674 dicente
3354 2620 3426 2674 de
3449 2621 3674 2676 semine
3694 2620 3884 2675 Abra-

2175 2697 2282 2772 hae,
2316 2704 2376 2759 Si
2391 2713 2573 2759 autem
2588 2721 2680 2760 vos
2708 2706 2928 2773 Christi,
2950 2721 3265 2777 ergosemen
3283 2707 3524 2763 Abrahae
3555 2711 3716 2775 estis;
3749 2725 3885 2765 cum

2175 2795 2416 2849 dixisset
2446 2795 2734 2864 superius,
2768 2795 2879 2850 Non
2912 2795 3072 2861 dicit,
3103 2799 3165 2851 Et
3194 2798 3494 2852 seminibus
3529 2805 3794 2871 tanquam
3824 2804 3886 2854 in

2177 2884 2365 2939 multis
2382 2899 2404 2945 ;
2433 2883 2528 2939 sed
2557 2891 2822 2956 tanquam
2853 2887 2908 2938 in
2951 2902 3082 2953 uno,
3117 2891 3181 2943 Bt
3223 2887 3422 2942 semini
3473 2893 3586 2955 tuo,
3638 2889 3780 2961 quod
3809 2894 3889 2945 est

2179 2974 2425 3031 Christus
2458 2973 2659 3042 (Galat.
2696 2991 2781 3043 ιιι,
2823 2975 2914 3042 29,
2950 2977 3058 3046 t6).
3091 2975 3146 3030 Si
3194 2992 3326 3047 ergo
3375 2993 3574 3033 semen
3621 2979 3892 3046 Abrahze,

2181 3065 2287 3120 hoc
2316 3069 2400 3120 est
2427 3064 2716 3131 Christus,
2735 3066 2871 3136 quid
2895 3066 3054 3121 aliud
3079 3067 3301 3137 dictum
3326 3069 3640 3138 estquibus
3663 3069 3892 3126 dictum

2179 3160 2284 3223 est,
2311 3157 2447 3227 Ergo
2461 3171 2643 3211 semen
2677 3156 2910 3213 Abrahae
2931 3159 3080 3228 estis,
3104 3157 3237 3228 nisi,
3262 3174 3397 3232 ergo
3414 3159 3682 3216 Christus
3702 3162 3849 3218 estis
3865 3163 3892 3216 Τ

2180 3244 2320 3302 Inde
2349 3250 2435 3301 est
2465 3246 2618 3316 quod
2651 3245 2764 3301 alio
2793 3244 2918 3302 loco
2952 3246 3105 3302 idem
3133 3247 3254 3318 ipse
3275 3248 3576 3320 apostolus
3600 3249 3716 3306 ait:
3741 3251 3901 3306 Nunc

2179 3333 2392 3403 gaudeo
2422 3336 2477 3388 in
2508 3335 2862 3405 passionibus
2905 3350 3009 3407 pro
3057 3335 3225 3404 vobis,
3255 3342 3310 3392 et
3355 3338 3631 3410 adimpleo
3654 3356 3721 3394 ea
3773 3357 3900 3410 qua

2181 3424 2370 3479 desunt
2385 3441 2774 3495 pressurarum
2806 3427 3039 3493 Christi,
3060 3427 3117 3481 in
3133 3442 3301 3482 carne
3316 3444 3435 3484 mea
3459 3429 3683 3501 (Coloss.
3709 3446 3747 3496 ι,
3778 3431 3811 3485 2
3829 3431 3897 3502 ἱ).

2182 3514 2304 3569 Non
2337 3513 2499 3580 dixit,
2535 3530 2943 3584 pressurarum
2995 3532 3281 3583 mearum,
3315 3518 3434 3587 sed,
3461 3518 3664 3573 Christi
3693 3535 3713 3575 :
3757 3523 3901 3590 quia

2184 3605 2513 3660 membrum
2544 3609 2669 3660 erat
2697 3605 2910 3660 Christi
2938 3626 2952 3674 ;
2985 3615 3038 3662 et
3073 3606 3130 3661 in
3183 3609 3686 3678 persecutionibus
3733 3611 3889 3680 suis,

2185 3694 2384 3764 quales
2415 3692 2711 3748 Christum
2741 3694 2799 3748 in
2831 3711 2936 3750 suo
2971 3702 3084 3751 toto
3113 3711 3354 3767 corpore
3389 3700 3504 3766 pati
3557 3699 3888 3768 oportebat,

2182 3784 2350 3838 etiam
2381 3783 2499 3854 ipse
2525 3800 2829 3854 pressurae
2859 3786 2984 3854 ejus
3015 3801 3118 3854 pro
3150 3802 3256 3839 sua
3307 3786 3567 3856 portione
3611 3786 3890 3857 adimple-

2185 3876 2300 3928 bat.
2336 3873 2490 3936 Quod
2527 3878 2586 3928 ut
2617 3874 2789 3929 etiam
2823 3874 2930 3928 hoc
2961 3873 3086 3930 loco
3117 3880 3340 3930 certum
3371 3875 3464 3942 sit,
3513 3877 3744 3932 attende
3791 3894 3887 3932 se-

2184 3965 2442 4033 quentia.
2479 3963 2620 4018 Cum
2655 3962 2807 4018 enim
2842 3963 3104 4033 dixisset,
3140 3965 3202 4020 Et
3231 3981 3329 4037 pro
3358 3967 3436 4021 eis
3467 3982 3562 4035 ego
3599 3968 3889 4036 sancti/ica

2183 4054 2471 4122 meipsum,
2505 4056 2570 4108 ut
2617 4053 3077 4125 intelligeremus
3122 4054 3232 4111 hoc
3280 4071 3412 4112 eum
3451 4056 3686 4126 dixisse,
3731 4057 3890 4129 quod

2183 4158 2283 4198 eos
2313 4142 2708 4198 sanctiﬁcaret
2738 4142 2794 4198 in
2818 4160 2901 4209 se,
2928 4159 3061 4200 mox
3081 4144 3327 4214 addidit,
3345 4147 3406 4203 Ut
3427 4146 3540 4201 sint
3568 4152 3618 4202 et
3640 4148 3748 4216 ipsi
3766 4162 3899 4202 san-

2185 4233 2411 4302 ctiﬁcati
2439 4235 2497 4287 in
2518 4235 2768 4289 veritate.
2801 4233 2962 4298 Quod
2988 4234 3128 4307 quid
3152 4239 3243 4291 est
3272 4235 3433 4293 aliud
3465 4254 3665 4310 quam,
3690 4237 3751 4293 in
3776 4254 3894 4307 me,

2185 4322 2505 4378 secundum
2541 4321 2597 4378 id
2629 4321 2783 4394 quod
2816 4323 3028 4380 veritas
3058 4329 3148 4381 est
3178 4325 3431 4381 Verbum
3464 4326 3610 4381 illud
3644 4325 3702 4380 in
3738 4325 3899 4396 prin-

2184 4410 2334 4483 cipio
2358 4411 2554 4466 Deus?
2583 4414 2645 4467 In
2661 4428 2775 4482 quo
2797 4418 2853 4469 et
2881 4413 3004 4485 ipse
3026 4413 3184 4470 ﬁlius
3209 4414 3465 4470 hominis
3491 4415 3895 4471 sanctiﬁcatus

2184 4509 2269 4558 est
2301 4501 2372 4556 ab
2405 4499 2568 4556 initio
2599 4502 2913 4557 creationis
2944 4519 3086 4572 suae,
3117 4507 3348 4575 quando
3385 4505 3637 4561 Verbum
3671 4504 3891 4562 factum

2182 4601 2272 4646 est
2294 4605 2460 4656 caro;
2485 4589 2620 4661 quia
2644 4607 2763 4647 una
2794 4607 3036 4662 persona
3057 4593 3210 4650 facta
3229 4598 3318 4649 est
3339 4593 3592 4650 Verbum
3614 4599 3671 4651 et
3691 4594 3895 4652 homo.

2184 4681 2349 4736 Tunc
2371 4695 2506 4750 ergo
2538 4681 2924 4736 sanctiﬁcavit
2945 4698 3008 4737 se
3030 4682 3086 4737 in
3109 4699 3189 4750 se,
3224 4683 3332 4739 hoc
3361 4688 3471 4753 est,
3495 4684 3794 4741 hominem
3835 4701 3896 4741 se

2183 4769 2255 4825 in'
2287 4769 2476 4825 Verbo
2505 4785 2604 4838 se;
2639 4769 2776 4840 quia
2821 4786 2972 4827 unus
3001 4771 3270 4829 Christus
3303 4773 3557 4830 Verbum
3606 4778 3663 4828 et
3694 4774 3892 4833 homo.

2183 4859 2558 4914 sanctiﬁcans
2611 4857 2904 4915 hominem
2955 4860 3011 4915 in
3051 4860 3258 4917 Verbo.
3309 4863 3552 4934 PrOpter
3599 4879 3708 4918 sua
3753 4878 3892 4918 vero

2183 4948 2467 5014 membra,
2500 4950 2563 5003 Et
2590 4963 2688 5020 pro
2719 4950 2820 5015 eis,
2854 4949 3064 5021 inquit,
3097 4965 3217 5020 ego,
3251 4950 3306 5005 id
3351 4955 3458 5018 est,
3513 4952 3666 5023 quod
3707 4952 3894 5023 prosit

2181 5037 2356 5092 etiam
2389 5036 2557 5108 ipsis,
2591 5036 2730 5109 quia
2761 5047 2814 5094 et
2843 5039 2955 5111 ipsi
2979 5044 3114 5096 sunt
3133 5057 3240 5112 ego
3272 5057 3286 5108 ;
3320 5040 3467 5097 sicut
3498 5041 3640 5098 mihi
3673 5041 3896 5114 profuit

2181 5126 2238 5181 in
2273 5143 2379 5187 me.
2415 5128 2553 5198 quia
2582 5127 2758 5184 homo
2790 5145 2921 5186 sum
2954 5131 3082 5186 sine
3125 5131 3271 5204 ipsis
3300 5148 3312 5186 :
3348 5134 3412 5188 Et
3465 5151 3568 5203 ego
3615 5133 3896 5203 sancti/ica

2177 5217 2468 5288 meipsum,
2485 5217 2593 5273 hoc
2607 5222 2715 5288 est,
2737 5217 2896 5290 ipsos
2926 5219 2986 5275 in
3011 5235 3105 5276 me
3127 5224 3406 5294 tanquam
3434 5224 3723 5294 meipsum
3743 5240 3890 5278 san-

2179 5305 2370 5362 ctiﬁco
2399 5322 2527 5378 ego,
2561 5307 2840 5379 quoniam
2875 5309 2932 5364 in
2965 5325 3059 5366 me
3087 5310 3267 5367 etiam
3309 5312 3423 5384 ipsi
3473 5319 3608 5368 sunt
3651 5326 3780 5384 ego.
3832 5315 3897 5370 Ut

2178 5397 2290 5453 sint
2317 5405 2367 5454 et
2395 5397 2504 5469 ipsi
2521 5399 2855 5469 sanctiﬁcati
2876 5399 2937 5456 in
2959 5403 3208 5458 veritate.
3235 5403 3383 5468 Quid
3409 5407 3499 5459 est
3525 5409 3576 5459 et
3599 5403 3726 5476 ipsi,
3748 5403 3890 5474 nisi,

2180 5487 2675 5558 quemadmodum
2702 5503 2806 5561 ego
2833 5506 2846 5556 ;
2880 5491 2938 5544 in
2970 5491 3220 5558 veritate,
3248 5494 3405 5563 quod
3431 5493 3552 5566 ipse
3576 5509 3706 5549 sum
3738 5509 3842 5564 ego
3868 5493 3894 5548 ἲ

2184 5573 2546 5646 Deindejam
2595 5592 2712 5634 non
2745 5576 2922 5636 solum
2971 5579 3040 5634 de
3091 5579 3405 5653 Apostolis,
3451 5581 3554 5638 sed
3597 5583 3769 5639 etiam
3823 5581 3898 5638 de
