4164 6184
310 235 458 294 1917

304 369 432 426 suis
477 367 695 425 cateris
735 367 1014 424 membris
1061 367 1264 440 incipit
1295 368 1522 424 dicere:
1555 367 1711 440 quod
1761 367 2013 424 donante

303 460 453 532 ipso,
486 458 598 516 alio
629 475 901 515 sermone
927 459 1299 513 tractandum
1334 462 1443 515 est.

855 547 1281 604 TRACTATUS
1321 548 1455 604 CIX.

301 643 364 698 In
395 640 557 708 illud,
589 640 711 696 Non
748 655 850 710 pro
886 639 974 694 his
1006 643 1200 694 autem
1236 655 1372 712 rogo
1405 644 1660 704 tantum,
1692 638 1790 693 sed
1825 640 1880 692 et
1912 652 2014 707 pro

374 733 460 786 eis
491 732 587 802 qui
633 730 910 786 credituri
962 733 1100 786 sunt
1149 746 1248 800 per
1293 730 1534 786 verbum
1567 745 1766 785 eorum
1807 727 1866 783 in
1901 743 2010 782 me.

371 823 504 890 Cap.
537 836 675 888 xvn,
708 821 762 888 Ῡ.
797 821 886 876 20.

373 914 423 965 1.
458 909 742 965 Dominus
790 909 960 964 Jesus
990 909 1104 979 jam
1138 924 1246 963 sua
1273 908 1697 979 propinquante
1720 905 2013 977 passione,

297 1016 436 1058 cum
468 1003 808 1070 orassetpro
824 998 1129 1069 discipulis
1153 998 1300 1069 suis,
1330 1013 1476 1070 quos
1498 1003 1555 1053 et
1583 995 1892 1069 Apostolus
1915 1013 2016 1051 no-

299 1090 571 1158 minavit,
611 1105 744 1144 cum
778 1088 989 1160 quibus
1018 1091 1345 1144 coenaverat
1374 1087 1647 1143 ultimam
1684 1101 1920 1151 caenam,
1945 1085 2014 1140 de

299 1193 421 1248 qua
443 1174 689 1231 traditor
718 1175 843 1244 eju
876 1190 976 1246 per
1005 1172 1324 1229 buccellam
1350 1172 1755 1228 manifestatus
1775 1171 2011 1228 exierat.

296 1271 357 1322 et
387 1283 521 1323 cum
554 1265 769 1337 quibus
802 1272 930 1338 post
968 1266 1096 1334 ejus
1129 1280 1429 1337 egressum
1463 1269 1780 1336 antequam
1815 1261 2015 1333 proeis

296 1360 518 1422 oraret,
551 1354 738 1411 multa
754 1355 877 1425 jam
902 1355 1092 1410 fuerat
1115 1353 1345 1410 locutus
1371 1374 1385 1422 ;
1411 1353 1678 1424 adjunxit
1704 1359 1758 1408 et
1778 1355 2014 1407 caeteros

296 1445 400 1518 qui
429 1446 490 1501 in
521 1461 656 1501 eum
691 1445 918 1500 fuerant
961 1443 1262 1511 credituri,
1295 1452 1348 1500 et
1379 1444 1462 1500 ait
1495 1443 1568 1499 ad
1610 1442 1864 1510 Patrem,
1896 1440 2013 1495 Non

291 1551 394 1608 pro
427 1533 518 1590 his
547 1538 726 1590 autem
755 1550 888 1605 rogo
923 1537 1157 1601 tantum,
1190 1533 1247 1588 id
1301 1539 1390 1589 est
1430 1548 1532 1604 pro
1581 1530 1882 1602 discipulis
1913 1528 2012 1600 qui

293 1641 430 1682 cum
460 1624 559 1681 illo
591 1629 730 1680 tunc
753 1623 1052 1679 erant:sed
1070 1630 1124 1680 et
1150 1639 1250 1695 pro
1277 1622 1601 1694 eis,inquit,
1617 1622 1711 1694 qui
1747 1619 2016 1676 credituri

291 1719 423 1770 sunt
449 1730 549 1785 per
574 1714 796 1770 verbum
815 1727 1006 1770 eorum
1029 1714 1087 1768 in
1120 1728 1221 1768 me.
1240 1711 1566 1770 Ubiomnes
1606 1726 1745 1766 suos
1767 1706 2012 1778 intelligi

289 1802 502 1871 voluit,
530 1819 644 1858 non
677 1801 872 1858 solum
900 1803 998 1873 qui
1031 1807 1168 1858 tunc
1193 1805 1360 1858 erant
1394 1801 1452 1856 in
1494 1815 1687 1860 carne.
1712 1799 1812 1855 sed
1836 1798 2009 1854 etiam

291 1894 393 1965 qui
429 1891 607 1949 futuri
629 1894 811 1950 erant.
843 1892 1135 1963 Quotquot
1155 1890 1307 1947 enim
1333 1893 1526 1962 postea
1555 1889 1930 1945 crediderunt
1951 1886 2011 1940 in

287 1999 451 2050 eum,
485 1997 585 2054 per
633 1982 875 2038 verbum
924 1981 1333 2052 Apostolorum
1383 1979 1511 2036 sine
1541 1979 1720 2035 dubio
1751 1976 2011 2033 credide-

288 2076 462 2137 runt,
493 2076 551 2127 et
586 2073 768 2127 donec
804 2071 1017 2140 veniat,
1041 2070 1316 2127 credituri
1347 2077 1483 2126 sunt
1515 2083 1529 2124 :
1563 2069 1704 2140 ipsis
1735 2067 1888 2124 enim
1922 2066 2011 2121 di-

283 2167 477 2228 xerat,
514 2163 580 2216 Et
629 2177 719 2217 vos
762 2161 1130 2217 testimonium
1168 2159 1546 2231 perhibebitis,
1582 2160 1714 2231 quia
1744 2158 1809 2213 ab
1841 2157 2008 2213 initio

288 2267 505 2308 mecum
561 2253 694 2307 estis
743 2252 923 2322 (Joan.
958 2268 1050 2319 xv,
1081 2251 1211 2320 27);
1246 2252 1302 2306 et
1359 2266 1458 2320 per
1505 2248 1611 2305 hos
1635 2247 2009 2320 Evangelium

289 2342 700 2398 ministratum
732 2343 842 2406 est,
867 2343 923 2396 et
973 2343 1290 2412 antequam
1323 2337 1695 2405 scriberetur,
1723 2343 1780 2393 et
1809 2337 2013 2410 utique

287 2429 636 2504 quisquisin
650 2429 945 2485 Christum
970 2429 1170 2498 credit,
1196 2427 1508 2499 Evangelio
1530 2427 1730 2482 credit.
1754 2426 1880 2482 Non
1903 2426 2012 2482 ita-

289 2538 405 2594 que
438 2521 499 2577 hi
529 2524 757 2576 tantum
788 2518 1147 2591 intelligendi
1186 2522 1343 2584 sunt,
1376 2534 1524 2590 quos
1546 2517 1706 2574 aitin
1738 2533 1801 2572 se
1830 2516 2012 2573 credi-

289 2617 463 2669 turos
497 2626 598 2680 per
625 2610 869 2665 verbum
901 2625 1125 2676 eorum,
1151 2607 1253 2681 qui
1275 2609 1458 2679 ipsos,
1490 2624 1624 2664 cum
1659 2609 1716 2662 in
1747 2623 1918 2663 carne
1939 2605 2012 2660 vi-

292 2705 518 2768 verent,
581 2699 888 2771 Apostolos
945 2699 1297 2766 audierunt;
1356 2699 1458 2754 sed
1511 2702 1567 2754 et
1624 2701 1756 2769 post
1794 2697 2015 2754 obitum

293 2808 528 2858 eorum,
561 2795 619 2847 et
678 2805 783 2846 nos
842 2789 1013 2861 longe
1062 2793 1193 2861 post
1240 2790 1382 2856 nati,
1414 2805 1514 2860 per
1541 2789 1782 2844 verbum
1814 2804 2015 2844 eorum

296 2881 731 2939 oredidimusin
745 2879 1356 2948 Christum.Quoniam
1376 2879 1482 2950 ipsi
1501 2878 1601 2950 qui
1615 2895 1747 2935 cum
1764 2878 1863 2934 illo
1877 2883 2018 2934 tunc

297 2975 565 3039 fuerunt,
597 2973 745 3041 quod
802 2971 874 3026 ab
923 2970 1022 3026 illo
1054 2971 1387 3038 audierunt,
1419 2969 1640 3026 ceteris
1672 2969 2019 3039 praedicave-

296 3067 444 3122 runt
478 3078 491 3118 :
526 3067 700 3132 atque
733 3061 815 3116 ita
855 3061 1097 3116 verbum
1150 3075 1365 3126 eorum,
1391 3065 1456 3114 ut
1477 3057 1653 3115 etiam
1688 3073 1792 3114 nos
1822 3059 2017 3114 crede-

299 3168 529 3219 remus,
562 3150 636 3206 ad
680 3167 786 3206 nos
825 3165 1004 3221 usque
1057 3149 1338 3221 pervenit,
1371 3147 1726 3219 ubicumque
1769 3151 1856 3202 est
1894 3148 2019 3219 ejus

303 3240 566 3298 Ecclesia
589 3257 602 3308 ;
635 3244 1118 3312 etperventurum
1140 3239 1317 3296 estad
1339 3247 1620 3310 posteros,
1645 3238 2019 3310 quicumque,

303 3332 672 3402 ubicumque
701 3334 901 3401 postea
930 3329 989 3385 in
1011 3344 1142 3386 eum
1174 3328 1452 3385 credituri
1485 3331 1645 3384 sunt.

379 3423 433 3477 2.
472 3423 668 3477 Potest
707 3420 903 3491 itaque
943 3419 1123 3476 videri
1171 3417 1341 3474 Jesus
1385 3418 1446 3474 in
1476 3417 1583 3472 hac
1613 3417 1870 3473 oratione
1905 3433 2019 3472 non

302 3524 509 3566 orasse
541 3524 642 3580 pro
673 3506 1024 3579 quibusdam
1056 3507 1203 3574 suis,
1237 3505 1350 3562 nisi
1373 3505 2024 3577 diligenterscrutemur

307 3600 374 3655 in
406 3597 607 3653 eadem
653 3596 914 3652 oratione
953 3596 1127 3651 verba
1161 3595 1306 3666 ejus.
1347 3594 1401 3650 Si
1433 3595 1586 3650 enim
1628 3611 1730 3665 pro
1752 3593 1837 3649 eis
1860 3593 2021 3664 prius

308 3688 518 3748 oravit.
543 3689 692 3743 sicut
723 3689 835 3757 jam
860 3685 1251 3754 ostendimus,
1275 3687 1528 3756 quicum
1559 3684 1658 3741 illo
1675 3693 1815 3740 tunc
1835 3688 2019 3749 erant,

309 3784 517 3852 postea
544 3793 679 3833 vero
710 3776 883 3832 etiam
923 3793 1026 3848 pro
1075 3775 1156 3832 eis
1207 3775 1306 3847 qui
1341 3792 1440 3846 per
1470 3774 1708 3831 verbum
1738 3790 1931 3829 eorum
1961 3773 2020 3828 in

309 3868 478 3926 illum
533 3869 764 3923 fuerant
816 3866 1127 3934 credituri;
1162 3870 1353 3938 potest
1390 3864 1502 3921 dici
1554 3881 1669 3920 non
1694 3880 1885 3920 orasse
1919 3881 2021 3934 pro

310 3957 400 4014 illi
442 3957 542 4028 qui
574 3973 760 4028 neque
791 3961 925 4012 tunc
958 3959 1123 4012 erant
1152 3970 1286 4012 cum
1337 3954 1437 4012 illo
1470 3956 1702 4028 quando
1725 3954 1835 4010 ista
1865 3955 2022 4011 dicc-

312 4051 433 4116 bat,
470 4063 658 4120 neque
691 4063 791 4118 per
813 4048 1055 4103 verbum
1077 4063 1278 4103 eorum
1305 4053 1521 4118 postea,
1548 4045 1647 4103 sed
1667 4046 1723 4102 in
1747 4061 1879 4101 eum
1905 4045 2023 4103 sive

312 4155 413 4210 per
443 4138 627 4210 ipsos,
651 4139 766 4193 sive
784 4137 1242 4210 quomodolibet,
1266 4141 1460 4194 tamen
1484 4144 1614 4193 ante
1633 4136 2022 4194 crediderant.

311 4228 612 4300 Numquid
644 4227 797 4283 enim
828 4243 961 4283 cum
1004 4227 1101 4283 illo
1149 4230 1287 4283 tunc
1317 4231 1438 4282 erat
1468 4226 1778 4282 Nathanael
1802 4227 1828 4280 ?
1851 4225 2023 4281 Num-

314 4318 460 4391 quid
491 4317 698 4390 Joseph
733 4316 826 4373 ille
859 4316 929 4372 ab
957 4315 1302 4386 Arimathia,
1331 4317 1426 4387 qui
1479 4333 1688 4387 corpus
1716 4317 1841 4386 ejus
1866 4334 1897 4371 a
1929 4316 2020 4371 Pi-

317 4410 436 4464 lato
469 4407 654 4479 petiit,
688 4423 858 4478 quem
888 4407 1006 4477 jam
1040 4405 1391 4477 discipulum
1414 4406 1540 4475 ejus
1564 4405 1742 4460 fuisse
1775 4407 1879 4460 iste
1901 4405 2026 4478 ipse

315 4498 575 4554 Joannes
597 4495 945 4567 evangelista
966 4500 1208 4551 testatur
1228 4495 1406 4564 (Joan.
1439 4494 1702 4564 xxx,38)?
1731 4493 2023 4566 Numquid

317 4586 503 4643 Maria
533 4590 716 4641 mater
738 4587 883 4658 ejus,
909 4589 965 4641 et
996 4585 1120 4640 alia:
1147 4584 1393 4654 feminae,
1411 4600 1552 4655 quas
1572 4584 2027 4655 ejusdiscipulas

315 4677 376 4733 in
399 4675 846 4748 Evangeliojam
870 4683 1007 4730 tunc
1035 4676 1214 4731 fuisse
1229 4672 1879 4746 didicimus?Numquid
1896 4692 2024 4730 cum

313 4767 416 4824 illo
437 4771 581 4822 tunc
631 4776 796 4823 erant
837 4767 908 4822 de
947 4767 1160 4838 quibus
1219 4782 1371 4836 stupe
1415 4765 1555 4822 dicit
1593 4766 1746 4821 idem
1779 4767 2028 4822 Joannes

315 4856 691 4928 evangelista,
741 4855 898 4912 Multi
945 4855 1296 4911 crediderunt
1345 4858 1402 4910 in
1453 4871 1575 4910 eum
1604 4855 1700 4924 (Id.
1738 4873 1798 4922 ιι,
1831 4856 1920 4924 23,
1952 4872 2025 4925 ιν,

316 4948 409 5014 39,
432 4963 530 5015 vu,
561 4945 652 5015 31,
710 4954 829 5014 νιιι,
861 4947 949 5013 30,
982 4953 1034 5001 et
1080 4962 1134 5008 x,
1187 4945 1317 5013 4‘3)?
1337 4945 1479 5000 Nam
1524 4945 1676 5000 unde
1718 4949 1841 5000 erat
1872 4945 2028 5000 mul-

316 5038 511 5094 titudo
548 5036 649 5092 illa
671 5052 861 5094 eorum
897 5036 1150 5107 quicum
1176 5034 1352 5090 ramis
1374 5038 1583 5106 partim
1606 5034 2026 5107 praecedebant,

317 5126 532 5198 partim
574 5126 971 5198 sequebantur
1020 5124 1368 5180 insidentem
1413 5124 1701 5193 jumento,
1749 5124 2026 5192 dicentes,

318 5214 644 5270 Benedictus
681 5215 777 5285 qui
829 5213 974 5268 venit
1012 5217 1068 5268 in
1115 5211 1340 5267 nomine
1387 5213 1645 5277 Domini;
1681 5215 1900 5266 etcum
1945 5213 2029 5268 eis

320 5307 506 5379 pueri,
564 5306 634 5360 de
690 5305 906 5376 quibus
940 5305 1062 5377 ipse
1110 5303 1191 5359 ait
1213 5303 1396 5358 fuisse
1433 5303 1796 5375 praedictum,
1827 5301 1908 5357 lix
1937 5319 2030 5360 ore

318 5398 630 5469 infantium
650 5404 702 5452 et
737 5396 1066 5453 luetentium
1104 5393 1385 5466 perfecisti
1417 5395 1638 5451 laudem
1672 5394 1875 5463 (Matth.
1911 5412 2029 5461 xxi,

318 5487 512 5555 7,16:
547 5487 694 5542 Psat.
722 5486 964 5556 vm,3)?
1001 5486 1160 5542 Unde
1182 5483 1483 5556 quingenti
1517 5485 1750 5552 fratres,
1784 5484 2028 5556 quibus,

323 5579 502 5635 simul
558 5581 689 5648 post
737 5577 1219 5633 resurrectionem
1264 5591 1378 5630 non
1430 5575 1797 5646 apparuisset
1829 5575 1878 5647 (Ι
1905 5576 2025 5635 Cor.

1480 228 1948 294 TBACTATUS
1993 225 2139 287 CIX.
2187 230 2442 291 CAPUT
2487 233 2674 294 XVII.

3669 250 3825 324 teis

2123 380 2216 432 xv,
2237 371 2314 440 6),
2351 370 2463 426 nisi
2494 371 2553 428 in
2583 390 2716 431 eum
2749 379 2883 433 ante
2913 379 3340 438 credidissent?
3364 383 3528 441 Unde
3566 384 3652 442 illi
3683 404 3818 445 cen-

2126 461 2247 514 tum
2280 465 2336 514 et
2366 477 2590 530 novem,
2631 466 2730 538 qui
2763 483 2894 523 cum
2928 467 3054 524 istis
3089 472 3360 528 undecim
3393 482 3619 532 centum
3650 481 3707 534 et
3736 479 3823 534 vi-

2125 548 2272 618 ginti
2297 557 2480 620 erant,
2515 556 2744 623 quando
2767 557 2939 614 simul
2973 563 3299 630 congregati
3331 572 3455 632 post
3478 564 3603 634 ejus
3625 582 3821 625 ascen-

2125 652 2257 691 sum
2291 646 2788 712 exspectaverunt,
2820 655 2872 702 et
2895 655 3240 720 acceperunt
3264 653 3619 721 promissum
3643 655 3823 727 Spiri-

2128 737 2247 783 tum
2309 737 2574 789 sanctum
2625 737 2760 799 (Act.
2788 755 2824 802 ι,
2875 739 2960 808 15,
2987 747 3040 793 et
3072 757 3132 806 ιι,
3167 741 3448 811 4)?Unde
3505 751 3670 801 erant
3728 745 3824 802 isti

2123 835 2349 891 omnes,
2374 823 2482 878 nisi
2515 842 2582 880 ex
2614 826 2728 882 illis
2749 829 2817 883 de
2839 830 3054 900 quibus
3078 833 3296 888 dictum
3321 839 3430 901 est,
3452 838 3617 893 Multi
3635 839 3822 894 credi-

2121 910 2317 967 derunt
2349 916 2406 968 in
2427 931 2549 970 eum
2571 921 2596 971 .9
2625 917 2747 973 Non
2780 935 2913 991 ergo
2937 937 3036 991 pro
3059 923 3142 977 eis
3176 930 3309 980 tunc
3331 927 3516 981 oravit
3545 927 3821 998 Salvator,

2122 1002 2394 1090 quoniam
2417 1021 2516 1074 pro
2547 1007 2630 1062 eis
2660 1010 2842 1064 oravit
2863 1011 2961 1081 qui
2983 1027 3112 1068 cum
3144 1011 3244 1069 illo
3265 1018 3406 1071 tunc
3430 1020 3617 1082 erant,
3649 1023 3705 1074 et
3726 1036 3824 1090 pro

2125 1089 2256 1145 aliis
2283 1091 2378 1161 qui
2413 1109 2511 1164 per
2532 1097 2768 1151 verbum
2795 1113 2994 1154 eorum
3025 1100 3081 1155 in
3112 1117 3245 1156 cum
3275 1118 3387 1158 non
3417 1104 3537 1174 jam
3561 1089 3826 1162 credide-

2125 1183 2274 1248 rant,
2308 1181 2407 1236 sed
2459 1182 2684 1238 fuerant
2733 1185 3026 1241 credituri.
3064 1187 3164 1243 lsti
3208 1195 3401 1245 autem
3436 1207 3538 1248 nec
3560 1209 3693 1248 cum
3727 1193 3824 1249 illo

2123 1271 2263 1324 tunc
2290 1279 2472 1339 erant,
2508 1278 2564 1326 et
2603 1274 2660 1329 in
2692 1291 2823 1330 eum
2861 1277 2984 1345 jam
3036 1283 3167 1334 ante
3199 1280 3584 1338 crediderant.
3613 1285 3826 1340 Omitto

2123 1359 2313 1415 dicere
2343 1363 2413 1417 de
2443 1363 2713 1421 Simeone
2745 1383 2900 1434 sene,
2935 1368 3036 1439 qui
3060 1369 3122 1424 in
3158 1369 3507 1428 infantulum
3542 1375 3824 1443 credidit;

2120 1449 2189 1505 de
2237 1452 2403 1507 Anna
2443 1453 2807 1526 prophetissa
2828 1457 2982 1529 (Luc.
3017 1476 3074 1526 ιι,
3106 1461 3335 1532 25-38);
3369 1462 3438 1517 de
3469 1463 3744 1520 Zacharia
3774 1475 3825 1521 et

2121 1541 2436 1610 Elisabeth,
2455 1544 2552 1614 qui
2581 1561 2713 1600 eum
2751 1546 3238 1618 prophetaverunt
3266 1556 3577 1622 antequam
3602 1555 3672 1610 de
3696 1555 3824 1610 Vir-

2120 1629 2255 1702 gina
2303 1636 2640 1688 nasceretur
2686 1634 2786 1703 (Id.
2810 1652 2849 1702 ι,
2884 1636 3072 1703 41ο45,
3099 1639 3330 1710 67-79);
3376 1642 3446 1697 de
3481 1642 3597 1699 filio
3629 1660 3825 1702 eorum

2116 1718 2342 1775 Joanne
2373 1736 2727 1790 praecursore
2748 1724 2896 1794 ejus,
2929 1728 3117 1784 amico
3146 1730 3368 1800 sponsi,
3394 1731 3491 1802 qui
3520 1747 3654 1786 eum
3688 1733 3824 1788 etin

2120 1811 2317 1864 sancto
2378 1809 2598 1881 Spiritu
2647 1814 2902 1883 agnovit,
2935 1821 2993 1870 et
3049 1817 3346 1875 absentem
3396 1821 3748 1891 praedicavit,
3771 1826 3828 1878 et

2121 1899 2250 1957 aliis
2283 1903 2710 1972 agnoscendum
2741 1921 2872 1962 cum
2896 1924 3154 1978 praesens
3184 1915 3339 1968 esset
3368 1913 3620 1968 ostendit
3640 1914 3820 1983 (Ioan.

2120 2005 2158 2060 ῐ,
2196 1994 2380 2060 19-36,
2403 1997 2460 2049 et
2495 2010 2582 2059 ιιι,
2610 1994 2802 2066 26-36)
2837 2011 2849 2051 :
2883 1996 2989 2054 hos
3038 2000 3259 2067 omitto,
3291 2000 3565 2070 quoniam
3594 2003 3824 2075 reSponi

2119 2084 2239 2141 deri
2273 2087 2463 2155 potest
2491 2085 2778 2140 orandum
2825 2103 2924 2155 pro
2963 2087 3176 2144 talibus
3200 2090 3448 2146 mortuis
3474 2109 3588 2148 non
3621 2092 3819 2159 fuisse,

2117 2176 2216 2248 qui
2247 2191 2382 2232 cum
2409 2174 2634 2248 magnis
2661 2175 2779 2231 suis
2803 2177 3022 2233 meritis
3059 2178 3194 2234 hinc
3232 2179 3583 2250 abierant,et
3614 2182 3823 2251 recepti

2119 2264 2532 2336 quiescebant;
2565 2263 2673 2319 hoc
2702 2265 2858 2320 enim
2891 2275 2943 2321 et
2974 2267 3044 2321 de
3064 2268 3328 2339 antiquis
3354 2269 3534 2337 justis
3556 2271 3826 2326 similiter

2121 2354 2522 2425 respondetur.
2556 2353 2698 2419 Quis
2744 2355 2898 2411 enim
2937 2372 3138 2412 eorum
3181 2374 3214 2413 a
3239 2358 3612 2416 damnatione
3646 2359 3826 2415 totius

2122 2460 2329 2500 massae
2362 2443 2726 2515 perditionis,
2759 2461 2885 2516 quae
2911 2461 3007 2517 per
3030 2461 3212 2503 unum
3231 2447 3528 2503 hominem
3552 2448 3696 2504 facta
3713 2453 3822 2513 est,

2121 2533 2318 2589 salvus
2347 2548 2476 2589 esse
2503 2532 2810 2604 potuisset,
2843 2534 2956 2590 nisi
2983 2534 3040 2590 in
3087 2552 3269 2591 unum
3318 2537 3691 2593 Mediatorem
3729 2538 3825 2592 Dei

2121 2628 2178 2681 et
2208 2622 2516 2679 hominum
2548 2623 2607 2678 in
2639 2639 2809 2680 carne
2828 2628 3138 2680 venturum
3171 2625 3455 2683 revelante
3469 2625 3685 2698 Spiritu
3708 2645 3828 2682 cre-

2123 2712 2414 2769 didisset?
2434 2711 2545 2768 Sed
2568 2713 2850 2784 numquid
2874 2714 2924 2769 ei
2945 2729 3048 2784 pro
3068 2715 3357 2786 Apotolis
3387 2718 3673 2772 orandum
3699 2717 3823 2781 fuit,

2123 2808 2182 2858 et
2217 2811 2444 2875 protam
2473 2801 2674 2859 multis
2695 2803 2794 2873 qui
2825 2803 2883 2858 in
2898 2803 3006 2859 hac
3019 2803 3133 2860 vita
3154 2805 3344 2861 adhuc
3365 2810 3547 2874 erant,
3570 2821 3675 2864 nec
3696 2823 3823 2862 cum

2124 2892 2224 2948 illo
2243 2903 2378 2948 tunc
2395 2895 2578 2958 erant,
2603 2893 2799 2961 etjam
2821 2897 2951 2949 ante
2990 2893 3375 2963 crediderant,
3398 2896 3686 2951 orandum
3715 2913 3825 2952 non

2129 2975 2282 3031 fuit?
2312 2973 2452 3036 Quis
2483 2973 2590 3028 hoc
2621 2972 2872 3028 dixerit?

2197 3063 2250 3118 3.
2286 3061 2730 3133 Intelligendum
2778 3066 2866 3118 est
2912 3061 3109 3134 igitur,
3134 3065 3287 3134 quod
3320 3065 3575 3121 nondum
3603 3065 3658 3120 in
3692 3082 3827 3122 eum

2129 3151 2214 3208 sic
2243 3150 2624 3218 crediderant,
2659 3150 2951 3220 quomodo
2981 3150 3038 3206 in
3071 3167 3130 3205 se
3161 3151 3317 3207 credi
3351 3151 3572 3208 volebat
3607 3168 3833 3224 :quan-

2127 3242 2440 3314 doquidem
2471 3247 2524 3295 et
2546 3239 2669 3311 ipse
2700 3239 2916 3306 Petrus,
2949 3239 3042 3294 cui
3087 3240 3386 3296 confitenti
3407 3242 3720 3309 etdicenti,
3756 3245 3830 3298 Tu

2127 3349 2181 3390 es
2203 3332 2448 3387 Christus
2480 3331 2652 3385 Filius
2685 3331 2775 3384 Dei
2794 3329 2922 3397 vivi,
2958 3333 3072 3384 tam
3120 3346 3395 3401 maguum
3429 3331 3828 3386 testimonium

2130 3422 2728 3496 perhibuerat,magis
2743 3436 2872 3477 eum
2899 3420 3040 3476 mori
3066 3419 3318 3489 nolebat,
3336 3437 3511 3492 quam
3538 3427 3829 3478 mortuum

2130 3516 2586 3571 resurrecturum
2619 3528 2747 3568 esse
2771 3511 3076 3580 credebat;
3101 3512 3256 3568 unde
3287 3528 3415 3569 mox
3435 3513 3507 3569 ab
3538 3529 3605 3568 eo
3635 3514 3830 3584 appel-

2129 3604 2281 3660 latus
2324 3611 2411 3660 est
2465 3606 2700 3659 satanas
2761 3601 2968 3673 (Matth.
3035 3617 3146 3667 xu,
3211 3603 3295 3670 t6,
3355 3603 3469 3670 23).
3520 3601 3832 3658 Fideliorcs

2130 3697 2326 3767 itaque
2349 3692 2736 3765 reperiuntur,
2759 3689 2859 3762 qui
2887 3691 3138 3747 defuncti
3157 3692 3277 3760 jam
3301 3691 3540 3762 fuerant,
3565 3695 3622 3748 et
3646 3709 3832 3749 resur-

2128 3791 2424 3843 recturum
2456 3781 2751 3838 Christum
2796 3780 3076 3837 revelante
3106 3779 3324 3851 Spiritu
3360 3797 3470 3838 non
3507 3783 3708 3854 utique
3729 3785 3832 3839 du-

2132 3875 2604 3946 bitabant.quam
2623 3871 2705 3927 illi
2730 3871 2823 3942 qui
2839 3887 2968 3927 cum
2988 3869 3582 3942 credidissentipsum
3607 3872 3829 3928 redem-

2131 3960 2366 4029 pturum
2400 3953 2595 4020 Isarel,
2627 3953 2750 4009 visa
2777 3953 2904 4023 ejus
2927 3955 3107 4008 morte
3139 3967 3302 4024 spem
3351 3955 3529 4008 totam
3562 3967 3735 4025 quam
3760 3955 3831 4010 de

2132 4047 2230 4105 illo
2251 4047 2574 4104 habuerant
2595 4045 2995 4117 perdiderunt.
3023 4042 3179 4100 Nihil
3199 4044 3395 4116 itaque
3425 4042 3630 4100 melius
3651 4045 3831 4099 credi-

2131 4156 2285 4206 mus,
2317 4153 2490 4209 quam
2515 4141 2644 4208 post
2662 4136 2790 4206 eju
2808 4133 3286 4190 resurrectionem
3304 4132 3590 4202 impertito
3611 4133 3829 4202 Spiritu

2131 4234 2355 4295 sancto,
2387 4231 2444 4282 et
2473 4227 2659 4282 doctis
2697 4229 2753 4280 et
2800 4223 3157 4280 confirmatis
3201 4220 3508 4293 Apostolis,
3542 4221 3738 4290 eisque
3769 4221 3828 4276 in

2134 4318 2386 4375 Ecclesia
2427 4316 2703 4388 primitus
2750 4314 3080 4370 doctoribus
3126 4309 3477 4375 constitutis,
3503 4326 3600 4381 per
3627 4324 3826 4365 eorum

2135 4409 2370 4464 verbum
2404 4407 2488 4461 sio
2521 4405 2664 4461 alios
2702 4404 3019 4460 credidisse
3048 4399 3535 4471 quemadmodum
3584 4398 3640 4452 in
3663 4398 3829 4453 Chrio

2134 4503 2289 4555 stum
2323 4497 2472 4554 credi
2495 4495 2815 4566 oportebat,
2851 4493 2905 4546 id
2939 4498 3044 4560 est,
3081 4495 3143 4545 ut
3180 4489 3349 4544 tidem
3389 4487 3830 4544 resurrectionis

2136 4591 2263 4659 ejus
2295 4589 2582 4642 tenerent.
2615 4585 2692 4638 Ac
2724 4598 2826 4654 per
2856 4581 2963 4636 hoc
2993 4585 3051 4635 et
3104 4578 3234 4634 illos
3264 4594 3468 4634 omnes
3500 4577 3598 4650 qui
3622 4578 3745 4648 jam
3770 4577 3828 4632 in

2137 4694 2271 4733 eum
2303 4673 2613 4731 credidisse
2642 4671 3007 4740 videbantur,
3036 4669 3107 4725 ad
3137 4684 3334 4723 eorum
3360 4684 3670 4724 numerum
3705 4683 3832 4739 per-

2139 4766 2384 4823 tinuisse
2415 4779 2516 4834 pro
2545 4760 2763 4832 quibus
2804 4760 3008 4826 oravit,
3036 4758 3254 4824 dicens,
3288 4756 3403 4814 Non
3421 4773 3519 4828 pro
3541 4758 3623 4812 his
3652 4761 3834 4811 autem

2135 4871 2264 4928 rogo
2291 4859 2528 4919 tantum,
2559 4851 2652 4908 sed
2679 4856 2732 4906 et
2761 4865 2860 4922 pro
2888 4849 2965 4905 eis
3010 4849 3104 4921 qui
3143 4847 3406 4903 credituri
3433 4849 3557 4902 sunt
3585 4861 3682 4918 per
3710 4861 3833 4899 ver-

2139 4949 2268 5003 bum
2291 4961 2483 5003 eorum
2512 4942 2571 5000 in
2593 4959 2699 4999 me.

2210 5036 2259 5089 4.
2295 5034 2405 5091 Sed
2422 5037 2597 5089 restat
2618 5030 2785 5087 nobis
2819 5028 2888 5084 ad
2911 5029 3084 5084 istam
3108 5027 3487 5099 quastionem
3523 5023 3710 5077 adhuc
3727 5020 3832 5076 sol-

2136 5126 2383 5182 vendam
2430 5124 2637 5179 beatus
2697 5118 3025 5190 Apostolus,
3057 5125 3110 5173 et
3165 5117 3307 5171 latro
3366 5115 3462 5168 ille
3483 5110 3736 5166 crudelis
3768 5109 3826 5165 in

2138 5214 2375 5282 scelere,
2408 5209 2595 5266 fidelis
2625 5210 2683 5264 in
2717 5223 2903 5264 cruce.
2934 5207 3144 5262 Paulus
3165 5203 3374 5274 quippe
3396 5199 3696 5273 apostolus
3722 5216 3834 5254 non

2136 5306 2208 5362 ab
2239 5303 2599 5367 hominibus,
2641 5314 2829 5370 neque
2879 5313 2980 5368 per
3026 5292 3464 5351 hominem.sed
3509 5306 3606 5361 per
3631 5294 3833 5348 Jesum

2135 5393 2431 5450 Christum
2464 5405 2524 5447 se
2554 5389 2693 5445 dicit
2740 5387 2958 5443 factum
3001 5381 3369 5455 Apostolum:
3405 5383 3458 5435 et
3481 5380 3549 5434 de
3573 5380 3697 5450 ipso
3730 5396 3836 5433 suo

2136 5483 2432 5554 evangelio
2477 5479 2720 5549 loquens
2776 5476 2873 5542 ait,
2906 5473 3088 5545 Neque
3105 5473 3253 5528 enim
3281 5473 3350 5526 ab
3383 5470 3598 5526 homine
3617 5485 3710 5540 ego
3740 5486 3840 5525 nc—

2133 5576 2248 5646 eejii
2308 5572 2467 5640 illud,
2522 5582 2690 5640 neque
2745 5563 2946 5626 didici;
2986 5561 3078 5620 sed
3131 5577 3228 5635 per
3280 5562 3666 5618 reuelationem
3710 5561 3834 5616 Jesu
