4182 6198
326 271 477 338 i919

1277 275 1350 332 IN
1396 273 1733 336 JOANNIS
1782 268 2310 334 EVANCELIUM,
2362 269 2422 328 S.
2474 269 2886 330 AUGUSTINI

3709 273 3866 330 1920

326 419 532 474 Christi
553 417 748 489 (Galat.
775 433 814 483 ι,
848 415 898 482 1,
934 414 1040 484 12).
1078 411 1576 481 Quomodoigitur
1624 413 1747 466 erat
1777 411 1834 465 in
1855 408 1937 464 eis
1971 409 2040 463 de
2140 405 2325 478 junxit
2345 405 2518 462 etiam
2550 405 2684 462 illos
2715 405 2814 476 qui
2848 419 2946 474 per
2974 420 3168 460 eorum
3201 405 3432 462 verbum
3465 406 3521 461 in
3555 423 3687 463 eum
3733 407 3864 462 fue-

327 510 542 580 quibus
566 508 786 563 dictum
817 509 925 571 est,
949 503 1213 559 credituri
1232 511 1479 573 suntper
1504 503 1728 558 verbum
1757 515 1947 556 eorum
1981 497 2040 553 in
2145 501 2277 550 rant
2321 495 2616 552 credituri.
2635 495 2778 562 Quid
2801 498 2992 549 autem
3020 494 3441 564 adjunctisillis
3460 496 3668 552 deinde
3687 498 3861 564 dicat,

329 599 458 654 me?
493 599 660 652 Latro
700 613 828 651 vero
887 595 982 651 ille
1033 599 1172 648 tunc
1220 592 1488 661 credidit,
1537 593 1767 663 quando
1804 591 1860 646 in
1894 590 2039 662 ipsis

331 687 662 744 doctoribus
714 687 854 742 ﬁdes
901 702 1025 757 quas
1078 684 1268 739 fuerat
1317 684 1758 755 qualiscumque
1807 679 2034 735 defecit.

331 779 447 834 Nec
477 777 603 849 ipse
636 779 827 846 itaque
861 792 962 847 per
992 789 1186 830 eorum
1222 774 1460 828 verbum
1506 772 1751 828 credidit
1783 772 1838 826 in
1871 769 2036 825 Chri.

326 874 475 926 stum
507 869 705 924 Jesum
745 885 756 920 :
792 873 845 922 et
877 871 1071 922 tamen
1105 865 1190 921 sic
1217 865 1481 930 credidit,
1513 870 1575 919 ut.
1606 879 1779 935 quem
1806 862 2036 918 videbat

327 958 687 1024 cruciﬁxum,
731 957 1102 1012 conﬁteretur
1151 971 1261 1010 non
1315 955 1504 1009 solum
1549 958 2031 1018 resurrecturum,

329 1063 534 1103 verum
586 1048 762 1102 etiam
825 1051 1222 1117 regnaturum,
1270 1044 1536 1109 dicendo,
1588 1043 1844 1098 Memento
1902 1043 2032 1108 mei,

320 1154 442 1192 cum
468 1139 674 1191 veneris
698 1138 752 1190 in
788 1150 1016 1204 regnum
1049 1144 1204 1189 tuum
1227 1135 1378 1204 (Luc.
1413 1149 1572 1197 xxm,
1610 1132 1719 1200 42).

401 1228 454 1280 5.
492 1225 739 1280 Proinde
785 1222 1146 1294 relinquitur,
1180 1227 1243 1277 ut
1291 1223 1337 1276 si
1381 1222 1660 1277 Dominus
1707 1221 1879 1274 Jesus
1926 1218 2034 1273 hac

325 1314 582 1372 oratione
599 1331 700 1386 pro
717 1314 841 1368 suis
857 1312 1128 1368 omnibus
1149 1311 1503 1383 quicumque
1528 1310 1584 1364 in
1621 1311 1725 1365 hac
1758 1310 2032 1379 vita,qua3

318 1403 564 1460 tentatio
595 1407 682 1457 est
728 1417 902 1471 super
952 1408 1158 1454 terram
1191 1400 1309 1468 (Job
1341 1415 1437 1467 vn,
1467 1400 1534 1467 1),
1560 1398 1644 1454 vel
1681 1402 1818 1453 tunc
1849 1400 2029 1456 erant,

320 1493 406 1550 vel
439 1492 619 1550 futuri
643 1499 827 1560 erant,
869 1503 1064 1544 orasse
1123 1489 1445 1542 credendus
1485 1497 1590 1556 est,
1625 1488 1708 1542 sic
1740 1485 2029 1558 intelligao

327 1603 457 1640 mus
500 1583 650 1655 quod
701 1580 921 1634 dictum
966 1583 1073 1645 est,
1105 1594 1202 1649 per
1242 1579 1467 1633 verbum
1507 1594 1716 1646 eorum,
1754 1577 2030 1648 utipsum

325 1675 563 1728 verbum
579 1668 708 1726 fidei
726 1669 878 1740 quod
907 1667 1364 1737 praedicaverunt
1386 1667 1443 1721 in
1471 1667 1711 1731 mundo,
1735 1666 1829 1721 hic
1852 1665 2030 1738 signi-

331 1766 560 1818 ﬁcatum
612 1774 736 1814 esse
776 1758 1111 1822 credamus;
1165 1756 1383 1810 dictum
1416 1760 1608 1811 autem
1639 1770 1757 1809 esse
1791 1755 2028 1808 verbum

328 1849 856 1920 eorum,quoniam
906 1847 976 1901 ab
1027 1848 1168 1916 ipsis
1218 1850 1304 1900 est
1355 1846 1628 1916 primitus
1655 1863 1718 1899 ac
1749 1844 2034 1916 praecipue

332 1941 734 2013 praedicatum.
760 1937 883 1991 iam
919 1936 1072 1991 enim
1109 1935 1179 1990 ah
1211 1935 1353 2004 ipsis
1390 1935 1738 2004 przedicabat
1772 1935 1827 1989 in
1859 1939 2028 1999 terra,

330 2031 561 2104 quando
594 2044 697 2100 per
717 2025 1124 2082 revelationem
1158 2024 1295 2080 .lesu
1327 2023 1534 2080 Christi
1567 2024 1761 2095 ipsum
1796 2024 2032 2078 verbum

327 2135 528 2175 eorum
597 2115 812 2173 Paulus
833 2114 1069 2185 accepit.
1150 2114 1305 2169 Unde
1363 2117 1418 2168 et
1474 2112 1720 2169 contulit
1768 2129 1900 2168 cum
1949 2113 2032 2168 eis

320 2207 723 2279 Evangelium,
747 2220 817 2259 ne
850 2204 991 2259 forte
1014 2203 1069 2257 in
1107 2218 1346 2258 vacuum
1382 2203 1736 2258 cucurrissct
1767 2205 1866 2257 aut
1896 2218 2029 2258 cur-

325 2301 508 2366 reret;
541 2301 596 2351 ct
628 2296 894 2350 dexteras
923 2294 974 2348 ei
1007 2293 1474 2363 dederunt:quia
1495 2297 1552 2347 et
1581 2292 1636 2346 in
1673 2291 1792 2358 illo,
1828 2309 2033 2364 quam-

323 2389 410 2443 vis
444 2403 557 2441 non
585 2401 682 2456 per
712 2400 808 2440 eos
829 2383 1148 2452 illidatum,
1173 2387 1368 2438 tamen
1390 2383 1631 2438 verbum
1664 2398 1860 2451 suum,
1883 2383 2030 2453 quod

320 2480 442 2548 jam
476 2474 886 2546 praedicabant,
919 2478 974 2529 et
1021 2473 1080 2527 in
1127 2488 1240 2544 quo
1273 2473 1496 2529 fundati
1531 2474 1776 2541 fuerant,
1799 2472 2030 2527 invene-

321 2563 457 2613 runt
500 2557 702 2623 (Galat.
737 2570 799 2619 ιι,
861 2555 914 2619 2,
978 2555 1055 2623 9).
1087 2555 1166 2609 De
1223 2570 1336 2624 quo
1377 2554 1550 2609 verbo
1591 2553 2032 2610 resurrectionis

318 2646 530 2702 Christi
585 2645 734 2700 idem
781 2643 922 2697 dicit
953 2642 1265 2713 apostolus,
1293 2665 1319 2692 ‹‹
1353 2641 1482 2698 Sive
1509 2659 1634 2713 ego,
1660 2643 1780 2697 sive
1811 2642 1914 2708 illi,
1951 2643 2032 2697 sic

321 2736 724 2808 pr-edicamus,
785 2735 841 2787 et
886 2733 966 2786 sic
1016 2732 1345 2787 credidistis
1369 2754 1396 2781 η
1431 2732 1474 2803 (l
1509 2733 1631 2787 Cor.
1665 2748 1756 2797 xv,
1821 2733 1944 2799 tt);
1977 2735 2034 2785 et

320 2827 602 2887 iterum,«
633 2825 747 2877 Hoc
777 2822 930 2878 estin
953 2823 1155 2893 »,quit,
1190 2844 1219 2871 κ
1250 2821 1490 2877 verbum
1527 2820 1654 2875 ﬁdei
1689 2821 1842 2891 quod
1877 2837 2033 2892 prae-

326 2916 610 2983 dicamus,
646 2912 785 2982 quia
808 2911 854 2966 si
887 2911 1184 2966 confessus
1217 2909 1394 2966 fueris
1422 2909 1482 2966 in
1505 2925 1601 2965 ore
1632 2914 1730 2963 tuo
1763 2910 1900 2979 quia
1922 2911 2032 2964 Do-

326 3004 519 3060 minus
544 3006 632 3057 est
661 3001 848 3067 Jcsns,
873 3004 929 3054 et
959 2999 1272 3055 credideris
1302 3000 1359 3054 in
1384 2999 1552 3054 corde
1582 3003 1682 3052 tuo
1715 2998 1851 3069 quia
1879 2998 2032 3054 Deus

322 3094 488 3148 illum
523 3090 1150 3153 suscitavitamortuis,
1177 3089 1374 3145 salvus
1391 3090 1550 3144 eri»
1573 3090 1746 3159 (Rom.
1777 3090 2029 3158 x,8et9).

323 3190 386 3238 tit
435 3184 492 3238 in
553 3182 791 3238 Actibus
831 3180 1234 3252 Apostolorum
1268 3179 1476 3253 legitur
1507 3180 1658 3252 quod
1717 3179 1773 3234 in
1807 3180 2032 3235 Christo

319 3274 467 3331 Deus
499 3272 787 3327 deﬁnierit
809 3271 980 3327 ﬁdem
1014 3271 1310 3338 omnibus,
1337 3269 1630 3324 suscitans
1663 3285 1796 3325 eum
1821 3287 1852 3323 a
1877 3285 2032 3324 mor-

325 3364 442 3419 tuis
474 3363 604 3431 (Act.
638 3378 773 3429 xvu,
805 3361 918 3431 3t).
953 3361 1070 3416 Hoc
1122 3361 1360 3414 verbum
1395 3359 1549 3425 fidei,
1575 3361 1715 3430 quia
1746 3357 2034 3430 principa-

328 3452 454 3508 liter
504 3467 569 3506 ac
621 3449 891 3522 primitus
934 3465 1036 3520 per
1077 3447 1404 3518 Apostolos,
1441 3445 1540 3517 qui
1567 3445 1618 3502 ei
1649 3446 2029 3514 cohaeserant,

324 3539 696 3612 pradicatum
727 3543 834 3605 est,
867 3537 994 3592 ideo
1015 3536 1253 3592 verbum
1287 3551 1485 3591 eorum
1519 3534 1739 3591 dictum
1793 3541 1899 3591 est.
1925 3535 2034 3590 Ne-

323 3646 437 3700 quc
466 3629 619 3682 enim
656 3633 949 3698 prepterea
979 3643 1092 3682 non
1124 3629 1212 3680 est
1249 3625 1480 3680 verbum
1516 3624 1783 3697 Dei,quia
1813 3624 2028 3679 dictum

316 3725 403 3774 est
435 3720 671 3773 verbum
705 3733 946 3785 eorum;
983 3733 1116 3772 cum
1149 3715 1306 3772 dicat
1335 3716 1486 3771 idem
1522 3718 1823 3788 apostolus
1857 3715 2032 3770 Thes-

317 3808 710 3863 salonicenses
742 3805 1033 3876 excepisse
1067 3823 1099 3860 a
1131 3822 1213 3874 se,
1248 3822 1357 3860 non
1388 3811 1443 3860 ut
1476 3805 1696 3860 verbum
1728 3806 2026 3873 hominum,

311 3901 423 3965 sed,
456 3900 592 3953 sicut
630 3908 732 3961 est,
775 3915 900 3954 vere
949 3899 1171 3954 verbum
1212 3900 1308 3954 Dei
1345 3901 1393 3969 (Ι
1445 3900 1622 3954 'Ihess.
1658 3917 1717 3966 ιι,
1757 3901 1864 3971 13).
1897 3901 2028 3955 Ideo

312 4005 447 4058 ergo
483 3987 600 4052 Dei,
628 3986 760 4057 quia
812 3991 963 4041 Deus
1015 3986 1068 4040 id
1095 3985 1368 4052 donavit;
1400 4002 1599 4041 eorum
1627 4005 1754 4043 vero
1788 3989 2026 4042 verbum

315 4077 534 4132 dictum
571 4083 674 4143 est,
700 4076 834 4147 quia
854 4075 964 4131 hoc
987 4075 1415 4145 praedicandum
1440 4075 1555 4131 illis
1581 4079 1729 4132 Deus
1755 4079 2026 4147 primitus

321 4183 386 4224 ac
420 4167 706 4239 praecipue
756 4164 1199 4222 commendavit.
1227 4167 1303 4220 Ac
1349 4181 1447 4236 per
1488 4166 1592 4221 huc
1625 4167 1800 4221 etiam
1823 4167 1919 4223 ille
1949 4167 2027 4224 la-

312 4261 402 4313 tro
427 4257 482 4310 in
518 4271 626 4311 sua
654 4256 767 4310 ﬁde
791 4255 1034 4310 verbum
1067 4269 1270 4310 eorum
1317 4254 1566 4310 habebat
1602 4272 1612 4308 :
1644 4257 1792 4326 quod
1822 4274 2021 4312 eorum

317 4351 616 4416 propterea
649 4344 871 4399 dictum
896 4347 1039 4404 erat,
1065 4342 1342 4414 quoniam
1368 4343 1800 4413 pradicandum
1831 4347 1900 4397 ad
1935 4360 2025 4399 eo-

309 4450 438 4488 rum
475 4434 731 4488 ofﬁcium
766 4433 1036 4504 primitus
1067 4450 1133 4488 ac
1167 4432 1451 4503 praecipue
1476 4431 1821 4503 pertinebat.
1855 4434 2021 4487 Deni-

318 4542 428 4598 que
460 4541 591 4580 cum
644 4539 908 4580 murmur
930 4525 1138 4578 factum
1171 4524 1413 4579 essetde
1447 4522 1768 4579 ministerio
1793 4539 2021 4579 mensa-

315 4632 444 4670 rum
480 4633 511 4668 a
541 4615 732 4670 viduis
765 4615 1465 4686 Graecorumfantequam
1497 4613 1705 4670 Paulus
1737 4613 2022 4671 credidis-

315 4710 400 4761 set
434 4706 490 4759 in
516 4705 804 4760 Christum
833 4723 846 4772 ;
878 4706 1306 4775 responderunt
1338 4707 1618 4776 Apostoli,
1655 4707 1752 4777 qui
1779 4706 2023 4762 Domino

313 4799 447 4851 ante
469 4794 832 4850 cohmserant
866 4811 878 4848 :
914 4796 1028 4851 Non
1078 4798 1155 4850 est
1203 4796 1403 4850 bonum
1451 4812 1547 4851 nos
1577 4798 1888 4866 relinquere
1910 4813 2022 4852 ver-

315 4889 437 4942 bum
467 4887 576 4949 Dei,
630 4889 678 4940 et
731 4885 1058 4940 ministrare
1084 4885 1292 4940 mensis
1327 4887 1462 4954 (Act.
1495 4887 1724 4958 vni-6).
1757 4889 1915 4942 Tunc
1937 4905 2024 4943 or-

311 4977 600 5032 dinandos
641 4975 918 5030 diaconos
951 4975 1348 5046 providerunt,
1384 4976 1587 5047 ιιρὶρεὶ
1611 4993 1644 5030 a
1667 4977 2019 5047 praedicandi

311 5069 467 5123 verbi
528 5070 910 5124 avocarentur
975 5066 1182 5121 ofﬁcio.
1236 5065 1399 5121 Unde
1449 5065 1657 5121 merito
1685 5066 1903 5121 dictum
1938 5077 2021 5123 est

315 5159 551 5214 verbum
604 5174 829 5227 eorum,
872 5158 1026 5229 quod
1078 5161 1165 5213 est
1215 5156 1448 5212 verbum
1510 5157 1666 5224 ﬁdei,
1719 5173 1816 5229 per
1869 5156 2021 5228 quod

315 5266 516 5303 omnes
549 5249 604 5304 in
627 5248 942 5318 Christum,
977 5249 1380 5318 undecumque
1413 5247 1464 5300 id
1491 5246 1802 5316 audierint,
1835 5245 2022 5302 credi-

313 5338 542 5398 derunt,
575 5335 661 5392 vel
701 5336 958 5393 audituri
1001 5345 1053 5392 et
1085 5335 1360 5392 credituri
1392 5339 1548 5390 sunt.
1576 5335 1720 5404 Ergo
1752 5333 1849 5390 illa
1898 5351 2024 5390 ora-

313 5433 465 5478 tione
500 5441 600 5493 pro
633 5427 908 5482 omnibus
959 5445 1103 5498 quos
1136 5426 1399 5494 redemit,
1435 5425 1553 5482 sive
1586 5435 1720 5480 tunc
1755 5426 1812 5480 in
1846 5442 2020 5482 carne

307 5513 578 5576 viventes,
603 5513 721 5568 sive
744 5523 943 5585 postea
969 5518 1217 5586 futuros,
1243 5518 1591 5587 Redemptor
1606 5519 1802 5573 noster
1816 5515 2018 5584 oravit,

310 5621 442 5665 cum
476 5619 686 5675 rogans
710 5623 809 5678 pro
839 5610 1130 5682 Apostolis
1162 5610 1260 5682 qui
1285 5627 1415 5668 eum
1441 5609 1538 5669 illo
1561 5616 1697 5668 tunc
1720 5617 1907 5679 erant,
1930 5612 2020 5667 ad-

2144 584 2257 640 alia
2293 589 2382 640 est
2409 585 2802 656 disputatione
2836 584 3232 638 tractandum.

2721 727 3138 784 TBACTATUS
3178 727 3285 784 CX.

2147 837 2219 891 De
2264 851 2323 890 eo
2379 836 2518 907 quod
2573 837 2838 906 sequitur,
2903 835 2973 890 Ut
3026 851 3224 890 omnes
3273 851 3458 892 unum
3525 837 3662 904 sint,
3731 847 3861 904 etc.,

2215 940 2379 995 usque
2407 925 2478 979 ad
2523 925 2600 991 id,
2626 925 2690 978 Et
2734 923 2985 980 dilexisti
3020 939 3140 990 eos,
3173 923 3328 980 sicut
3367 929 3425 980 et
3454 941 3549 982 me
3579 926 3856 984 dilexisti.

2217 1015 2344 1084 Cap.
2379 1030 2515 1080 xvn,
2550 1015 2604 1082 ᾖ.
2641 1014 2832 1068 21-23.

2222 1124 2266 1177 1.
2291 1121 2432 1175 Cum
2482 1119 2768 1176 Dominus
2805 1120 2980 1176 Jesus
3027 1125 3245 1176 orasset
3274 1136 3376 1192 pro
3401 1120 3702 1194 discipulis
3732 1125 3854 1179 suis

2145 1227 2289 1280 quos
2321 1214 2458 1266 tunc
2509 1225 2706 1265 secum
2759 1208 3032 1277 habebat,
3084 1213 3263 1280 atque
3319 1211 3684 1280 adjunxisset
3721 1229 3858 1268 suos

2143 1299 2308 1358 alios,
2361 1297 2581 1365 dicens,
2620 1298 2735 1353 Non
2783 1313 2880 1367 pro
2928 1299 3013 1353 his
3041 1304 3220 1354 autem
3253 1315 3384 1369 rogo
3427 1303 3663 1370 tantum,
3687 1303 3778 1356 sed
3807 1314 3861 1359 et

2141 1404 2238 1459 pro
2269 1390 2345 1444 eis
2377 1390 2470 1459 qui
2497 1388 2768 1443 credituri
2784 1397 2909 1444 sunt
2936 1405 3034 1460 per
3056 1389 3281 1444 verbum
3301 1405 3495 1445 eorum
3518 1392 3579 1445 in
3607 1406 3733 1456 me;
3756 1408 3860 1447 ve-

2143 1476 2663 1549 lutquaareremus,
2697 1477 2837 1550 quid
2862 1478 3145 1548 velquare
3178 1495 3277 1548 pro
3299 1477 3414 1534 illis
3446 1486 3697 1550 rogaret,
3721 1498 3859 1536 con-

2143 1566 2304 1623 tinuo
2327 1566 2654 1635 subintulit,
2687 1568 2884 1623 dicens
2917 1585 2929 1622 :
2959 1569 3021 1624 Ut
3050 1584 3232 1624 omnes
3255 1578 3439 1625 autem
3467 1568 3580 1624 sint
3599 1572 3742 1625 sicut
3775 1575 3860 1638 tu,

2143 1660 2331 1720 Pater,
2357 1658 2413 1708 in
2437 1670 2540 1721 me,
2565 1659 2614 1708 et
2644 1671 2737 1724 ego
2769 1657 2826 1708 in
2858 1661 2929 1720 te,
2953 1663 3012 1710 ut
3041 1663 3091 1709 et
3123 1655 3234 1726 ipsi
3255 1655 3317 1709 in
3339 1655 3498 1710 nobis
3523 1673 3694 1711 unum
3724 1657 3858 1726 sint,

2143 1743 2209 1798 Et
2244 1745 2511 1814 superius
2545 1760 2676 1798 cum
2711 1745 2901 1798 adhuc
2935 1761 3036 1815 pro
3063 1744 3206 1800 solis
3239 1745 3568 1815 discipulis,
3601 1763 3750 1816 quos
3783 1764 3859 1802 sc-

2143 1849 2273 1886 cum
2301 1832 2567 1901 habebat,
2593 1838 2782 1887 oraret
2805 1849 2815 1887 :
2846 1834 3014 1887 Pater
3033 1839 3240 1900 sancte,
3265 1833 3472 1902 inquit,
3499 1849 3657 1889 serva
3685 1852 3776 1890 eos
3800 1838 3857 1889 in

2141 1925 2360 1976 nomine
2389 1927 2480 1976 tuo
2511 1937 2640 1992 quos
2666 1921 2860 1977 dedisti
2879 1921 3043 1991 mihi,
3069 1929 3130 1978 ut
3160 1923 3275 1976 sint
3305 1939 3479 1977 unum
3509 1925 3655 1978 sicut
3677 1931 3729 1978 et
3762 1941 3858 1981 nos

2140 2012 2323 2082 (toan.
2376 2028 2511 2077 xvu,
2567 2013 2674 2082 11).
2712 2011 2824 2067 Hoc
2871 2026 3006 2083 ergo
3048 2027 3207 2068 nunc
3255 2012 3424 2068 etiam
3458 2017 3514 2068 et
3545 2029 3648 2084 pro
3685 2016 3858 2070 nobis

2142 2101 2378 2172 rogavit.
2416 2103 2568 2174 quod
2612 2106 2754 2156 tunc
2779 2117 2880 2172 pro
2907 2100 3044 2166 illis,
3082 2106 3392 2169 utomnes,
3428 2102 3533 2158 hoc
3563 2107 3653 2158 est
3675 2107 3731 2158 et
3754 2120 3858 2160 nos

2142 2195 2197 2244 et
2228 2189 2334 2256 illi,
2370 2206 2545 2246 unum
2579 2191 2786 2246 simus.
2820 2190 2928 2247 Ubi
2980 2191 3287 2263 diligenter
3317 2193 3731 2248 advertendum
3764 2200 3856 2249 est

2145 2299 2258 2338 non
2294 2282 2508 2338 dixisse
2540 2283 2876 2349 Dominum,
2913 2287 2978 2338 ut
3026 2299 3226 2338 omnes
3261 2299 3439 2338 unum
3478 2282 3702 2352 simus;
3731 2285 3854 2352 sed,

2145 2373 2206 2429 Ut
2239 2388 2422 2428 omnes
2447 2388 2622 2426 unum
2651 2373 2946 2439 sint,sicut
2977 2379 3052 2439 tu,
3073 2375 3265 2440 Pater,
3300 2374 3358 2426 in
3379 2389 3484 2438 me,
3518 2381 3570 2428 et
3598 2388 3695 2441 ego
3727 2376 3858 2428 inte

2142 2462 2650 2534 (eubintelligitur,
2686 2478 2864 2516 unum
2900 2477 3139 2528 sumus;
3165 2463 3320 2533 quod
3355 2463 3613 2534 apertius
3645 2462 3858 2518 dicitur

2142 2553 2366 2622 postea)
2401 2551 2570 2621 :quia
2603 2555 2658 2606 et
2691 2552 2853 2622 prius
2884 2551 3111 2607 dixerat
3154 2550 3225 2607 de
3251 2551 3557 2624 discipulis
3589 2554 3689 2624 qui
3721 2569 3855 2608 cum

2141 2639 2240 2695 illo
2273 2645 2458 2706 erant,
2488 2641 2550 2698 Ut
2579 2643 2686 2695 sint
2727 2657 2901 2695 unum
2949 2643 3090 2695 sicut
3128 2649 3179 2696 et
3203 2657 3320 2696 nos.
3355 2642 3743 2707 Quamobrem
3780 2644 3860 2697 ita

2142 2734 2230 2785 est
2267 2730 2428 2784 Pater
2461 2731 2516 2784 in
2571 2731 2733 2796 Filio,
2785 2735 2843 2784 et
2888 2730 3067 2784 Filius
3098 2731 3153 2784 in
3191 2729 3375 2796 Patre,
3410 2735 3474 2785 ut
3501 2747 3684 2785 unum
3720 2731 3857 2799 sint,

2141 2821 2279 2892 quia
2311 2821 2486 2875 unius
2518 2821 2858 2875 substantiae
2891 2829 3024 2876 sunt
3060 2837 3073 2874 :
3109 2837 3213 2875 nos
3234 2836 3368 2876 vero
3389 2837 3513 2876 esse
3547 2821 3852 2892 quidemin

2142 2913 2224 2967 eis
2251 2926 2584 2981 possumus,
2618 2927 2798 2966 unum
2842 2917 3036 2967 tamen
3067 2927 3198 2966 cum
3232 2911 3317 2966 eis
3347 2928 3475 2967 esse
3506 2928 3618 2967 non
3655 2929 3856 2982 possu-

2143 3015 2276 3055 mus
2301 3017 2313 3067 ;
2337 3000 2658 3070 quiaunius
2679 3000 3020 3055 substantia:
3053 3016 3159 3055 nos
3188 3005 3247 3055 et
3268 3000 3380 3072 ipsi
3404 3017 3515 3057 non
3541 3016 3771 3068 sumus,
3798 3003 3852 3056 in

2143 3094 2422 3162 quantum
2445 3089 2622 3146 Filius
2654 3107 2784 3145 cum
2808 3090 2978 3145 Patre
3001 3090 3153 3145 Deus
3175 3094 3284 3146 est.
3315 3089 3457 3146 Nam
3493 3091 3550 3146 in
3576 3096 3858 3160 quantum

2141 3179 2316 3235 homo
2347 3183 2456 3249 est,
2489 3180 2748 3249 ejusdem
2784 3178 3126 3234 substantiae
3141 3181 3411 3250 estcujus
3435 3183 3855 3235 etnossumus.

2139 3271 2247 3326 Sed
2282 3287 2437 3327 nunc
2469 3270 2614 3325 illud
2661 3270 2850 3342 potius
2882 3269 3060 3325 voluit
3091 3271 3522 3336 commendare,
3551 3271 3704 3340 quod
3742 3270 3856 3325 alio

2139 3358 2267 3415 loco
2317 3360 2419 3424 ait,
2465 3361 2569 3429 Ego
2594 3365 2648 3414 et
2700 3361 2866 3414 Pater
2900 3375 3073 3413 unum
3128 3375 3316 3414 sumus
3366 3358 3464 3428 (Id.
3497 3375 3553 3427 x,
3584 3359 3678 3427 30)
3708 3375 3721 3424 ;
3755 3359 3852 3413 ubi

2140 3449 2405 3504 eamdem
2441 3449 2624 3503 Patris
2656 3452 2713 3504 et
2735 3465 2900 3504 suam
2934 3448 3285 3521 significavit
3305 3463 3432 3504 esse
3457 3452 3748 3502 naturam.
3777 3450 3856 3503 Ac

2141 3556 2242 3611 per
2300 3539 2408 3594 hoc
2467 3546 2520 3593 et
2587 3555 2719 3593 cum
2769 3539 2825 3591 in
2871 3539 3042 3595 nobis
3085 3542 3224 3593 sunt
3255 3539 3418 3593 Pater
3446 3543 3502 3592 et
3533 3538 3737 3604 Filius,
3763 3538 3850 3593 vel

2141 3630 2309 3684 etiam
2342 3627 2614 3699 Sipiritus
2648 3632 2912 3696 sanctus,
2942 3645 3057 3684 non
3092 3628 3372 3683 debemus
3404 3643 3500 3683 eos
3531 3634 3737 3699 putare
3760 3645 3856 3682 na-

2139 3722 2278 3773 turm
2316 3719 2485 3773 unius
2518 3733 2642 3773 esse
2683 3719 3012 3773 nobiscum.
3045 3718 3138 3773 Sic
3172 3718 3364 3788 itaque
3396 3721 3535 3772 sunt
3566 3717 3622 3771 in
3659 3717 3852 3782 nobis,

2139 3809 2230 3863 vel
2263 3826 2364 3864 nos
2398 3810 2456 3864 in
2493 3809 2630 3873 illis,
2665 3813 2726 3863 ut
2759 3808 2838 3862 illi
2875 3825 3056 3863 unum
3088 3809 3206 3864 sint
3241 3809 3297 3862 in
3331 3813 3538 3863 natura
3569 3825 3697 3874 sua,
3741 3825 3848 3863 nos

2139 3916 2321 3955 unum
2357 3901 2414 3955 in
2446 3909 2656 3954 nostra.
2691 3901 2839 3954 Sunt
2868 3900 3084 3969 quippe
3117 3899 3224 3969 ipsi
3262 3899 3316 3952 in
3354 3897 3538 3963 nobis,
3562 3901 3845 3968 tanquam

2138 3989 2289 4045 Deus
2342 3990 2397 4044 in
2450 3989 2664 4060 templo
2693 4005 2835 4043 suo:
2870 4005 3062 4044 sumus
3093 3993 3287 4044 autem
3323 4005 3428 4044 nos
3455 3988 3512 4042 in
3548 3986 3687 4054 illis,
3721 3993 3843 4042 tan-

2135 4095 2307 4149 quam
2341 4085 2606 4134 creatura
2629 4079 2685 4132 in
2719 4079 2985 4133 Creatore
3018 4093 3143 4135 suo.

2204 4171 2256 4221 2.
2291 4168 2508 4223 Deinde
2526 4184 2649 4224 cum
2685 4166 2946 4233 dixisset,
2973 4168 3034 4224 Ut
3054 4174 3107 4222 et
3139 4168 3245 4237 ipsi
3265 4166 3324 4221 in
3351 4165 3499 4221 nobis
3524 4182 3693 4220 unum
3717 4168 3848 4234 sint,

2133 4258 2224 4328 adj
2237 4257 2414 4323 unxit,
2462 4259 2520 4314 Ut
2551 4256 2788 4311 mundus
2807 4257 3138 4327 credatquia
3166 4260 3226 4310 tu
3246 4271 3332 4310 me
3352 4256 3570 4310 misisti.
3597 4254 3745 4320 Quid
3761 4259 3848 4309 est

2131 4349 2718 4419 hoc?Numquidnam
2735 4356 2870 4404 tunc
2887 4347 3319 4406 erediturusest
3335 4346 3847 4417 mundus,quando

2133 4436 2191 4491 in
2219 4441 2382 4491 Patre
2413 4441 2466 4491 et
2503 4435 2642 4491 Filio
2678 4452 2848 4490 unum
2881 4452 3083 4491 omnes
3115 4436 3336 4489 erimus
3358 4434 3613 4488 ?Nonne
3637 4433 3740 4486 ista
3757 4438 3846 4485 est

2133 4543 2239 4597 pax
2271 4525 2369 4579 illa
2403 4535 2696 4596 perpetua,
2733 4533 2785 4580 et
2811 4526 3006 4597 potius
3039 4525 3168 4579 ﬁdei
3195 4539 3416 4580 merces
3447 4539 3619 4594 quam
3655 4521 3799 4575 ﬁdes
3817 4521 3844 4574 Ῥ

2133 4612 2322 4668 Unum
2357 4615 2512 4667 enim
2545 4613 2782 4678 erimus,
2819 4629 2930 4667 non
2964 4616 3028 4668 ut
3055 4613 3386 4677 credamus,
3423 4612 3519 4665 sed
3555 4609 3692 4680 quia
3721 4623 3840 4663 cre-

2132 4702 2406 4759 didimus.
2442 4703 2552 4758 Sed
2587 4701 2693 4757 etsi
2725 4703 2782 4756 in
2809 4703 2918 4758 hac
2939 4701 3050 4756 vita
3083 4705 3319 4774 propter
3349 4701 3533 4772 ipsam
3571 4713 3838 4754 commu-

2133 4809 2262 4849 nem
2295 4793 2487 4856 ﬁdem,
2521 4808 2722 4847 omnes
2745 4793 2838 4862 qui
2876 4791 2930 4846 in
2969 4806 3151 4845 unum
3178 4789 3493 4853 credimus,
3539 4804 3721 4843 unum
3747 4802 3840 4842 suv

2132 4901 2285 4948 mus,
2313 4883 2640 4954 juxtaillud
2671 4883 2948 4953 Apostoli,
2994 4882 3189 4937 Omnes
3209 4881 3357 4938 enim
3389 4896 3478 4936 vos
3501 4895 3673 4935 unum
3714 4880 3842 4934 estis

2129 4977 2190 5029 in
2221 4974 2435 5028 Christo
2466 4974 2590 5028 Iesu
2630 4971 2830 5043 (Galat.
2885 4988 2967 5038 ιιι,
2992 4972 3084 5043 28)
3109 4988 3122 5036 ;
3144 4968 3321 5026 etiam
3356 4969 3435 5028 sic
3470 4986 3581 5024 non
3618 4974 3681 5023 ut
3713 4984 3844 5023 crc—

2129 5063 2361 5126 damus,
2404 5062 2502 5116 sed
2537 5060 2674 5132 quia
2723 5060 3039 5129 credimus,
3075 5075 3255 5115 unum
3302 5075 3529 5114 sumus.
3565 5057 3718 5124 Quid
3747 5061 3842 5112 est

2127 5167 2284 5225 ergo,
2307 5154 2503 5208 Omnes
2525 5167 2696 5206 unum
2721 5153 2857 5217 sint,
2880 5155 2941 5205 ut
2969 5153 3207 5205 mundus
3234 5151 3424 5206 credat
3441 5154 3469 5203 ?
3488 5150 3502 5202 l
3510 5149 3596 5219 psi
3624 5148 3843 5219 quippe

2127 5259 2312 5301 omnes
2343 5242 2598 5298 mundus
2628 5246 2715 5298 est
2736 5240 2998 5297 credens.
3034 5240 3232 5312 Neque
3254 5240 3409 5296 enim
3444 5239 3538 5293 alii
3572 5243 3712 5293 sunt
3735 5238 3839 5308 qui

2128 5350 2311 5390 unum
2345 5337 2534 5399 erunt,
2567 5337 2624 5387 et
2670 5331 2822 5387 alius
2847 5334 2935 5387 est
2967 5332 3224 5386 mundus
3258 5333 3559 5400 propterea
3584 5328 3840 5382 creditu-

2129 5439 2248 5490 rus,
2282 5423 2420 5495 quia
2468 5421 2550 5477 illi
2585 5437 2766 5478 unum
2799 5423 3010 5488 erunt;
3044 5436 3177 5475 cum
3207 5420 3408 5493 procul
3444 5417 3622 5473 dubio
3654 5418 3723 5472 de
3747 5416 3841 5472 bis

2129 5516 2303 5580 dicat,
2341 5517 2400 5572 Ut
2445 5529 2629 5571 omnes
2671 5527 2846 5568 unum
2892 5512 3024 5578 sint,
3058 5512 3130 5567 de
3177 5509 3393 5583 quibus
3443 5509 3692 5575 dixerat,
3725 5507 3840 5562 Non

2129 5621 2228 5678 pro
2277 5605 2363 5660 his
2391 5613 2572 5661 autem
2604 5619 2736 5673 rogo
2759 5606 2995 5671 tantum,
3029 5601 3119 5657 sed
3148 5604 3197 5659 et
3221 5602 3326 5674 'pro
3357 5601 3432 5656 eis
3454 5597 3548 5671 qui
3571 5596 3843 5654 credituri
