4182 6198
320 306 472 367 1921

1498 305 1964 368 TRACTATUS
2012 305 2126 366 CX.
2150 305 2428 368 .CAPUT
2476 308 2661 371 XVII.

3691 322 3848 382 1922

314 448 440 501 sunt
460 460 559 517 per
588 444 812 501 verbum
830 459 1020 500 eorum
1042 444 1101 498 in
1124 459 1231 511 me,
1254 445 1530 501 continuo
1563 445 1945 518 subjungens,
1972 443 2037 501 Ut
2145 444 2320 500 etiam
2354 445 2531 503 tacito
2564 448 2752 513 Patre,
2768 463 2827 501 se
2857 448 2999 503 dicit
3030 450 3215 505 facere
3250 454 3403 523 quod
3434 453 3565 510 facit
3588 471 3719 513 cum
3753 461 3852 515 Pa-

315 551 500 592 omnes
550 552 725 591 unum
766 534 898 590 sint.
950 534 1049 589 Isti
1101 538 1297 589 autem
1346 550 1529 590 omnes
1579 536 1719 607 quid
1766 539 1873 601 est,
1917 533 2028 588 nisi

317 625 601 693 mundus,
636 642 750 679 non
787 624 1014 680 hostilis
1064 622 1285 694 utique,
1318 624 1417 680 sed
1456 624 1690 679 fidelis?
1721 623 1861 679 Nam
1897 638 2027 677 ecce

316 718 421 787 qui
451 717 696 783 dixerat,
728 717 845 772 Non.
884 732 984 786 pro
1030 716 1226 770 mundi
1256 731 1391 785 rogo
1440 715 1616 785 (toan.
1652 733 1787 782 xvu,
1817 716 1897 784 9),
1930 729 2027 783 pro

318 807 541 863 mundo
576 810 738 877 rogat
768 810 828 862 ut
857 808 1072 861 creJat.
1096 805 1376 869 Quoniam
1411 812 1500 861 est
1530 806 1781 861 mundus
1811 806 1883 860 de
1911 819 2025 875 quo

315 899 605 968 scriptum
629 901 720 952 est
742 911 757 953 :
780 897 855 952 Ne
883 912 1008 951 cum
1028 896 1126 951 hoc
1153 896 1355 952 mundo
1376 895 1702 951 damnemur
1729 896 1776 967 (Ι
1803 894 1927 952 Cor.
1946 911 2024 961 ιι,

315 987 429 1055 32).
463 987 570 1041 Pro
602 987 713 1042 isto
744 986 966 1041 mundo
999 1002 1112 1042 non
1146 990 1311 1057 rogat
1344 1002 1358 1040 :
1392 1000 1577 1056 neque
1619 987 1771 1040 enim
1805 1002 1921 1056 quo
1953 985 2030 1041 sit

319 1076 792 1147 praedestinatus,
822 1073 1072 1147 ignorat.
1110 1074 1175 1128 Et
1215 1078 1302 1130 est
1343 1075 1599 1129 mundus
1630 1074 1700 1129 de
1747 1090 1862 1145 quo
1888 1073 2034 1129 scri-

318 1170 486 1234 ptum
532 1167 642 1230 est,
675 1163 787 1219 Non
835 1165 982 1219 enim
1019 1166 1164 1218 venit
1213 1163 1385 1219 Filius
1436 1161 1679 1218 hominis
1724 1172 1784 1217 ut
1830 1163 2033 1233 iudicet

325 1254 622 1325 mundum,
652 1254 743 1311 sed
770 1260 831 1310 ut
860 1254 1108 1309 salvetur
1136 1253 1372 1309 mundus
1398 1270 1496 1325 per
1528 1255 1705 1325 ipsum
1737 1255 1910 1322 (toan.
1944 1269 2029 1320 ιιι,

322 1344 411 1415 i7)
447 1361 461 1398 :
494 1346 645 1400 unde
676 1350 731 1400 et
756 1344 1088 1414 Apostolus,
1115 1346 1278 1411 Deus,
1309 1343 1520 1415 inquit,
1552 1348 1669 1398 erat
1696 1345 1758 1398 in
1791 1343 2027 1410 Christo,

315 1432 559 1490 mundus
619 1435 976 1491 reconcilians
1030 1434 1141 1490 sibi
1195 1432 1265 1498 (II
1315 1434 1434 1489 Cor.
1494 1450 1547 1501 v,
1603 1432 1708 1505 19).
1760 1433 1868 1489 Pro
1920 1433 2028 1488 islo

319 1526 545 1581 mundo
573 1530 760 1597 rogat,
785 1525 1006 1594 dicens,
1031 1526 1095 1583 Ut
1114 1523 1353 1579 mundus
1373 1522 1560 1579 credat
1582 1525 1714 1595 quia
1734 1527 1796 1578 tu
1815 1538 1901 1579 me
1923 1524 2025 1578 mi-

315 1616 458 1671 sisti.
487 1615 594 1671 Per
622 1615 771 1671 hanc
791 1616 945 1671 enim
980 1614 1150 1672 fidem
1176 1616 1433 1670 mundus
1466 1612 1868 1671 reconciliatur
1888 1614 2026 1680 Deo,

317 1720 457 1761 cum
488 1703 672 1761 credit
701 1704 761 1760 in
793 1703 1087 1760 Christum
1130 1704 1229 1774 qui
1264 1708 1352 1760 est
1396 1703 1616 1759 missus
1645 1721 1677 1757 a
1711 1704 1840 1757 Deo.
1874 1704 2025 1768 Quo-

317 1793 492 1850 modo
523 1810 660 1866 ergo
691 1793 1042 1850 intellecturi
1074 1809 1282 1849 sumus
1313 1793 1468 1864 quod
1501 1792 1603 1858 ait,
1641 1792 1705 1849 Ut
1733 1796 1785 1848 et
1823 1793 1929 1862 ipsi
1967 1793 2024 1847 in

313 1885 477 1939 nobis
511 1900 685 1939 unum
712 1883 844 1950 sint,
869 1887 930 1939 ut
958 1881 1143 1939 credat
1165 1883 1402 1938 mundus
1430 1883 1562 1953 quia
1583 1890 1644 1936 tu
1673 1897 1760 1937 me
1789 1882 2024 1938 misisti:

316 1974 431 2029 nisi
454 1974 594 2045 quia
625 1990 737 2029 non
763 1974 821 2029 in
853 1990 918 2030 eo
940 1989 1179 2030 causam
1213 1972 1401 2044 posuit
1425 1977 1487 2028 ut
1517 1972 1715 2029 credat
1746 1971 2022 2031 mundus.

315 2063 453 2133 quia
484 2062 568 2117 illi
599 2079 782 2119 unum
815 2068 974 2132 sunt,
1006 2066 1288 2133 tanquam
1342 2060 1469 2117 ideo
1502 2061 1696 2116 credat
1739 2059 1895 2131 quod
1926 2076 2024 2116 eos

317 2167 442 2208 esse
473 2168 657 2208 unum
688 2152 882 2218 videt;
914 2169 1049 2209 eum
1081 2152 1206 2223 ipse
1238 2152 1488 2207 mundus
1519 2151 1641 2206 sint
1668 2166 1896 2217 omnes,
1926 2148 2024 2220 qui

315 2250 606 2306 credendo
636 2265 816 2305 unum
848 2250 995 2305 fiunt
1025 2265 1039 2305 :
1073 2249 1175 2305 sed
1224 2248 1443 2306 orando
1494 2247 1663 2309 dixit,
1689 2248 1754 2305 Ut
1782 2245 2023 2303 mundus

316 2346 537 2413 credat;
561 2348 707 2403 sicut
730 2348 949 2403 orando
970 2346 1135 2412 dixit,
1162 2348 1225 2404 Ut
1242 2362 1429 2403 omnes
1447 2362 1621 2402 unum
1641 2344 1782 2407 sint;
1804 2344 2022 2402 orando

316 2447 486 2515 dixit,
519 2448 586 2504 Ut
626 2453 681 2502 et
721 2447 830 2519 ipsi
876 2448 939 2502 in
976 2447 1131 2502 nobis
1164 2461 1336 2502 unum
1376 2448 1543 2501 sint?
1572 2445 1689 2501 Hoc
1735 2449 1826 2500 est
1865 2442 2023 2499 enim

314 2553 505 2593 omnes
534 2552 711 2593 unum
740 2540 876 2606 sint,
907 2539 1060 2609 quod
1091 2541 1180 2594 est
1208 2535 1446 2593 mundus
1473 2535 1665 2593 credat
1696 2553 1713 2590 :
1745 2534 2021 2606 quoniam

313 2636 603 2691 credendo
626 2651 809 2691 unum
837 2636 1016 2705 ﬁunt;
1044 2637 1290 2708 perfecte
1315 2652 1517 2705 unum,
1540 2635 1638 2707 qui
1663 2649 1794 2691 cum
1820 2637 2024 2689 natura

315 2737 516 2789 essent
546 2749 752 2805 unum,
778 2734 1175 2791 dissentiendo
1209 2736 1279 2791 ab
1311 2752 1426 2792 uno
1462 2752 1575 2791 non
1609 2740 1771 2791 erant
1815 2750 2017 2790 unum.

317 2831 577 2902 Denique
610 2834 657 2888 si
699 2834 939 2889 verbum
991 2832 1146 2906 quod
1185 2835 1283 2903 ait,
1312 2850 1460 2905 rogo,
1495 2834 1659 2890 tertio
1707 2833 2022 2891 subaudia-

317 2937 474 2988 mus,
509 2921 595 2977 vel
638 2923 827 2995 potius
876 2939 987 2994 quo
1033 2923 1261 2995 plenius
1304 2924 1419 2990 fiat,
1455 2925 1665 2995 ubique
1697 2940 2019 2995 ponamus;

313 3009 417 3064 erit
453 3009 632 3080 hujus
680 3012 959 3081 expositio
990 3012 1288 3067 sententia
1338 3012 1702 3068 manifestior
1735 3030 1747 3067 :
1779 3012 1931 3082 Rogo
1963 3019 2022 3068 ut

313 3124 505 3164 omnes
534 3125 707 3165 unum
751 3110 884 3181 sint,
916 3111 1055 3166 sicut
1084 3116 1144 3167 tu
1190 3111 1355 3167 Pater
1382 3111 1442 3166 in
1486 3127 1593 3178 me,
1628 3120 1677 3167 et
1714 3128 1809 3182 ego
1839 3114 1899 3167 in
1928 3121 1977 3168 te
2004 3127 2023 3167 :

322 3222 459 3278 rogo
481 3212 540 3263 ut
561 3216 613 3264 et
644 3207 753 3280 ipsi
772 3208 831 3263 in
852 3208 1007 3266 nobis
1031 3225 1200 3264 unum
1219 3211 1329 3267 sint
1348 3227 1366 3263 :
1398 3226 1536 3282 rogo
1559 3217 1619 3265 ut
1644 3210 1877 3266 mundus
1909 3226 2025 3267 cre-

309 3298 407 3353 dat
428 3299 564 3369 quia
588 3307 647 3354 tu
669 3314 753 3354 me
775 3299 1000 3355 misisti.
1029 3300 1157 3355 Ideo
1179 3301 1395 3373 quippe
1416 3300 1656 3367 addidit,
1682 3299 1837 3371 quod
1858 3301 2021 3369 dixit,

308 3389 366 3441 in
401 3387 580 3458 nobis,
614 3391 677 3443 ut
706 3389 857 3460 quod
893 3403 1075 3444 unum
1108 3388 1398 3445 efﬁcimur
1447 3389 1789 3446 fidelissima
1828 3389 2027 3445 chari-

309 3481 446 3541 tate,
481 3477 687 3548 gratia!
708 3475 806 3533 Dei
841 3477 1176 3534 noverimus
1201 3476 1573 3534 tribuendum
1608 3495 1757 3548 esse,
1782 3494 1897 3536 non
1919 3495 2024 3534 no-

309 3565 397 3620 bis
432 3582 445 3619 :
485 3566 640 3621 sicut
666 3558 978 3638 Apostolus
1007 3583 1143 3623 eum
1190 3568 1455 3635 dixisset,
1485 3570 1689 3625 Fuisti:
1734 3569 1883 3625 enim
1912 3569 2025 3626 ali-

308 3656 539 3727 quando
560 3655 812 3724 tenebrz,
834 3672 984 3712 nunc
1002 3663 1189 3713 autem
1212 3657 1332 3723 tux,
1355 3657 1544 3730 inquit
1566 3678 1582 3727 ;
1613 3664 1670 3714 et
1692 3676 1764 3715 ne
1784 3659 1891 3715 sibi
1918 3660 2024 3715 hoc

310 3743 660 3816 tribuerent,
690 3747 919 3818 adiecit,
949 3749 1009 3803 in
1040 3746 1269 3805 Domino
1291 3748 1502 3820 (Ephes.
1536 3766 1589 3817 v,
1622 3750 1700 3822 8).

380 3846 434 3899 3.
472 3845 689 3901 Deinde
717 3844 980 3903 Salvator
1011 3853 1205 3903 noster
1234 3848 1494 3919 rogando
1529 3848 1783 3916 Patrem,
1816 3865 1876 3906 se
1910 3852 2023 3907 ho-

312 3935 529 3991 minem
560 3935 1036 3992 demonstrabat:
1060 3952 1217 3992 nunc
1246 3936 1655 3995 demonstrans
1684 3942 1741 3994 et
1759 3939 2023 4011 seipsum

310 4022 588 4096 quoniam
622 4040 755 4081 cum
788 4025 949 4081 Patre
984 4029 1132 4082 Deus
1182 4030 1292 4096 est,
1326 4028 1507 4083 facere
1556 4030 1707 4099 quod
1743 4034 1929 4102 rogat,
1964 4031 2025 4087 Et

309 4129 431 4185 ego,
467 4113 682 4186 inquit,
727 4114 1043 4172 claritatem
1084 4132 1249 4188 quam
1294 4115 1496 4173 dedisti
1542 4116 1701 4184 mihi,
1723 4118 1849 4174 dedi
1884 4122 2025 4178 illis.

311 4206 496 4270 Quam
528 4201 875 4272 claritatem,
910 4204 1022 4260 nisi
1054 4205 1573 4276 immortalitatem,
1604 4224 1782 4279 quam
1814 4213 2029 4267 natura

314 4293 575 4349 humana
595 4292 655 4349 in
678 4291 778 4348 illo
804 4294 988 4350 fuerat
1011 4294 1366 4367 acceptura?
1397 4298 1541 4351 Nam
1562 4312 1665 4352 nec
1688 4295 1814 4369 ipse
1835 4298 2027 4356 adhuc

314 4384 619 4453 acceperat
646 4396 799 4451 eam,
831 4381 935 4438 sed
967 4398 1128 4438 more
1158 4398 1265 4439 suo
1295 4388 1531 4456 propter
1561 4384 2026 4443 immobilitatem

315 4472 869 4543 praedestinationis,
894 4471 1164 4543 prasteriti
1197 4473 1480 4547 temporis
1510 4475 1698 4531 verbis
1725 4475 1918 4532 futura
1947 4477 2028 4532 si-

315 4562 575 4634 gnificat,
602 4561 759 4633 quod
783 4577 933 4618 nunc
955 4561 1389 4630 clariﬁcandus,
1406 4562 1516 4619 hoc
1537 4568 1626 4620 est
1648 4566 2028 4621 suscitandus

316 4668 349 4707 a
379 4651 566 4720 Patre,
588 4655 647 4707 et
668 4651 793 4723 ipse
815 4652 893 4707 sit
915 4668 1020 4708 nos
1041 4651 1116 4707 ad
1136 4668 1263 4709 eam
1294 4652 1615 4709 claritatem
1639 4655 2028 4713 suscitaturus

312 4741 368 4797 i1
406 4741 543 4797 ﬁne.
577 4740 777 4797 Simile
807 4746 896 4798 est
924 4741 1034 4797 hoc
1064 4743 1117 4797 ei
1148 4744 1299 4816 quod
1330 4742 1468 4799 alibi
1499 4743 1657 4812 dicit,
1682 4743 1834 4801 Sicut
1866 4748 2031 4803 Pater

312 4834 542 4887 suscitat
573 4838 813 4888 mortuos
841 4838 896 4887 et
928 4832 1188 4904 viviﬁcat,
1210 4833 1289 4889 sic
1316 4838 1366 4890 et
1387 4833 1566 4891 Filius
1593 4851 1727 4908 quos
1744 4838 1863 4892 vult
1896 4840 2027 4894 vivi-

313 4922 463 4992 βίαι.
498 4920 565 4975 Et
611 4936 761 4993 quos,
796 4919 907 4977 nisi
957 4923 1187 4979 eosdem
1238 4939 1383 4993 quos
1430 4924 1637 4981 Pater?
1669 4927 2032 5001 Quzecumque

314 5013 467 5068 enim
495 5010 664 5067 Pater
690 5012 843 5081 facit,
876 5029 990 5069 non
1014 5013 1147 5080 alia,
1181 5019 1279 5069 sed
1311 5013 1427 5069 hac
1465 5018 1515 5070 et
1544 5015 1720 5072 Filius
1741 5035 1761 5083 ;
1788 5033 1892 5074 nec
1920 5018 2030 5074 ali-

318 5105 428 5171 ter,
462 5099 565 5157 sed
608 5099 881 5158 similiter
924 5104 1058 5173 facit
1107 5103 1289 5175 (Joan.
1324 5120 1376 5171 ν,
1408 5105 1498 5173 21,
1534 5105 1641 5177 19).
1678 5107 1759 5161 Ac
1794 5124 1892 5177 per
1920 5107 2030 5165 hoc

316 5188 629 5249 suscitavit
658 5198 708 5246 et
741 5191 999 5263 seipsum
1032 5192 1199 5247 etiam
1235 5192 1378 5263 ipse.
1425 5193 1567 5250 Nam
1595 5194 1729 5250 inde
1764 5202 1872 5262 est,
1904 5195 2030 5253 Sot-

315 5286 424 5339 vite
454 5278 725 5350 templum
756 5279 877 5348 hoc,
903 5280 1110 5353 inquit,
1134 5291 1183 5337 et
1215 5283 1273 5336 in
1308 5282 1493 5339 triduo
1520 5287 1853 5341 resuscitabo
1884 5285 2035 5343 illud

318 5372 420 5441 (Id.
454 5386 520 5436 ιι,
557 5368 661 5431 19).
698 5370 945 5426 Proinde
989 5371 1445 5429 immortalitatis
1474 5373 1819 5441 claritatem,
1855 5392 2030 5445 quam

318 5462 430 5517 sibi
455 5478 490 5515 a
521 5459 691 5515 Patre
720 5459 918 5517 datam
942 5461 1099 5529 dicit,
1120 5461 1295 5517 etiam
1327 5461 1451 5534 ipse
1473 5463 1584 5520 sibi
1618 5464 1846 5520 deJisse
1873 5466 2035 5521 intel-

321 5550 591 5615 ligendus
622 5552 731 5617 est,
752 5548 857 5604 etsi
886 5567 997 5606 non
1020 5550 1178 5606 dicit.
1206 5551 1335 5606 Ide)
1366 5552 1577 5624 quippe
1602 5554 1812 5625 saepius
1839 5553 2030 5609 solum

322 5645 555 5695 Patrem
590 5636 776 5692 facere
825 5638 963 5693 dicit
990 5639 1139 5708 quod
1173 5646 1228 5696 et
1259 5641 1384 5711 ipsc
1418 5641 1551 5696 facit
1583 5658 1711 5697 cum
1750 5647 1937 5707 Patre,
1973 5646 2035 5697 ut

322 5724 615 5801 quidquid
648 5726 738 5780 est
769 5723 820 5780 ei
852 5725 1062 5783 lribuat
1089 5726 1158 5783 de
1187 5741 1302 5800 quo
1332 5733 1440 5787 est.
1475 5728 1585 5785 Sed
1618 5733 1676 5785 et
1721 5726 2035 5801 aliquando

2147 537 2277 589 tre:
2314 541 2377 589 ut
2415 536 2815 606 intelligamus
2861 536 2942 593 ita
2992 539 3196 596 Filium
3250 557 3361 597 non
3393 559 3427 597 a
3474 544 3664 599 Patris
3713 564 3851 618 ope-

2142 637 2201 677 re
2248 625 2664 697 separandum,
2700 628 2933 698 quando
2984 644 3045 685 se
3090 632 3262 686 tacito
3296 630 3523 688 Patrem
3567 634 3706 690 dicit
3738 637 3845 691 ali-

2139 713 2275 782 quid
2308 715 2573 785 operari;
2607 718 3105 789 quemadmodum
3132 736 3234 774 nec
3265 720 3433 776 Pater
3452 725 3525 779 ab
3556 740 3726 791 opere
3751 725 3847 780 Fi-

2139 802 2199 856 lii
2223 807 2795 877 sepsratur,quando
2822 807 2945 877 ipso
2965 808 3137 864 tacito
3163 809 3340 865 Filius
3365 813 3589 883 operari
3613 813 3848 883 dicitur,

2136 895 2289 963 quod
2326 896 2711 952 nihilominus
2744 897 2959 967 pariter
2990 904 3326 970 cperantur.
3363 903 3504 959 Cum
3535 918 3670 975 ergo
3704 908 3853 960 tacet

2142 983 2323 1040 Filius
2346 986 2403 1040 in
2437 1001 2606 1058 opere
2628 986 2813 1042 Patris
2834 988 3226 1058 operationem
3251 1006 3439 1057 suam,
3462 992 3850 1049 humilitatem

2141 1076 2532 1142 commendat,
2560 1078 2713 1132 utsit
2740 1077 2907 1131 nobis
2931 1078 3220 1133 salubrior
3244 1096 3257 1134 :
3283 1096 3412 1135 cum
3437 1096 3571 1137 vero
3597 1082 3849 1138 vicissim

2142 1162 2199 1217 iu
2227 1180 2397 1233 opere
2446 1182 2553 1220 suo
2605 1171 2755 1221 tacet
2804 1167 3200 1236 operationem
3256 1166 3461 1237 Patris,
3498 1169 3847 1242 parilitatem

2138 1268 2304 1307 suam
2348 1255 2738 1320 commendat,
2775 1270 2845 1309 ne
2889 1256 3160 1311 credatur
3210 1255 3470 1312 interior.
3505 1258 3619 1313 Isto
3670 1258 3850 1330 igitur

2140 1342 2311 1397 modo
2335 1348 2391 1397 ct
2420 1342 2671 1398 hocloco
2705 1361 2808 1399 nec
2839 1360 2902 1398 se
2934 1344 3069 1398 facit
3096 1344 3350 1399 alienum
3384 1346 3621 1403 aPatris
3652 1364 3844 1418 opere,

2137 1448 2169 1501 q
2183 1430 2408 1485 uainvis
2427 1431 2653 1501 dixerit,
2679 1432 3001 1487 Claritatem
3021 1448 3184 1502 quam
3204 1432 3403 1487 dedisti
3422 1434 3560 1489 mihi
3580 1454 3603 1501 ;
3633 1436 3772 1508 quia
3791 1441 3849 1493 et

2135 1519 2259 1589 ipse
2307 1519 2467 1575 dedit
2494 1536 2622 1576 eam
2673 1520 2784 1577 sibi
2822 1536 2963 1576 :nec
3013 1522 3241 1576 Patrem
3293 1523 3430 1578 facit
3477 1524 3732 1581 alienum
3775 1529 3850 1581 ab

2134 1625 2306 1680 Opere
2346 1625 2473 1677 suo,
2507 1612 2778 1681 quamvis
2827 1611 3059 1680 dixerit,
3090 1610 3215 1668 dedi
3260 1614 3375 1681 eis;
3408 1613 3551 1685 quia
3599 1619 3657 1670 et
3685 1618 3857 1672 Pater

2134 1688 2295 1754 illam
2328 1699 2484 1756 dedit
2513 1701 2617 1757 eis.
2649 1701 3061 1771 [nseparabilia
3090 1718 3338 1773 namque
3361 1707 3501 1759 sunt
3530 1720 3702 1775 opera
3736 1721 3850 1761 non

2134 1788 2324 1844 solum
2357 1788 2543 1844 Patris
2591 1794 2650 1846 et
2693 1789 2838 1856 Filii,
2872 1806 3068 1846 verum
3115 1793 3293 1847 etiam
3336 1793 3586 1862 Spiritus
3631 1795 3842 1851 sancti.

2131 1876 2287 1932 Sicut
2318 1881 2512 1933 autem
2541 1894 2607 1934 ex
2629 1894 2695 1934 eo
2729 1878 2885 1951 quod
2917 1881 3147 1935 Patrem
3175 1898 3275 1952 pro
3308 1882 3430 1937 suis
3448 1883 3725 1938 omnibus
3759 1899 3850 1939 ro-

2130 1966 2308 2038 gavit,
2333 1967 2443 2023 hoc
2465 1968 2587 2024 ﬁeri
2615 1967 2816 2036 voluit,
2842 1970 2904 2027 Ut
2936 1985 3119 2025 omnes
3146 1987 3316 2026 unum
3346 1974 3458 2027 sint
3479 1990 3498 2028 :
3530 1971 3607 2028 ita
3636 1991 3707 2057 9x
3735 1974 3846 2031 hoc

2133 2057 2309 2112 etiam
2339 2074 2445 2113 suo
2477 2057 2758 2115 beneﬁcio
2790 2058 2943 2129 quod
2974 2060 3074 2129 ait,
3104 2061 3428 2117 Claritatem
3457 2078 3622 2136 quam
3651 2063 3849 2119 dedisti
3906 2062 3907 2065 “

2130 2144 2295 2215 mihi,
2325 2146 2450 2202 dedi
2491 2150 2590 2216 eis,
2622 2147 2677 2203 id
2714 2149 2839 2205 ﬁeri
2869 2148 3256 2206 nihilominus
3289 2150 3504 2222 voluit;
3540 2169 3672 2208 nam
3706 2169 3847 2208 con-

2130 2235 2296 2292 tinuo
2343 2237 2669 2307 subjunxit,
2723 2238 2789 2295 Ut
2836 2240 2947 2293 sint
2998 2255 3192 2307 unum,
3241 2243 3380 2297 sicut
3429 2247 3482 2296 et
3528 2257 3623 2298 nos
3670 2259 3846 2298 unum

2129 2342 2336 2383 sumus.

2202 2417 2255 2471 4.
2287 2415 2504 2473 Deinde
2554 2416 2781 2473 addidit
2814 2434 2827 2473 :
2861 2419 2972 2488 Ego
3002 2418 3062 2473 in
3083 2421 3181 2487 eis,
3206 2425 3255 2474 et
3300 2429 3360 2476 tu
3410 2422 3466 2475 in
3506 2435 3611 2491 me,
3638 2426 3701 2476 ut
3728 2422 3839 2478 sint

2126 2509 2492 2563 consummati
2508 2511 2565 2564 in
2613 2525 2807 2565 unum.
2834 2507 2939 2565 Ubi
2974 2525 3035 2565 se
3077 2508 3450 2567 mediatorem
3482 2510 3632 2567 inter
3652 2513 3839 2568 Deum

2130 2601 2187 2651 et
2214 2595 2480 2653 homines
2529 2597 2781 2653 breviter
2826 2596 3147 2653 intimavit.
3184 2598 3386 2669 Neque
3438 2600 3593 2656 enim
3619 2600 3729 2657 hoc
3762 2600 3845 2657 ita

2130 2683 2350 2741 dictum
2381 2691 2488 2753 est,
2524 2690 2802 2758 tanquam
2835 2687 3006 2743 Pater
3040 2702 3153 2741 non
3186 2686 3263 2741 sit
3296 2687 3352 2742 in
3380 2687 3568 2756 nobis,
3601 2692 3701 2745 aut
3733 2706 3842 2747 nos

2132 2770 2190 2828 in
2225 2777 2392 2830 Patre
2425 2792 2538 2831 non
2570 2777 2790 2844 simus;
2826 2793 2959 2831 cum
2991 2785 3047 2831 et
3075 2775 3187 2831 alio
3220 2776 3342 2832 loco
3388 2777 3616 2844 dixerit,
3654 2779 3839 2835 Venie-

2130 2879 2250 2919 mus
2280 2864 2352 2920 ad
2380 2882 2529 2931 eum,
2558 2871 2611 2920 et
2640 2869 2982 2923 mansionem
3027 2865 3172 2938 apud
3200 2882 3326 2922 eum
3365 2869 3635 2937 faciemus
3662 2870 3845 2936 (Joan.

2131 2966 2245 3021 xiv,
2276 2952 2369 3024 25)
2404 2959 2502 3009 :et
2544 2954 2637 3011 hic
2688 2954 2854 3026 paulo
2903 2960 3035 3012 ante
3088 2972 3202 3011 non
3250 2955 3477 3023 dixerit,
3509 2958 3618 3026 Ego
3662 2958 3722 3011 in
3764 2959 3843 3013 eis

2132 3046 2183 3095 et
2211 3048 2270 3097 tu
2300 3045 2358 3095 in
2388 3057 2491 3110 me,
2525 3044 2677 3114 quod
2710 3044 2853 3098 dixit
2885 3045 3095 3111 modo;
3130 3051 3253 3114 aut,
3290 3045 3407 3115 ipsi
3438 3045 3494 3101 in
3528 3061 3620 3101 me
3652 3053 3705 3101 et
3734 3061 3841 3117 ego

2134 3133 2191 3188 in
2225 3137 2280 3187 te
2304 3148 2317 3198 ;
2352 3132 2477 3199 sed,
2505 3133 2578 3187 Tu
2607 3134 2665 3187 in
2686 3147 2772 3187 me
2800 3139 2853 3188 et
2882 3149 2978 3202 ego
3002 3136 3060 3187 in
3092 3140 3163 3200 te,
3186 3140 3243 3188 et
3274 3136 3378 3206 ipsi
3400 3137 3457 3190 in
3485 3135 3657 3192 nobis.
3679 3137 3843 3202 Quod

2131 3236 2268 3292 ergo
2302 3237 2457 3278 nunc
2487 3221 2588 3292 ait,
2621 3222 2729 3291 Ego
2761 3223 2816 3275 in
2849 3225 2925 3278 eis
2961 3225 3012 3278 et
3040 3230 3105 3279 tu
3137 3226 3195 3278 in
3232 3240 3343 3290 me,
3369 3224 3454 3281 ita
3483 3226 3702 3283 dictum
3752 3230 3843 3282 est

2132 3326 2201 3366 ex
2249 3326 2491 3381 persona
2539 3309 2886 3378 Mediatoris,
2938 3310 3091 3367 sicut
3136 3310 3284 3367 illud
3333 3312 3478 3383 quod
3528 3315 3844 3385 Apostolus

2133 3400 2236 3465 ait,
2283 3400 2373 3455 Vos
2422 3399 2641 3466 Christi,
2693 3398 2942 3454 Christus
2990 3414 3116 3455 vero
3176 3402 3273 3456 Dei
3320 3401 3365 3467 (Ι
3418 3400 3537 3456 Cor.
3588 3417 3675 3472 iii,
3726 3403 3843 3472 23).

2133 3489 2294 3554 Quod
2345 3506 2477 3546 vero
2523 3487 2764 3556 addidit,
2800 3489 2860 3545 Ut
2888 3491 2997 3544 sint
3042 3493 3413 3545 consummati
3440 3492 3498 3544 in
3524 3506 3716 3559 unum,
3748 3507 3846 3547 os—

2132 3579 2323 3635 tendit
2352 3595 2417 3635 eo
2452 3577 2686 3650 perduci
2736 3578 3288 3649 reconciliationem,
3322 3594 3452 3651 quae
3490 3579 3554 3634 iit
3583 3595 3685 3651 per
3715 3579 3842 3635 Me-

2131 3670 2438 3740 diatorem,
2470 3675 2534 3725 ut
2560 3669 2807 3740 perfecta
2843 3669 3221 3737 beatitudine,
3253 3672 3346 3726 cui
3372 3671 3495 3741 jam
3528 3670 3674 3726 nihil
3702 3687 3837 3743 pos-

2133 3758 2213 3814 sit
2262 3758 2458 3830 adjici,
2510 3758 2894 3831 perfruamur.
2929 3757 3094 3815 Unde
3141 3759 3201 3814 id
3248 3760 3404 3831 quod
3452 3761 3736 3831 sequitur,
3774 3762 3842 3816 Ut

2132 3855 2422 3918 cognoscat
2441 3848 2677 3904 mundus
2707 3850 2839 3920 quia
2862 3855 2921 3903 tu
2948 3863 3035 3904 me
3062 3851 3283 3920 misisti,
3308 3865 3422 3906 non
3453 3849 3539 3906 sic
3557 3850 3843 3923 accipien-

2132 3941 2272 3995 dum
2306 3942 2465 4010 puto,
2498 3942 2776 4009 tanquam
2825 3938 3037 3994 iterum
3087 3938 3318 4009 dixerit,
3348 3939 3414 3997 Ut
3461 3938 3652 3996 credat
3686 3958 3850 3996 mun-

2132 4027 2233 4084 dus
2261 4043 2280 4088 :
2310 4027 2622 4099 aliquando
2652 4028 2807 4085 enim
2841 4032 2899 4084 et
2945 4043 3293 4100 cognoscere
3327 4046 3429 4101 pro
3459 4044 3526 4087 eo
3574 4031 3729 4101 quod
3762 4039 3851 4088 est

2133 4117 2363 4173 credere
2396 4116 2653 4189 ponitur,
2684 4121 2747 4173 ut
2772 4122 2862 4174 est
2909 4117 3065 4190 quod
3100 4119 3181 4173 ait
3210 4118 3514 4190 aliquanto
3545 4121 3843 4191 superius,

2137 4212 2200 4265 Et
2229 4215 2591 4279 cognoverunt
2622 4224 2744 4264 vere
2762 4209 2892 4280 quia
2923 4224 2957 4262 a
2987 4215 3038 4263 te
3065 4210 3232 4273 exivi,
3255 4215 3307 4263 et
3338 4207 3691 4264 crediderunt
3721 4211 3851 4279 quia

2136 4304 2199 4353 tu
2257 4312 2342 4353 me
2387 4299 2588 4353 misisti
2640 4297 2827 4369 (Joau.
2877 4312 3011 4363 xvn,
3061 4295 3136 4366 8).
3190 4296 3307 4352 Hoc
3354 4296 3501 4352 dixit
3558 4296 3849 4366 posterius

2135 4385 2504 4449 crediderunt,
2538 4387 2692 4457 quod
2727 4386 2888 4456 prius
2928 4386 3153 4442 dixerat
3179 4392 3576 4454 cognoverunt.
3610 4385 3721 4442 Sed
3755 4383 3851 4440 hic

2137 4477 2616 4549 quandoquidem
2645 4477 2714 4531 de
2758 4474 3260 4531 consummatione
3291 4475 3572 4546 loquitur,
3605 4473 3735 4531 talis
3764 4477 3852 4529 est

2140 4564 2520 4635 intelligenda
2570 4562 2843 4636 cognitio,
2886 4562 3075 4634 qualis
3123 4563 3230 4618 erit
3274 4577 3378 4635 per
3424 4561 3704 4633 speciem,
3735 4577 3851 4617 non

2139 4654 2332 4726 qualis
2364 4670 2518 4711 nunc
2567 4658 2658 4709 est
2707 4670 2810 4725 per
2855 4653 3052 4708 fidem.
3085 4651 3230 4708 Nam
3279 4652 3507 4709 videtur
3535 4652 3677 4709 ordo
3723 4667 3852 4708 esse

2139 4748 2403 4807 servatus
2435 4744 2491 4798 in
2516 4759 2582 4800 eo
2613 4743 2767 4815 quod
2802 4741 2975 4813 paulo
3021 4747 3155 4799 ante
3184 4742 3351 4811 dixit,
3380 4742 3443 4801 Ut
3474 4742 3661 4800 credat
3689 4758 3853 4798 mun-

2138 4833 2278 4899 dus;
2352 4833 2448 4889 hic
2507 4836 2724 4900 autem,
2781 4832 2845 4889 Ut
2899 4835 3182 4903 cognoscat
3238 4832 3495 4888 mundus.
3555 4833 3639 4889 Ibi
3697 4831 3854 4889 enim

2139 4922 2408 4995 quamvis
2458 4920 2687 4989 dixerit,
2741 4922 2804 4979 Ut
2849 4936 3037 4977 omnes
3080 4938 3259 4979 unum
3305 4923 3437 4991 sint,
3485 4924 3544 4977 et
3596 4922 3656 4976 in
3700 4919 3855 4975 nobis

2139 5031 2313 5071 unum
2342 5016 2473 5077 sint,
2498 5028 2615 5069 non
2644 5012 2723 5067 ait
2754 5016 2971 5080 tamen,
2994 5012 3117 5067 Sint
3146 5013 3514 5068 consummati
3540 5012 3602 5065 in
3630 5025 3803 5065 unum
3827 5028 3866 5078 ,ί

2140 5109 2311 5172 atque
2358 5103 2438 5159 ita
2484 5101 2817 5166 subnexuit,
2859 5100 2923 5159 Ut
2969 5101 3155 5157 credat
3196 5098 3431 5156 mundus
3479 5101 3611 5169 quia
3658 5104 3717 5154 tu
3764 5115 3851 5155 me

2141 5194 2348 5248 misisti
2371 5209 2389 5247 :
2410 5192 2500 5248 hic
2522 5208 2675 5257 vero,
2704 5190 2767 5249 Ut
2788 5194 2918 5259 sint,
2936 5190 3145 5260 inquit,
3169 5190 3537 5245 consummati
3556 5190 3615 5242 in
3634 5204 3803 5243 unum
3828 5206 3845 5247 ;

2142 5266 2208 5338 ac
2257 5282 2465 5338 deinde
2510 5297 2625 5337 non
2674 5279 2923 5347 addidit,
2959 5280 3022 5337 Ut
3066 5280 3251 5334 credat
3303 5277 3558 5348 mundus,
3610 5278 3731 5339 sed.
3783 5278 3851 5335 Ut

2142 5378 2436 5441 εορηοθοιιτ
2466 5368 2703 5425 mundus
2750 5372 2875 5439 quia
2910 5375 2970 5423 tu
2998 5383 3085 5423 me
3129 5370 3353 5423 misisti.
3386 5366 3646 5434 Quandiu
3694 5367 3848 5423 enim

2142 5461 2436 5517 credimus
2458 5457 2614 5530 quod
2647 5474 2759 5513 non
2786 5457 3071 5523 videmus,
3096 5458 3354 5512 nondum
3376 5472 3584 5512 sumus
3612 5455 3691 5512 ita
3716 5472 3855 5515 con-

2144 5548 2448 5617 summati,
2480 5546 2975 5619 quemadmodum
3025 5546 3240 5602 erimus
3280 5562 3413 5602 cum
3465 5544 3851 5603 meruerimus

2143 5637 2335 5693 videre
2365 5637 2518 5708 quod
2567 5636 2883 5694 credimus.
2921 5635 3254 5692 Rectissime
3302 5634 3477 5708 igitur
3512 5635 3617 5703 ibi,
3655 5634 3716 5691 Ut
3746 5650 3859 5690 cre-

2143 5725 2238 5783 dat
2265 5724 2545 5791 mandus;
2575 5724 2688 5795 hic,
2726 5724 2792 5782 Ut
2820 5731 3103 5798 cognoscat
3148 5728 3387 5782 mundus
3417 5743 3437 5783 :
3467 5731 3660 5782 tamen
3691 5727 3757 5779 et.
3777 5722 3857 5783 ibi
