4182 6198
337 329 490 388 1923

337 469 391 517 et
441 465 554 531 hic,
597 464 724 535 quia
770 468 830 516 tu
861 477 948 515 me
995 458 1228 518 misisti;
1262 461 1326 510 ut
1373 454 1705 509 noverimus
1753 451 2040 522 quantum

337 555 587 624 pertinet
615 555 684 608 ad
718 553 903 608 Patris
933 555 991 605 et
1023 548 1147 603 Filii
1175 545 1621 618 inseparabilem
1671 541 2038 607 charitatem,

334 644 444 698 hoc
476 661 582 700 nos
612 643 783 699 modo
832 642 1064 696 credere
1094 637 1246 709 quod
1282 635 1577 691 tendimus
1626 630 1911 688 credendo
1941 645 2038 684 co-

334 748 630 802 gnoscere.
653 731 713 787 Si
735 735 926 785 autem
952 728 1190 795 diceret,
1217 725 1289 780 Ut
1319 725 1675 794 cognoscant
1696 720 1834 792 quia
1866 723 1925 772 tu
1954 731 2042 772 me

335 821 550 876 misisti
583 838 597 875 :
629 819 992 876 tantumdem
1036 815 1248 871 valeret
1280 816 1566 885 quantum
1619 810 1723 864 hoc
1755 807 1907 879 quod
1938 806 2039 873 ait,

339 910 402 966 Ut
446 914 733 980 cognoscat
780 897 1038 963 mundus.
1073 904 1188 976 Ipsi
1236 909 1377 959 sunt
1415 903 1568 957 enim
1622 898 1899 964 mundus,
1924 911 2040 950 non

335 1017 682 1071 permanens
711 998 1009 1064 inimicus,
1041 996 1229 1068 qualis
1256 999 1346 1050 est
1387 991 1648 1048 mundus
1677 983 2039 1045 damnationi

334 1090 778 1160 przedestinatus
804 1103 818 1156 ;
852 1087 952 1143 sed
985 1102 1051 1141 ex
1081 1085 1318 1140 inimico
1342 1084 1560 1138 amicus
1584 1079 1845 1142 elfectus,
1871 1090 2040 1146 prop-

333 1184 413 1232 ter
444 1193 616 1249 quem
660 1179 804 1233 Deus
833 1181 952 1232 erat
984 1177 1043 1229 in
1094 1174 1306 1229 Christo
1356 1169 1627 1225 mundum
1673 1164 2040 1222 reconcilians

329 1265 455 1320 sibi.
480 1267 613 1320 Ideo
643 1265 808 1333 dixit,
833 1265 940 1334 Ego
972 1263 1030 1318 in
1051 1265 1144 1330 eis,
1169 1267 1219 1317 et
1252 1270 1312 1316 tu
1329 1262 1389 1315 in
1417 1275 1504 1314 me
1524 1275 1545 1314 .°
1574 1262 1856 1327 tanquam
1880 1252 2040 1307 dice-

333 1362 435 1421 ret,
465 1355 578 1425 Ego
610 1355 668 1409 in
691 1355 776 1410 eis
808 1357 873 1410 ad
896 1369 1041 1426 quos
1074 1351 1283 1407 misisti
1308 1366 1429 1415 me;
1464 1353 1519 1403 et
1549 1352 1608 1402 tu
1633 1347 1689 1401 in
1723 1359 1836 1414 tne,
1862 1358 2034 1397 mun-

332 1445 472 1499 dum
503 1443 882 1500 reconcilians
914 1444 1017 1497 tibi
1050 1458 1150 1512 per
1181 1455 1287 1495 me.

401 1536 455 1588 5.
510 1534 818 1605 Propterea
866 1534 1134 1604 sequitur
1190 1532 1357 1586 etiam
1405 1529 1549 1583 illud
1612 1526 1764 1598 quod
1829 1523 1927 1588 ait,
1974 1523 2036 1575 Et

331 1623 580 1678 dilexisti
609 1639 694 1679 eos
723 1625 866 1678 sicut
895 1630 948 1676 et
979 1638 1064 1677 me
1104 1618 1368 1676 dilexisti.
1403 1619 1464 1672 In
1501 1617 1644 1672 Filio
1686 1615 1899 1687 quippe
1929 1625 2037 1665 nos

331 1713 499 1769 Pater
529 1714 740 1786 diligit,
765 1715 904 1784 quia
935 1714 990 1768 in
1014 1713 1141 1784 ipso
1173 1728 1277 1767 nos
1307 1710 1476 1778 elegit
1507 1713 1643 1762 ante
1676 1701 2038 1760 constitutio-

333 1819 462 1858 nem
501 1806 703 1860 mundi
739 1804 959 1876 (Ephes.
987 1822 1022 1871 ι,
1060 1804 1133 1873 4).
1158 1801 1263 1866 Qui
1316 1801 1469 1854 enim
1521 1797 1712 1868 diligit
1758 1791 2035 1864 Unigeni-

332 1898 478 1960 tum,
510 1895 764 1965 profecto
807 1892 998 1963 diligit
1025 1898 1081 1947 et
1114 1891 1377 1945 membra
1409 1890 1538 1959 ejus
1585 1903 1712 1958 quae
1744 1881 2036 1952 adeptavit

329 1983 386 2037 in
414 1999 547 2038 eum
598 1998 700 2054 per
744 1997 896 2038 eum.
929 1983 1041 2037 Nec
1079 1981 1208 2036 ideo
1261 1996 1426 2051 pares
1479 1993 1687 2034 sumus
1736 1971 2033 2043 unigenito

329 2070 474 2126 Filio
517 2087 621 2143 per
650 2089 819 2143 quem
870 2072 1044 2127 creati
1078 2076 1135 2125 et
1175 2069 1413 2125 recreati
1446 2073 1461 2103 ¹
1495 2081 1736 2132 sumus;
1770 2063 1908 2134 quia
1945 2062 2033 2115 di-

329 2167 487 2217 ctum
519 2165 630 2228 est,
661 2161 919 2217 Dilexisti
948 2176 1033 2216 eos
1079 2162 1218 2215 sicut
1244 2168 1294 2214 et
1324 2175 1431 2214 me.
1464 2157 1659 2227 Neque
1696 2153 1853 2209 enim
1886 2167 2031 2208 sem-

328 2267 426 2320 per
455 2250 840 2321 equalitatem
875 2249 1190 2321 signiﬁcat,
1222 2249 1318 2321 qui
1370 2248 1529 2316 dicit,
1561 2245 1721 2301 Sicut
1751 2242 1916 2310 illud,
1952 2242 2031 2296 ita

326 2345 382 2396 et
404 2339 545 2395 illud
581 2356 595 2396 :
628 2340 727 2396 sed
756 2341 1069 2412 aliquando
1100 2344 1352 2407 tantum,
1375 2337 1516 2403 Quia
1547 2339 1637 2391 est
1667 2332 1834 2400 illud,
1858 2335 1949 2386 est
1977 2333 2033 2384 et

325 2427 509 2495 illud;
539 2433 658 2495 aut,
691 2430 834 2494 Quia
864 2435 952 2486 est
998 2429 1163 2494 illud,
1200 2435 1260 2483 ut
1290 2427 1367 2483 sit
1396 2431 1452 2482 et
1494 2424 1660 2481 illud.
1693 2422 1834 2485 Quis
1873 2419 2028 2475 enim

326 2517 536 2573 dixerit
563 2534 628 2574 eo
661 2535 893 2589 prorsus
933 2519 1106 2573 modo
1150 2517 1209 2571 in
1244 2517 1527 2572 mundum
1560 2530 1592 2568 a
1622 2512 1850 2567 Christo
1877 2512 2030 2578 Apo-

325 2607 504 2660 stolos
538 2608 767 2673 missos,
800 2609 1091 2678 quomodo
1133 2611 1221 2661 est
1250 2607 1371 2676 ipse
1411 2604 1627 2659 missus
1659 2618 1691 2655 a
1722 2598 1936 2655 Patre?
1960 2596 2032 2652 Ut

323 2695 476 2748 enim
525 2695 668 2750 alias
721 2704 932 2750 taceam
982 2695 1354 2759 dill‘erentias,
1387 2709 1527 2762 quas
1576 2703 2032 2746 commemorare

325 2786 565 2856 longum
600 2791 710 2852 est,
744 2787 904 2841 missi
951 2789 1090 2840 sunt
1119 2789 1272 2840 certe
1319 2783 1400 2838 illi
1435 2797 1566 2836 cum
1604 2781 1728 2850 jam
1761 2778 2029 2833 homines

325 2881 558 2946 essent;
595 2877 809 2932 missus
839 2880 927 2932 est
957 2881 1147 2930 autem
1179 2876 1301 2944 ipse
1331 2880 1393 2928 ut
1423 2872 1595 2927 homo
1625 2873 1776 2925 esset
1811 2885 1824 2923 :
1856 2872 1912 2922 et
1940 2872 2026 2921 ta-

326 2980 455 3019 men
517 2968 787 3037 superius
839 2966 939 3034 ait,
966 2964 1120 3020 Sicut
1171 2979 1258 3019 me
1311 2961 1515 3018 misisti
1542 2963 1602 3015 in
1657 2959 1946 3023 mundum,
1977 2962 2030 3010 et

322 3071 416 3124 ego
458 3055 586 3110 misi
632 3070 721 3111 eos
765 3057 821 3110 in
871 3053 1135 3110 mundum
1177 3055 1357 3123 (Joan.
1390 3068 1524 3120 xvu,
1558 3051 1644 3122 18)
1684 3069 1696 3118 ;
1743 3054 2024 3120 tanquam

321 3145 560 3215 diceret,
592 3144 738 3209 Quia
786 3144 1000 3200 misisti
1034 3160 1146 3212 me,
1173 3143 1305 3198 misi
1339 3158 1455 3198 eos.
1489 3141 1574 3196 lta
1622 3145 1678 3195 et
1725 3139 1831 3194 hoc
1881 3137 2026 3202 loco,

322 3235 572 3291 Dilexisti
617 3251 726 3302 eos,
769 3234 981 3305 inquit,
1031 3235 1175 3289 sicut
1223 3250 1312 3289 me
1359 3231 1649 3295 dilexisti;
1681 3229 1831 3300 quod
1883 3225 2022 3281 nihil

320 3323 477 3378 aliud
511 3327 598 3378 est
645 3339 843 3394 quam,
876 3321 1129 3378 Dilexisti
1175 3337 1296 3392 eos,
1329 3320 1602 3392 quoniam
1653 3323 1709 3373 et
1741 3333 1830 3372 me
1876 3315 2024 3370 dile-

315 3411 471 3466 xisti.
507 3412 632 3468 Non
662 3412 818 3467 enim
851 3412 1114 3467 membra
1145 3410 1272 3467 Filii
1306 3427 1420 3466 non
1453 3410 1718 3479 diligeret
1759 3405 1858 3477 qui
1891 3404 2023 3460 dili-

316 3504 401 3573 git
424 3502 629 3560 Filiu’m
656 3521 671 3572 ;
705 3509 805 3559 aut
827 3503 939 3559 alia
969 3519 1148 3559 causa
1166 3507 1255 3558 est
1283 3500 1562 3573 diligendi
1595 3498 1852 3555 membra
1873 3498 2023 3568 ejus,

317 3592 426 3646 nisi
460 3593 599 3664 quia
648 3592 841 3665 diligit
876 3607 1033 3648 eum.
1068 3590 1183 3647 Sed
1227 3589 1416 3661 diligit
1449 3587 1654 3645 Filium
1700 3587 2019 3643 secundum

315 3679 701 3747 divinitatem,
733 3681 867 3752 quia
897 3681 1100 3752 genuit
1131 3680 1293 3736 illum
1337 3678 1615 3750 aequalem
1650 3676 1760 3732 sibi
1788 3694 1802 3744 ;
1834 3675 2024 3746 diligit

313 3788 445 3826 eum
478 3771 651 3826 etiam
679 3770 1002 3826 secundum
1036 3773 1092 3826 id
1127 3771 1279 3842 quod
1312 3769 1487 3825 homo
1518 3773 1624 3834 est,
1659 3768 1796 3840 quia
1826 3767 2018 3840 ipsum

315 3859 679 3929 unigenitum
709 3857 962 3914 Verbum
994 3874 1127 3914 caro
1159 3860 1375 3914 factum
1407 3864 1516 3926 est,
1539 3863 1593 3912 et
1625 3863 1860 3930 propter
1888 3856 2023 3911 Ver-

314 3949 450 4000 bum
502 3952 588 4001 est
631 3947 682 4001 ei
731 3947 909 4001 chara
953 3946 1122 4002 Verbi
1173 3963 1305 4002 caro
1353 3963 1366 4001 :
1418 3964 1521 4002 nos
1571 3953 1757 4002 autem
1809 3946 2016 4017 diligit,

315 4035 591 4106 quoniam
646 4051 856 4092 sumus
913 4039 1044 4106 ejus
1112 4037 1372 4091 membra
1431 4051 1599 4107 quem
1669 4035 1906 4108 diligit;
1967 4041 2022 4092 et

314 4126 421 4180 hoc
455 4131 517 4181 ut
564 4142 845 4188 essemus,
880 4131 1119 4200 propter
1168 4127 1275 4184 hoc
1309 4143 1413 4182 nos
1457 4127 1655 4183 dilexit
1704 4134 2015 4199 antequam

311 4233 598 4275 essemus.

379 4308 434 4361 6.
466 4308 828 4380 Quapropter
875 4307 1482 4379 incomprehensibilis
1526 4312 1614 4364 est
1644 4305 1872 4362 dilectio
1904 4325 2020 4378 qua

310 4395 502 4468 diligit
533 4397 708 4467 Deus,
743 4412 924 4468 neque
973 4397 1284 4454 mutabilis.
1317 4397 1438 4452 Non
1476 4396 1632 4452 enim
1681 4412 1747 4452 ex
1803 4411 1919 4467 quo
1967 4395 2018 4450 ei

312 4486 670 4542 reconciliati
698 4502 908 4543 sumus
942 4503 1043 4559 per
1065 4487 1413 4559 sanguinem
1449 4485 1574 4541 Filii
1597 4486 1744 4556 ejus,
1772 4501 1875 4541 nos
1906 4501 2018 4540 cce-

311 4575 393 4646 pit
425 4576 702 4648 diligere;
738 4577 836 4634 sed
867 4582 1002 4633 ante
1053 4578 1255 4633 mundi
1294 4577 1771 4633 constitutionem
1819 4574 2020 4631 dilexit

312 4682 439 4734 nos,
468 4669 529 4720 ut
560 4682 690 4721 cum
725 4667 852 4737 ejus
884 4667 1192 4739 Unigenito
1225 4668 1396 4724 etiam
1429 4685 1535 4723 nos
1566 4667 1666 4722 filii
1701 4667 1825 4737 ejus
1857 4682 2016 4724 ease-

310 4770 461 4819 mus,
494 4755 838 4825 priusquam
870 4756 1109 4811 omnino
1147 4757 1363 4828 aliquid
1387 4755 1850 4820 essemus.Quod
1883 4772 2016 4827 ergo

311 4843 664 4900 reconciliati
712 4861 920 4900 sumus
955 4851 1065 4902 Deo
1113 4863 1214 4917 per
1259 4850 1500 4903 mortem
1551 4845 1678 4901 Filii
1719 4847 1867 4915 ejus,
1900 4862 2016 4901 non

310 4934 395 4989 sic
426 4933 721 5002 audiatur,
746 4949 860 4989 non
895 4936 978 4990 sic
1002 4934 1345 5006 accipiatur,
1367 4935 1532 5006 quasi
1553 4936 1679 4990 ideo
1701 4951 1804 4989 nos
1824 4922 2018 4990 recon-

310 5025 591 5083 ciliaverit
619 5025 669 5080 ei
700 5023 900 5089 Filius.
933 5030 997 5080 ut
1018 5026 1140 5097 jam
1169 5025 1449 5098 inciperet
1479 5039 1674 5080 amare
1704 5041 1851 5095 quos
1882 5025 2016 5081 ode-

309 5120 426 5187 rat;
462 5116 616 5173 sicut
645 5114 1055 5172 reconciliatur
1082 5113 1355 5170 inimicus
1389 5114 1646 5185 inimico,
1699 5119 1764 5169 ut
1806 5114 2016 5171 deinde

311 5206 426 5262 sint
449 5208 644 5276 amici,
674 5214 727 5263 et
757 5207 997 5264 invicem
1032 5205 1279 5278 diligant
1307 5205 1408 5277 qui
1459 5205 1696 5261 oderant
1726 5205 1970 5262 invicem
1996 5221 2012 5262 :

311 5298 408 5351 sed
434 5297 556 5366 jam
592 5313 698 5353 nos
727 5297 984 5368 diligenti
1017 5296 1366 5353 reconciliati
1399 5311 1603 5352 sumus
1630 5296 1702 5364 ei,
1735 5311 1866 5351 cum
1898 5312 2014 5367 quo

312 5390 545 5456 propter
563 5393 859 5460 peccatum
879 5387 1218 5445 inimicitias
1235 5387 1613 5444 habebamus.
1632 5386 1794 5451 Quod
1815 5390 2013 5442 utrum

311 5487 513 5530 verum
573 5476 784 5548 dicam,
844 5481 1150 5534 attestetur
1217 5476 1582 5550 Apostolus:
1635 5474 2013 5545 Commendat,

374 5718 396 5754 ι
420 5712 478 5766 In
507 5711 680 5770 editis,
700 5712 1036 5766 reconciliati.
1066 5717 1133 5768 At
1163 5728 1286 5766 vero
1320 5717 1464 5773 Mal.
1494 5719 1730 5768 recreati.

1293 317 1368 377 IN
1415 313 1732 378 JOANNIS
1780 306 2308 375 EVANGELIUM,
2360 310 2425 372 S.
2472 307 2898 373 AUGUSTINI

3703 311 3862 370 1924

2151 445 2366 516 inquit,
2399 448 2746 504 dilectionem
2774 462 2928 502 suam
2977 445 3111 500 Deus
3137 446 3196 499 in
3229 447 3400 512 nobis,
3435 447 3696 516 quoniam
3735 464 3861 502 cum.

2150 536 2328 591 adhuc
2352 545 2656 607 peccatores
2704 551 2965 604 essemus,
2999 534 3241 590 Christus
3280 551 3379 606 pro
3408 536 3566 591 nobis
3611 542 3862 591 mortuus

2153 634 2236 682 est
2262 628 2435 690 (Rom.
2462 645 2514 697 ν,
2546 629 2598 698 8,
2631 627 2709 698 9).
2744 627 3004 682 Habebat
3049 627 3246 698 itaque
3285 626 3382 681 ille
3413 642 3546 698 erga
3575 644 3681 683 nos
3711 628 3860 683 cha-

2152 717 2409 782 ritatem,
2449 718 2622 773 etiam
2652 733 2785 772 cum
2816 715 3157 771 inimicitias
3199 717 3505 771 adversum
3540 733 3670 772 eum
3706 733 3862 772 exer-

2153 810 2347 861 centes
2371 821 2742 877 operaremur
2762 805 3164 875 iniquitatem:
3191 809 3246 860 et
3269 813 3460 860 tamen
3485 807 3536 860 ei
3560 807 3863 861 verissime

2149 895 2369 950 dictum
2419 900 2529 961 est,
2561 895 2762 962 Odisti,
2798 896 3034 959 Domine,
3070 909 3252 950 omnes
3282 896 3386 964 qui
3419 902 3722 966 operantur
3746 898 3832 950 ini
3843 927 3859 937 -

2149 989 2410 1058 quitatem
2458 987 2640 1059 (Psat.
2679 1003 2734 1055 v,
2766 987 2844 1058 7).
2899 985 3146 1041 Proinde
3189 985 3337 1041 miro
3385 990 3441 1041 et
3487 987 3681 1042 divino
3731 1003 3856 1042 mo-

2148 1078 2222 1132 do
2253 1083 2309 1133 et
2340 1080 2567 1148 quando
2593 1094 2696 1134 nos
2728 1079 2942 1146 oderat,
2969 1077 3281 1148 diligebat:
3312 1078 3512 1133 oderat
3542 1078 3692 1133 enim
3724 1094 3853 1145 nos,

2149 1167 2354 1237 quales
2378 1169 2497 1241 ipse
2523 1185 2636 1224 non
2660 1168 2911 1234 fecerat;
2945 1173 3001 1222 et
3031 1169 3168 1238 quia
3190 1166 3467 1238 iniquitas
3497 1175 3689 1222 nostra
3708 1183 3855 1238 opus

2148 1259 2274 1328 ejus
2306 1275 2417 1315 non
2449 1259 2606 1314 omni
2641 1276 2708 1314 ex
2736 1264 2894 1328 parte
2926 1262 3394 1328 consumpserat,
3421 1264 3659 1313 noverat
3680 1259 3852 1313 simul

2147 1348 2205 1403 in
2240 1365 2589 1421 unoquoque
2641 1355 2908 1404 nostrum
2959 1352 3016 1403 et
3060 1348 3256 1404 odisse
3307 1349 3453 1419 quod
3509 1349 3855 1413 feceramus,

2147 1443 2202 1492 et
2233 1455 2424 1493 amare
2453 1438 2608 1508 quod
2659 1438 2886 1492 fecerat.
2924 1437 2989 1491 Et
3038 1437 3144 1491 hoc
3189 1436 3422 1507 quidem
3473 1436 3531 1490 in
3582 1435 3858 1490 omnibus

2148 1527 2393 1598 intelligi
2444 1531 2634 1598 potest
2683 1529 2754 1581 de
2802 1526 2921 1594 illo,
2964 1526 3057 1580 cui
3111 1525 3390 1580 veraciter
3438 1526 3671 1592 dicitur,
3703 1523 3858 1580 Nihil

2146 1618 2314 1672 odisti
2367 1632 2552 1672 eorum
2610 1633 2727 1690 qua
2783 1615 2964 1687 fecisti
3020 1617 3172 1686 (Sap.
3231 1632 3309 1682 χι,
3350 1616 3460 1685 25).
3517 1614 3639 1670 Non
3699 1614 3854 1669 enim

2145 1709 2545 1778 quodcumque
2575 1707 2796 1762 odisset
2826 1722 2948 1760 esse
2977 1707 3273 1770 voluisset,
3298 1709 3396 1759 aut
3426 1705 3667 1760 omnino
3705 1711 3856 1759 esset

2147 1799 2297 1867 quod
2347 1797 2711 1868 omnipotens
2753 1812 2880 1851 esse
2933 1794 3237 1861 noluisset,
3271 1794 3382 1849 nisi
3426 1800 3482 1849 et
3514 1797 3566 1848 in
3601 1809 3666 1848 eo
3698 1794 3850 1864 quod

2144 1887 2285 1951 odit,
2311 1891 2463 1940 esset
2491 1886 2666 1941 etiam
2692 1885 2849 1957 quod
2882 1892 3121 1941 amaret.
3152 1883 3353 1939 Merito
3383 1883 3598 1954 quippe
3629 1883 3774 1950 odit,
3793 1886 3850 1938 et

2143 1975 2301 2030 velut
2331 1993 2362 2029 a
2392 1975 2588 2048 regula
2637 1992 2756 2030 suae
2786 1977 2926 2030 artis
2968 1973 3221 2029 alienum
3273 1974 3563 2044 improbat
3594 1973 3796 2028 vitium
3833 1988 3849 2029 :

2143 2070 2304 2120 amat
2325 2074 2514 2121 tamen
2550 2082 2723 2119 suum
2762 2065 2934 2120 etiam
2968 2064 3026 2118 in
3058 2063 3282 2118 vitiosis
3311 2062 3399 2118 vel
3431 2063 3728 2117 sanatione
3760 2061 3853 2116 be-

2143 2155 2438 2223 neﬁcium,
2461 2153 2542 2211 vel
2576 2153 2947 2210 damnatione
2970 2152 3263 2224 judicium
3300 2154 3339 2206 ¹.
3367 2153 3454 2207 Ita
3482 2152 3742 2222 _Deus,et
3772 2153 3852 2206 ni-

2145 2247 2220 2302 hil
2255 2248 2375 2302 odit
2415 2262 2608 2302 eorum
2645 2262 2768 2317 quas
2812 2245 2942 2300 fecit
2975 2261 2990 2300 :
3023 2248 3364 2300 naturarum
3405 2244 3583 2310 enim,
3616 2260 3730 2299 non
3761 2243 3850 2297 vi-

2141 2337 2348 2393 tiorum
2380 2335 2665 2405 conditor,
2699 2334 2854 2391 mala
2876 2351 3004 2406 qua:
3036 2335 3176 2400 odit,
3202 2335 3322 2406 ipse
3352 2351 3466 2389 non
3501 2335 3631 2389 fecit
3656 2349 3669 2398 ;
3699 2341 3753 2388 et
3780 2334 3849 2388 de

2142 2426 2315 2482 malis
2343 2427 2559 2483 eisdem
2593 2426 2679 2481 vel
2729 2425 2988 2481 sanando
3021 2442 3088 2481 ea
3120 2441 3220 2497 per
3250 2423 3730 2490 misericordiam,
3765 2424 3845 2479 vel

2138 2516 2460 2575 ordinando
2509 2515 2943 2588 perjudicium.
2977 2516 3130 2571 bona
3177 2519 3313 2570 sunt
3359 2516 3482 2584 ipsa
3513 2530 3641 2586 quae
3691 2514 3845 2569 facit.

2140 2609 2280 2661 Cum
2315 2607 2490 2678 igitur
2519 2621 2717 2662 eorum
2751 2622 2878 2677 quas
2913 2605 3042 2660 fecit
3075 2603 3218 2659 nihil
3268 2604 3475 2670 oderit,
3509 2603 3642 2674 quis
3673 2603 3850 2673 digne

2141 2695 2322 2766 possit
2342 2695 2549 2765 eloqui,
2575 2701 2860 2767 quantum
2885 2694 3088 2765 diligat
3113 2693 3375 2748 membra
3397 2691 3685 2762 Unigeniti
3711 2690 3800 2745 sui
3832 2708 3845 2757 ;

2139 2789 2195 2841 et
2216 2789 2428 2856 quanto
2448 2784 2714 2856 amplius
2739 2784 2930 2857 ipsum
2966 2783 3360 2854 Unigenitum,
3389 2782 3443 2836 in
3480 2797 3589 2850 quo
3614 2781 3848 2836 condita

2139 2880 2279 2930 sunt
2309 2875 2505 2929 omnia
2537 2872 2783 2928 visibilis
2814 2878 2870 2928 et
2901 2873 3236 2941 invisibilia,
3271 2887 3398 2941 quae
3432 2871 3486 2924 in
3522 2870 3646 2925 suis
3677 2885 3846 2940 gene-

2140 2966 2303 3020 ribus
2334 2963 2596 3019 ordinata
2620 2961 3048 3018 ordinatissime
3079 2960 3311 3031 diligit?
3341 2958 3596 3014 Membra
3628 2959 3850 3030 quippe

2138 3053 2429 3125 Unigeniti
2463 3054 2528 3108 ad
2567 3051 2914 3124 Angelorum
2947 3056 3282 3106 sanctorum
3315 3048 3694 3120 aequalitatem
3719 3065 3848 3119 gra-

2137 3142 2227 3197 tia:
2252 3160 2368 3197 sua:
2391 3141 2656 3214 largitate
2690 3141 2982 3212 perducit:
3015 3139 3354 3209 Unigenitus
3387 3147 3575 3192 autem
3610 3153 3743 3193 cum
3769 3139 3847 3193 sit

2135 3232 2420 3288 Dominus
2450 3233 2740 3299 omnium,
2772 3229 2968 3302 procul
3002 3229 3178 3285 dubio
3218 3235 3307 3285 est
3338 3229 3618 3284 Dominus
3649 3229 3842 3299 Angeo

2135 3321 2346 3389 lorum,
2383 3327 2587 3378 natura
2619 3339 2732 3393 qua
2785 3321 2932 3375 Deus
2965 3325 3074 3389 est,
3109 3337 3220 3375 non
3270 3318 3522 3390 Angelis,
3557 3319 3654 3373 sed
3690 3317 3842 3372 Patri

2134 3415 2327 3484 potius
2356 3411 2594 3483 aequalis
2622 3429 2635 3478 ;
2661 3412 2846 3483 gratia
2877 3427 3007 3466 vero
3058 3426 3170 3482 qua
3206 3409 3377 3464 homo
3420 3413 3525 3475 est,
3556 3408 3844 3478 quomodo

2133 3518 2248 3556 non
2280 3501 2501 3556 excedit
2548 3500 2944 3555 excellentiam
2995 3497 3303 3568 cujuslibet
3356 3496 3565 3567 angeli,
3601 3513 3731 3550 cum
3767 3495 3843 3551 sit

2134 3608 2249 3646 una
2283 3607 2527 3662 persona
2556 3591 2749 3646 carnis
2781 3594 2835 3643 et
2872 3589 3039 3643 Verbi
3060 3589 3087 3642 ‘?

2200 3683 2253 3736 7.
2291 3682 2633 3751 Quanquam
2691 3695 2805 3734 non
2855 3677 3048 3733 desint
3097 3678 3402 3750 quietiam
3457 3692 3560 3731 nos
3605 3674 3841 3744 Angelis

2134 3776 2476 3846 praeferant;
2513 3774 2647 3843 quia
2672 3789 2773 3844 pro
2800 3771 2988 3829 nobis,
3019 3770 3313 3841 inquiunt,
3341 3785 3452 3824 non
3478 3785 3580 3840 pro
3605 3766 3841 3838 Angelis

2133 3871 2402 3920 mortuus
2425 3869 2511 3919 est
2533 3864 2816 3919 Christus.
2846 3863 2903 3916 ld
2929 3862 3068 3933 quid
3104 3865 3192 3916 est
3223 3859 3399 3924 aliud,
3435 3875 3609 3930 quam
3645 3857 3843 3913 deim-

2133 3951 2344 4024 pietate
2392 3952 2537 4007 velle
2609 3950 2841 4022 gloriari
2865 3949 2890 4004 ’ἓ
2932 3950 3156 4005 Etenim
3222 3949 3489 4012 Christus,
3543 3949 3696 4003 sicut
3760 3949 3838 4001 ait

2131 4040 2455 4111 Apostolus,
2479 4042 2653 4111 juxta
2685 4044 2894 4110 tempus
2920 4055 3019 4110 pro
3053 4037 3240 4108 impiis
3276 4045 3524 4091 mortuus
3551 4043 3626 4090 est
3659 4035 3833 4106 (37m.

2131 4147 2184 4200 ν,
2211 4130 2288 4201 6).
2324 4130 2423 4185 Hic
2455 4146 2590 4201 ergo
2623 4146 2736 4184 non
2774 4129 3045 4184 meritum
3082 4131 3370 4190 nostrum,
3404 4127 3502 4181 sed
3537 4126 3634 4180 Dei
3670 4127 3838 4179 mise-

2133 4221 2376 4279 ricordia
2422 4219 2886 4277 commendatur.
2922 4219 3066 4274 Nam
3101 4217 3270 4289 quale
3315 4227 3399 4272 est
3441 4217 3566 4271 ideo
3601 4232 3661 4270 se
3691 4213 3840 4269 velle

2127 4313 2377 4383 laudari,
2409 4313 2545 4384 quia
2577 4311 2713 4367 vitio
2745 4327 2851 4367 suo
2897 4315 3011 4366 tam
3058 4308 3481 4366 detestabiliter
3517 4306 3836 4378 tegrutavit,

2132 4407 2194 4460 ut
2225 4419 2337 4459 non
2370 4404 2564 4473 posset
2593 4399 2760 4456 aliter
2790 4415 2958 4469 quam
2992 4399 3196 4454 medici
3233 4402 3412 4453 morte
3440 4394 3681 4452 sanari?
3708 4394 3832 4448 Non

2129 4499 2216 4548 est
2241 4493 2360 4547 haec
2393 4496 2723 4546 nostrorum
2757 4489 2943 4562 gloria
3001 4488 3362 4555 meritorum,
3397 4488 3496 4542 sed
3551 4483 3831 4540 medicina

2131 4581 2481 4637 morborum.
2520 4585 2604 4635 An
2653 4581 2777 4635 ideo
2830 4596 2933 4633 nos
2987 4579 3351 4650 praeferimus
3405 4574 3662 4646 Angelis,
3700 4574 3835 4644 quia

2129 4688 2263 4728 cum
2297 4675 2353 4726 et
2386 4669 2573 4741 angeli
2625 4669 3005 4740 peccaverint,
3040 4665 3184 4722 nihil
3218 4668 3302 4721 eis
3336 4666 3447 4721 tale
3482 4664 3635 4718 unde
3665 4680 3837 4718 sana—

2127 4767 2329 4818 rentur
2358 4761 2692 4832 impcnsum
2727 4757 2861 4814 est?
2893 4758 3068 4824 Quasi
3101 4757 3320 4828 aliquid
3355 4757 3436 4810 eis
3469 4755 3556 4810 vel
3591 4768 3831 4826 parvum

2127 4852 2299 4907 fuerit
2347 4850 2700 4922 impensum,
2733 4853 2788 4903 et
2834 4848 2996 4905 nobis
3046 4847 3320 4918 amplius.
3355 4845 3513 4911 Quod
3549 4845 3593 4898 si
3628 4849 3684 4898 et
3718 4843 3828 4898 hoc

2127 4941 2342 4997 factum
2375 4947 2548 5008 esset,
2584 4939 2771 4994 adhuc
2799 4938 2980 5008 quaeri
3013 4941 3206 5007 posset
3239 4941 3433 4990 utrum
3469 4934 3594 4988 ideo
3628 4933 3830 4988 fuisset

2125 5031 2366 5096 factum,
2400 5029 2552 5100 quod
2588 5034 2935 5084 steteramus
2983 5025 3380 5091 excellentius,
3416 5041 3487 5078 an
3540 5024 3694 5095 quod
3727 5023 3828 5075 de-

2124 5119 2416 5192 speratius
2439 5119 2801 5189 jacebamus.
2834 5116 2976 5172 Cum
3011 5132 3136 5172 vero
3170 5114 3501 5171 noverimus
3540 5113 3826 5167 bonorum

2124 5208 2385 5266 omnium
2426 5209 2753 5264 Creatorem
2804 5206 3142 5279 reparandis
3193 5203 3416 5276 angelis
3466 5201 3633 5258 malis
3681 5198 3826 5255 nihil

2121 5301 2315 5372 gratiae
2348 5298 2685 5366 contulisse,
2719 5313 2822 5353 cur
2855 5314 2965 5352 non
3020 5295 3212 5368 potius
3250 5293 3634 5365 intelligimus
3666 5290 3818 5361 quod

2119 5392 2279 5446 tanto
2327 5387 2714 5444 damnabilior
2741 5402 2942 5444 eorum
2985 5387 3243 5458 judicata
3272 5386 3346 5439 sit
3378 5386 3567 5452 culpa,
3600 5386 3820 5452 quanto

2121 5486 2242 5535 erat
2274 5483 2482 5536 natura
2505 5477 2812 5535 sublimior
2831 5477 2860 5532 ‘?
2888 5477 3074 5532 Tanto
3104 5477 3259 5531 enim
3287 5475 3479 5529 minus
3507 5485 3684 5543 quam
3719 5484 3825 5525 nos

2183 5657 2202 5691 ί
2224 5653 2312 5704 Sic
2343 5655 2462 5704 Mss.
2489 5656 2622 5704 Editi
2646 5668 2774 5704 vero
2808 5666 2818 5700 :
2845 5648 3149 5702 Sonutionis
3171 5647 3492 5711 beneﬁcium,
3521 5643 3820 5692 veldamna

2120 5718 2279 5770 tionis
2299 5717 2583 5782 judicium.
