4182 6198
239 333 400 393 1925

241 485 476 541 peccrre
526 468 878 531 debuerunt,
913 469 1132 536 quanto
1184 465 1453 521 meliores
1493 463 1660 519 nobis
1693 464 1950 519 fuerunt.

241 559 410 614 Nunc
441 561 636 613 autem
669 555 728 610 in
761 555 1101 609 otl'endendo
1133 554 1456 610 Creatorem
1490 557 1650 609 tanto
1680 568 1952 610 exsecra-

245 649 429 704 bilius
445 646 730 704 beneﬁcio
762 647 890 715 ejus
914 645 1124 716 ingrati
1157 646 1525 710 exstiterunt,
1547 649 1764 716 quanto
1789 644 1958 698 bene-

247 737 516 794 ﬁcentius
548 744 685 792 sunt
708 734 886 790 creati
919 753 934 802 ;
961 750 1065 788 nec
1096 735 1176 789 eis
1208 734 1350 789 satis
1378 733 1486 788 fuit
1517 733 1836 788 desertores
1863 748 1956 787 es-

247 845 309 884 se
344 826 736 892 illius,nisiet
776 823 960 880 nostri
986 824 1190 879 ﬁerent
1219 823 1578 894 deceptores.
1615 821 1735 876 Hoc
1766 822 1956 892 itaque

248 920 418 976 nobis
451 933 724 987 magnum
759 915 975 970 bonum
1011 913 1282 980 conferet,
1307 913 1408 983 qui
1440 911 1640 967 dilexit
1669 927 1773 966 nos
1801 911 1957 966 sicut

247 1009 452 1066 dilexit
469 1005 786 1070 Christum,
812 1009 877 1059 ut
898 1007 1132 1076 propter
1151 1003 1340 1072 ipsum
1364 1001 1535 1071 cujus
1560 1000 1820 1055 membra
1851 1015 1958 1055 nos

246 1115 378 1156 esse
412 1097 613 1165 voluit,
643 1095 902 1166 aequales
933 1092 1171 1162 Angelis
1202 1089 1421 1147 sanctis
1463 1090 1647 1145 simus
1680 1091 1830 1159 (Luc.
1862 1105 1956 1156 xx,

245 1191 362 1258 36),
396 1186 611 1259 quibus
642 1189 700 1241 et
759 1187 968 1239 natura
1025 1182 1322 1237 inferiores
1381 1180 1594 1236 conditi
1645 1194 1876 1245 sumus,
1907 1183 1961 1233 et

247 1286 483 1349 peccato
515 1273 875 1345 indigniores
903 1271 1060 1338 facti,
1087 1271 1187 1341 qui
1209 1286 1410 1327 eorum
1439 1269 1564 1324 ﬁeri
1597 1268 1962 1340 qualescum-

246 1383 363 1437 que
397 1365 571 1421 sociis
606 1363 967 1419 deberemus.

821 1447 1240 1505 TItACTATUS
1279 1447 1416 1503 CXL

249 1550 322 1603 De
351 1559 413 1601 eo
444 1543 588 1614 quod
626 1543 886 1598 Dominus
914 1538 1074 1606 dicit,
1115 1536 1304 1603 Pater,
1362 1552 1510 1607 quos
1542 1533 1755 1591 dedisti
1791 1531 1958 1598 mihi,

328 1634 458 1688 volo
506 1636 568 1687 ut
591 1632 689 1687 ubi
727 1647 832 1701 ego
860 1646 1017 1697 sum,
1048 1631 1104 1681 et
1135 1625 1220 1680 illi
1251 1628 1364 1680 sint
1401 1639 1660 1692 mecum;
1692 1637 1862 1694 usque
1889 1620 1959 1674 ad

320 1724 403 1790 id,
439 1721 510 1777 Ut
540 1721 772 1776 dilectio
803 1736 920 1790 qua
951 1716 1200 1774 dilexisti
1238 1731 1346 1780 me,
1377 1715 1432 1768 in
1467 1713 1613 1785 ipsis
1643 1712 1742 1781 sit,
1773 1719 1827 1766 et
1855 1725 1961 1780 ego

320 1814 378 1867 in
415 1812 580 1882 ipsis.
615 1811 744 1880 Cap.
779 1825 915 1876 xm,
949 1808 1001 1875 ᾗ.
1035 1805 1230 1859 24-26.

324 1906 376 1956 1.
404 1901 464 1956 In
486 1916 755 1971 magnam
780 1914 943 1970 spem
979 1893 1260 1952 Dominus
1282 1893 1456 1949 Jesus
1479 1907 1616 1947 suos
1639 1890 1962 1961 erigit,qua
2003 1905 2010 1912 '

249 1995 436 2063 major
466 1991 705 2048 omnino
755 2005 883 2045 esse
914 2003 1028 2042 non
1081 1984 1288 2057 possit.
1319 1982 1551 2048 Audite,
1585 1985 1642 2036 et
1688 1983 1871 2036 estote
1902 1978 1957 2032 in

253 2101 356 2156 spe
381 2083 725 2155 gaudentes,
761 2083 994 2151 pr0pter
1023 2077 1174 2146 quod
1211 2075 1324 2129 vita
1377 2074 1492 2128 ista
1522 2087 1636 2128 non
1688 2068 1960 2137 amanda,

254 2175 353 2228 sed
384 2171 683 2227 toleranda
705 2169 802 2236 sit,
831 2171 897 2222 ut
921 2180 1048 2221 esse
1081 2163 1316 2236 possitis
1348 2161 1406 2216 in
1434 2162 1559 2231 ejus
1590 2159 1964 2216 tribulatione

257 2265 523 2335 patentes
554 2260 727 2331 (Rom.
760 2273 863 2326 xu,
901 2255 1005 2325 1‘2).
1038 2253 1269 2320 Audite,
1307 2251 1572 2322 inquam,
1603 2253 1662 2304 et
1687 2265 1801 2319 quo
1833 2263 1962 2319 spes

256 2363 458 2409 nostra
498 2351 723 2406 levetur
755 2347 1052 2404 attendite.
1086 2343 1352 2400 Christus
1381 2341 1548 2397 Jesus
1588 2339 1748 2404 dicit,
1783 2337 1964 2394 Filius

265 2444 362 2497 Dei
400 2440 736 2512 unigenitus
769 2439 867 2510 qui
929 2437 1081 2492 Patri
1125 2437 1440 2490 coaeternus
1470 2439 1524 2487 et
1570 2429 1808 2502 aequalis
1858 2437 1965 2498 est,

259 2533 402 2588 dicit
433 2549 448 2599 ;
479 2532 577 2602 qui
621 2534 855 2603 propter
904 2543 1010 2582 nos
1043 2524 1216 2580 homo
1267 2523 1456 2578 factus
1504 2524 1614 2586 est,
1663 2520 1762 2574 sed
1814 2518 1968 2575 sicut

258 2621 453 2676 omnis
478 2621 651 2675 homo
677 2618 920 2674 mendax
941 2615 1252 2687 (Psal.cxv,
1284 2613 1374 2683 11)
1399 2627 1512 2666 non
1535 2611 1722 2664 factus
1737 2613 1845 2674 est,
1875 2607 1964 2664 di-

257 2712 336 2764 cit
361 2730 376 2778 ;
397 2706 894 2775 via,vita,veritas
927 2703 1074 2760 dicit
1104 2703 1289 2774 (Joan.
1319 2700 1530 2770 xiv,6);
1556 2697 1654 2770 qui
1677 2697 1964 2753 mundum

257 2802 392 2856 vicit
422 2799 532 2872 (Id.
567 2815 684 2865 xvr,
716 2797 826 2866 33),
861 2796 931 2850 de
981 2793 1070 2848 his
1102 2792 1316 2863 quibus
1347 2790 1499 2858 vicit,
1547 2789 1704 2843 dicit.
1736 2786 1963 2852 Audite,

256 2890 757 2960 credite,sperate,
777 2885 1099 2940 desiderate
1130 2882 1276 2950 quod
1310 2879 1451 2935 dicit
1485 2895 1498 2932 :
1532 2879 1717 2944 Pater,
1750 2875 1962 2946 inquit,

255 2997 389 3048 quos
419 2979 621 3035 dedisti
651 2975 810 3042 mihi,
843 2973 961 3029 volo
992 2978 1055 3027 ut
1086 2970 1180 3026 ubi
1211 2985 1312 3039 ego
1343 2985 1487 3034 sum,
1519 2972 1567 3022 et
1589 2966 1681 3021 illi
1704 2966 1816 3020 sint
1851 2979 1962 3019 me-

255 3087 405 3126 cum.
440 3068 544 3133 Qui
577 3071 716 3123 sunt
746 3064 841 3120 isti
865 3078 1012 3134 quos
1033 3061 1111 3116 ait
1140 3078 1172 3114 a
1205 3058 1370 3114 Patre
1394 3057 1558 3112 datos
1583 3054 1743 3110 sibi?
1765 3053 1964 3110 Nonne

258 3161 342 3214 illi
373 3160 444 3214 de
475 3157 691 3228 quibus
722 3154 834 3209 alio
869 3153 991 3208 loco
1038 3150 1203 3217 dicit,
1238 3151 1411 3203 Nemo
1441 3147 1587 3201 venit
1618 3144 1686 3199 ad
1719 3160 1822 3211 mc,
1853 3142 1969 3197 nisi

255 3252 426 3304 Pater
455 3249 552 3317 qui
579 3244 728 3300 misit
752 3259 858 3310 me,
888 3241 1128 3296 traxerit
1147 3254 1268 3294 eum
1293 3237 1398 3309 (1d.
1420 3251 1495 3301 v1,
1516 3235 1603 3305 44)
1624 3234 1791 3288 'tJatn
1824 3249 1964 3304 quo-

255 3339 432 3395 modo
464 3353 531 3392 ea
561 3352 692 3407 qua:
723 3333 847 3389 ﬁeri
898 3331 1040 3388 dicit
1070 3346 1104 3386 a
1133 3328 1322 3394 Patre,
1356 3327 1530 3381 iactat
1571 3332 1623 3379 et
1654 3324 1778 3394 ipse
1832 3337 1962 3377 cum

255 3430 450 3495 Patre,
476 3427 524 3482 si
544 3426 685 3498 quid
709 3424 766 3480 in
799 3423 910 3480 hoc
941 3417 1248 3491 Evangelia
1272 3415 1642 3489 profecimus,
1677 3414 1962 3470 novimus.

255 3520 374 3591 lpsi
407 3521 548 3574 sunt
573 3531 707 3587 ergo
739 3529 888 3586 quos
917 3529 951 3568 a
983 3510 1144 3566 Patre
1175 3507 1412 3578 accepit,
1447 3521 1588 3577 quos
1618 3509 1674 3560 et
1706 3505 1830 3575 ipse
1850 3502 1965 3559 ele-

255 3610 344 3682 git
365 3609 438 3664 de
470 3605 713 3670 mundo,
737 3608 912 3675 atque
933 3600 1109 3672 elegit
1132 3601 1192 3653 ut
1220 3598 1334 3667 jam
1360 3612 1474 3652 non
1497 3595 1614 3651 sint
1636 3595 1704 3649 de
1727 3594 1965 3658 mundo,

256 3699 410 3755 sicut
445 3713 558 3754 non
593 3698 677 3750 est
704 3698 762 3749 et
791 3694 913 3764 ipse
942 3691 1012 3747 de
1036 3687 1295 3744 mundo:
1331 3691 1394 3741 ut
1421 3684 1542 3740 sint
1572 3688 1767 3740 tamen
1791 3685 1963 3738 etiam

258 3788 375 3861 ipsi
408 3786 670 3843 mundus
701 3783 943 3839 credens
973 3783 1030 3836 et
1061 3792 1417 3850 cognoscens
1449 3775 1604 3847 quod
1637 3774 1902 3830 Christus
1934 3790 1969 3828 a

260 3878 376 3934 Deo
409 3875 578 3932 Patre
599 3875 673 3930 sit
697 3873 933 3941 missus,
961 3873 1022 3926 ut
1053 3867 1310 3924 mundus
1342 3882 1408 3921 ex
1441 3864 1658 3919 mundo
1690 3863 1968 3920 liberare-

259 3977 377 4037 tur,
414 3983 484 4022 ne
517 3963 777 4021 mundus
807 3961 924 4018 Deo
946 3957 1414 4016 reconciliandus
1445 3971 1580 4011 cum
1613 3954 1832 4009 mundo
1858 3953 1968 4010 ini-

260 4057 581 4116 micissimo
599 4056 990 4110 damnaretur.
1005 4049 1096 4106 Sic
1117 4048 1274 4105 enim
1297 4047 1379 4102 ait
1408 4046 1466 4101 in
1491 4045 1667 4115 hujus
1691 4043 1970 4100 orationis

257 4149 542 4206 exordio:
580 4144 780 4200 Dedisti
807 4144 860 4199 ei
907 4144 1228 4208 potestatem
1278 4138 1454 4194 omnis
1511 4136 1715 4201 carnis,
1776 4135 1831 4188 id
1883 4138 1974 4190 est

259 4238 461 4295 omnis
494 4233 768 4301 hominis,
798 4242 861 4288 ut
891 4246 1054 4286 omne
1083 4229 1227 4302 quod
1255 4227 1455 4284 dedisti
1482 4227 1556 4292 ei,
1579 4225 1665 4280 det
1693 4225 1775 4280 eis
1808 4226 1974 4279 vitam

260 4336 538 4386 zternam
587 4324 695 4396 (td.
744 4339 882 4388 xvu,
911 4321 991 4393 2).
1051 4319 1161 4375 Ubi
1192 4316 1448 4374 ostendit
1506 4319 1851 4387 potestatem
1912 4331 1974 4372 se

262 4418 510 4491 quidem
541 4414 724 4471 omnis
756 4411 1012 4468 hominis
1041 4408 1438 4480 accepisse,ut
1470 4405 1676 4461 liberet
1701 4421 1850 4476 quos
1879 4421 1974 4461 vo-

263 4507 458 4575 luerit,
496 4504 732 4560 damnet
762 4518 903 4574 quos
933 4497 1314 4568 voluerit,qui
1336 4497 1492 4552 vivos
1512 4499 1571 4552 et
1602 4497 1978 4567 mortuosju-

265 4595 487 4652 dicabit
513 4613 527 4661 ;
560 4593 657 4649 sed
692 4608 793 4648 eos
831 4591 940 4648 sibi
970 4604 1100 4646 esse
1132 4588 1317 4652 datos,
1343 4585 1550 4656 quibus
1577 4585 1850 4643 omnibus
1880 4587 1979 4644 det

263 4689 442 4742 vitam
479 4688 778 4740 aeternam.
809 4681 899 4737 Sic
929 4680 1087 4736 enim
1136 4678 1214 4734 ait
1248 4693 1263 4734 :
1299 4677 1360 4733 Ut
1391 4692 1555 4733 omne
1598 4677 1739 4749 quod
1781 4677 1981 4737 dedisti

265 4779 364 4844 eis,
397 4775 487 4830 det
517 4773 602 4829 eis
631 4775 801 4828 vitam
831 4779 1123 4828 zternam.
1158 4768 1408 4826 Proinde
1438 4785 1554 4825 non
1586 4772 1638 4827 ei
1667 4768 1790 4825 dati
1821 4775 1976 4840 sunt,

265 4866 489 4936 quibus
512 4864 693 4918 vitam
717 4877 832 4917 non
852 4862 1013 4917 dabit
1029 4866 1305 4918 aeternam
1324 4875 1337 4916 :
1359 4861 1625 4930 quamvis
1644 4863 1702 4915 et
1717 4859 1975 4930 ipsorum

268 4959 536 5028 potestas
567 4951 702 5008 data
730 4949 826 5017 sit,
856 4949 948 5006 cui
979 4953 1238 5021 potestas
1267 4951 1396 5005 data
1423 4953 1513 5005 est
1539 4949 1730 5005 omnis
1761 4948 1979 5018 carnis,

268 5041 640 5100 idestomnis
662 5040 942 5096 hominis.
965 5038 1324 5094 Itamundus
1342 5037 1750 5095 reconciliatus
1779 5055 1847 5094 ex
1877 5038 1983 5093 ini-

269 5133 425 5190 mico
479 5129 826 5185 liberabitur
875 5128 1111 5197 mundo,
1147 5144 1280 5184 cum
1316 5128 1372 5183 in
1405 5127 1570 5182 illum
1621 5127 1833 5181 exserit
1881 5143 1983 5197 po-

269 5228 547 5279 testatem
582 5235 768 5287 suam,
802 5226 862 5274 ut
894 5233 1028 5276 eum
1059 5219 1118 5274 in
1155 5224 1403 5274 mortem
1441 5219 1638 5274 mittat
1667 5226 1976 5273 aeternam:

273 5315 430 5369 hunc
461 5315 662 5367 autem
695 5309 834 5365 facit
880 5324 1074 5378 suum,
1107 5309 1202 5366 cui
1236 5308 1408 5366 vitam
1458 5309 1631 5364 donet
1679 5312 1977 5363 eternam.

271 5405 638 5475 Quapropter
669 5399 942 5456 omnibus
972 5418 1214 5472 prorsus
1245 5400 1450 5456 ovibus
1500 5398 1622 5456 suis
1651 5398 1842 5455 bonus
1875 5415 1976 5470 pa-

271 5499 416 5562 stor,
449 5492 734 5549 omnibus
749 5492 1028 5548 membris
1051 5493 1173 5548 suis
1204 5507 1490 5563 magnum
1514 5497 1685 5562 caput
1719 5490 1987 5562 promisit

276 5585 378 5640 hoc
413 5582 750 5656 praemium,
777 5585 840 5637 ut
863 5581 955 5638 ubi
982 5583 1105 5653 ipse
1134 5586 1244 5648 est,
1263 5586 1320 5638 et
1352 5598 1456 5640 nos
1480 5597 1611 5638 cum
1636 5579 1735 5637 illo
1758 5581 1980 5638 simus:

276 5690 377 5732 nec
409 5671 624 5748 poterit
656 5672 767 5728 nisi
801 5671 920 5730 ﬁeri
952 5673 1108 5745 quod
1140 5672 1526 5744 omnipotenti
1557 5671 1714 5728 Patri
1745 5689 1806 5729 se
1841 5672 1983 5730 velle

1402 329 1607 388 ΤΒΑο
1629 325 1867 388 ΓΑἸἪΒ
1912 323 2064 386 CXI.
2109 323 2368 388 CAPUT
2407 325 2587 388 XVII.

2251 35 2258 38 _
2539 35 2546 38 _
3857 29 3860 34 Ι
3961 0 4113 16 .’“’--

81 119 108 142 ..ν
185 121 204 138 a
243 119 266 143 ε
495 115 498 118 ·
815 119 856 136 ιι.
1091 115 1138 140 J_.
1671 121 1680 126 η
1919 109 1994 114 ’·“-

3603 333 3756 392 1926

2063 462 2208 517 dixit
2236 463 2607 534 omnipotens
2628 463 2828 520 Filius.
2851 465 2929 520 Ibi
2963 471 3048 520 est
3077 465 3234 520 enim
3264 473 3318 520 et
3349 465 3593 538 Spiritus
3622 486 3759 524 san-

2067 561 2194 608 ctus
2227 554 2446 625 pariter
2499 557 2775 624 aeternus,
2807 557 3022 626 pariter
3070 555 3250 625 Deus,
3302 555 3552 627 Spiritus
3613 574 3762 614 unus

2067 642 3084 710 duorum,etsubstantiavoluntatis
3124 645 3766 703 amborum.Namil|ud

2067 733 2221 801 quod
2265 733 2482 788 dixisse
2519 733 2734 806 legitur
2764 735 3192 806 prepinquante
3243 736 3536 806 passione,
3576 739 3766 793 Verum

2066 835 2175 875 non
2207 821 2346 892 quod
2401 839 2494 892 ego
2545 825 2682 885 volo.
2729 826 2824 880 sed
2879 824 3020 896 quod
3072 835 3135 879 tu
3183 826 3280 891 vis,
3340 827 3503 881 Pater
3549 827 3761 898 (Mahtt.

2066 925 2216 978 xxvx,
2251 911 2359 981 39),
2384 914 2551 983 quasi
2584 914 2696 969 alia
2727 913 2932 981 Patris,
2956 914 3070 969 alia
3102 913 3226 968 Filii
3260 915 3336 969 sit
3368 916 3634 974 voluntas
3665 926 3766 976 aut

2071 1001 2266 1068 fuerit,
2290 1017 2473 1058 sonus
2503 1007 2591 1059 est
2623 1009 2829 1060 nostrae
2863 1004 3241 1070 inﬁrmitatis,
3262 1008 3528 1077 quamvis
3558 1008 3768 1078 ﬁdelis,

2071 1105 2242 1160 quam
2277 1092 2337 1148 in
2369 1109 2431 1148 se
2471 1097 2644 1164 caput
2699 1099 2961 1150 nostrum
3024 1094 3474 1164 transﬁguravit,
3534 1101 3768 1168 quando

2069 1179 2245 1235 etiam
2281 1187 2512 1251 peccata
2541 1188 2739 1240 nostra
2759 1186 3019 1254 portavit.
3047 1185 3230 1240 Unam
3265 1203 3395 1242 vero
3427 1202 3556 1244 esse
3584 1188 3770 1245 Patris

2070 1276 2123 1323 et
2158 1269 2280 1323 Filii
2310 1272 2684 1341 voluntatem,
2719 1290 2968 1344 quorum
2993 1275 3165 1331 etiam
3195 1276 3447 1347 Spiritus
3476 1294 3628 1334 unus
3660 1285 3774 1347 est,

2070 1374 2182 1428 quo
2215 1361 2488 1428 adjuncto
2500 1364 2905 1430 cognoscimus
2923 1363 3289 1430 Trinitatem,
3312 1368 3419 1422 etsi
3443 1369 3766 1440 intelligere

2070 1449 2334 1504 nondum
2368 1450 2651 1520 permittit
2681 1452 3016 1517 inﬁrmitas,
3049 1455 3248 1508 credat
3279 1455 3487 1525 pietas.

2139 1538 2192 1590 2.
2229 1537 2339 1592 Sed
2371 1539 2644 1609 quoniam
2679 1542 2893 1611 quibus
2943 1542 3277 1612 promiserit
3309 1548 3366 1598 et
3395 1560 3568 1615 quam
3603 1547 3770 1604 ﬁrma

2072 1629 2144 1684 sit
2176 1629 2300 1699 ipsa
2333 1631 2664 1700 promissio,
2699 1648 2798 1702 pro
2829 1633 3118 1688 sermonis
3151 1634 3434 1690 brevitate
3459 1635 3583 1705 jam
3613 1637 3771 1692 dixi-

2073 1734 2242 1789 mus;
2266 1720 2372 1774 hoc
2401 1719 2589 1788 ipsum
2610 1730 2892 1790 quantum
2920 1723 3202 1787 valemus,
3238 1724 3368 1794 quid
3403 1725 3480 1779 sit
3510 1726 3664 1796 quod
3687 1727 3772 1782 di-

2070 1811 2279 1880 gnatus
2301 1813 2390 1863 est
2422 1811 2755 1879 promittere
2776 1811 3094 1878 videamus,
3123 1828 3253 1883 quos
3273 1813 3473 1868 dedisti
3500 1815 3656 1882 mihi,
3691 1817 3775 1872 in-

2069 1900 2217 1968 quit,
2243 1897 2366 1954 volo
2383 1906 2442 1953 ut
2475 1901 2568 1954 ubi
2595 1916 2700 1972 ego
2720 1917 2864 1970 sum,
2883 1905 2946 1956 et“
2965 1901 3072 1972 ipsi
3091 1904 3203 1957 sint
3231 1917 3460 1959 mecum.
3476 1903 3768 1967 Quantum

2069 1989 2274 2045 attinet
2293 1989 2363 2043 ad
2396 1995 2720 2046 creaturam
2745 1992 2802 2046 in
2843 2008 2962 2062 qua
2984 1991 3172 2048 factus
3203 1997 3389 2048 estex
3410 1995 3630 2050 semine
3663 1996 3765 2051 Da-

2070 2079 2160 2133 vid
2186 2079 2507 2135 secundum
2533 2097 2764 2136 carnem
2788 2083 2960 2153 (Rom.
2983 2097 3024 2150 ι,
3055 2082 3131 2151 3),
3150 2098 3253 2138 nec
3286 2083 3406 2154 ipse
3431 2083 3626 2139 adhuc
3647 2090 3773 2140 erat

2074 2167 2168 2221 ubi
2192 2168 2426 2223 futurus
2457 2174 2581 2224 erat
2613 2186 2626 2225 :
2663 2172 2759 2224 sed
2793 2187 2859 2225 eo
2891 2170 3062 2226 modo
3093 2171 3285 2226 dicere
3319 2173 3522 2242 potuit,
3555 2173 3648 2227 ubi
3676 2189 3769 2245 ego

2071 2272 2212 2324 sum,
2247 2274 2360 2328 quo
2393 2257 2850 2329 intelligeremus
2882 2261 3033 2331 quod
3053 2261 3168 2317 cito
3203 2261 3389 2316 fuerat
3413 2277 3768 2320 ascensurus

2074 2346 2133 2402 in
2165 2350 2396 2418 caelum,
2432 2356 2497 2405 ut
2520 2352 2644 2421 jam
2679 2351 2756 2406 ibi
2797 2365 2926 2407 esse
2955 2367 3015 2406 se
3038 2351 3256 2408 diceret
3289 2351 3386 2408 ubi
3419 2352 3608 2408 fuerat
3637 2370 3767 2411 mox

2076 2437 2328 2495 futurus.
2362 2440 2557 2495 Potuit
2586 2445 2642 2495 et
2664 2441 2724 2495 in
2755 2440 2856 2496 illo
2887 2441 3084 2509 modo,
3105 2457 3220 2513 quo
3252 2451 3384 2498 ante
3408 2443 3528 2513 jam
3548 2444 3774 2500 dixerat

2075 2526 2320 2597 loquens
2343 2529 2414 2583 ad
2445 2529 2844 2597 Nicodemum,
2877 2530 3046 2586 Nemo
3076 2532 3316 2586 ascendit
3343 2534 3400 2587 in
3427 2533 3643 2593 caelum.
3667 2537 3774 2588 nisi

2073 2621 2169 2689 qui
2197 2619 2476 2675 descendit
2507 2620 2571 2676 de
2614 2623 2765 2688 caelo,
2800 2623 2974 2678 Filius
3004 2623 3264 2689 hominis,
3294 2626 3390 2694 qui
3427 2625 3487 2678 in
3533 2625 3666 2679 caelo
3695 2633 3774 2681 est

2075 2710 2248 2778 (loan.
2281 2710 2366 2774 rit,
2403 2710 2508 2779 13).
2545 2711 2687 2766 Nam
2723 2723 2778 2767 et
2809 2711 2887 2767 ibi
2945 2728 3058 2768 non
3091 2712 3260 2781 dixit,
3323 2714 3484 2781 Erit;
3517 2715 3642 2783 sed,
3673 2720 3771 2783 est,

2075 2804 2312 2870 propter
2343 2801 2625 2856 unitatem
2652 2817 2929 2871 personae,
2961 2802 3021 2856 in
3053 2818 3167 2872 qua
3195 2807 3252 2858 et
3285 2803 3430 2858 Deus
3462 2803 3634 2859 homo
3663 2811 3778 2876 est,

2075 2890 2316 2945 ethomo
2334 2891 2502 2946 Deus.
2521 2891 2582 2946 In
2605 2891 2748 2947 cmlo
2769 2908 2905 2964 ergo
2930 2909 3035 2948 nos
3077 2893 3305 2950 futuros
3328 2911 3456 2950 esse
3478 2896 3770 2967 promisit:

2073 2978 2174 3034 illo
2193 2979 2347 3034 enim
2367 2982 2550 3036 forma
2563 2982 2710 3036 servi
2735 2982 2924 3038 levata
2953 2989 3061 3052 est,
3087 3000 3264 3054 quam
3289 2986 3541 3057 sumpsit
3560 3001 3627 3042 ex
3644 2983 3778 3040 Vir-

2075 3068 2229 3139 gine,
2262 3074 2316 3124 et
2348 3070 2417 3123 ad
2456 3069 2641 3125 Patris
2671 3072 2966 3126 dexteram
2999 3072 3296 3129 collocata.
3328 3075 3567 3147 Propter
3609 3092 3772 3147 spem

2075 3158 2220 3213 tanti
2253 3157 2431 3227 huius
2459 3159 2591 3213 boni
2623 3165 2679 3213 et
2709 3161 3021 3230 Apostolus
3051 3162 3130 3216 ait
3163 3180 3175 3216 :
3202 3164 3342 3218 Deus
3357 3171 3540 3220 autem
3561 3167 3660 3236 qui
3687 3165 3772 3221 di-

2076 3263 2163 3302 ves
2192 3254 2269 3302 est
2295 3247 2355 3301 in
2378 3247 2775 3308 misericordia.
2790 3255 3014 3320 propter
3032 3252 3273 3305 multam
3289 3251 3637 3311 dilectionem
3666 3271 3774 3326 qua

2074 3339 2278 3393 dilexit
2301 3353 2418 3403 nos,
2434 3347 2484 3393 et
2504 3355 2627 3393 cum
2647 3354 2882 3394 essemus
2902 3339 3114 3394 mortui
3137 3343 3397 3410 peccatis,
3423 3347 3775 3415 conviviﬁca-

2074 3429 2153 3482 vit
2181 3441 2280 3481 nos
2310 3425 2541 3491 Christo,
2573 3427 2732 3496 cujus
2751 3429 2928 3497 gratia
2958 3443 3149 3482 sumus
3176 3428 3318 3482 salvi
3346 3429 3509 3495 iacti;
3539 3436 3589 3485 et
3608 3434 3773 3489 simul

2075 3517 2355 3576 excitavit.
2375 3524 2430 3571 et
2464 3516 2634 3570 simul
2662 3517 2845 3571 sedere
2872 3516 3004 3586 fecit
3036 3517 3094 3571 in
3135 3516 3442 3572 ccclestibus
3471 3521 3531 3573 in
3563 3521 3779 3577 Christo

2073 3610 2204 3663 Jesu
2229 3605 2443 3677 (Ephes.
2476 3622 2539 3670 ιι,
2571 3605 2721 3676 4-6).
2756 3605 2874 3661 Hoc
2903 3621 3035 3675 ergo
3069 3610 3256 3677 potest
3284 3606 3531 3679 intelligi
3564 3610 3779 3668 dixisse

2076 3696 2381 3761 Dominus,
2417 3695 2482 3751 Ut
2521 3695 2617 3750 ubi
2642 3710 2739 3764 ego
2767 3711 2914 3764 sum,
2944 3699 2993 3750 et
3024 3695 3113 3750 illi
3159 3699 3268 3750 sint
3296 3713 3525 3753 mecum.
3561 3699 3626 3753 Et
3653 3700 3776 3771 ipse

2078 3787 2308 3860 quidem
2341 3787 2412 3841 de
2441 3801 2503 3842 se
2532 3785 2677 3841 dixit
2697 3786 2849 3856 quod
2881 3785 2961 3841 ibi
2988 3786 3104 3855 jam
3136 3791 3290 3842 esset
3315 3801 3328 3852 ;
3357 3788 3428 3842 de
3474 3788 3638 3844 nobis
3667 3808 3774 3845 au-

2077 3885 2195 3936 tem
2228 3875 2368 3932 velle
2389 3890 2450 3931 se
2480 3875 2626 3931 dixit
2657 3879 2721 3930 ut
2749 3890 3012 3930 essemus
3040 3874 3118 3930 ibi
3149 3892 3282 3931 cum
3316 3875 3437 3946 illo,
3471 3895 3586 3935 non
3620 3882 3773 3951 quod

2072 3973 2196 4044 jam
2228 3982 2494 4024 essemus
2533 3967 2807 4025 ostendit.
2829 3968 3140 4038 Apostolus
3169 3971 3358 4023 autem
3391 3972 3546 4041 quod
3587 3971 3783 4026 Domi-

2081 4076 2190 4117 nus
2216 4057 2359 4114 velle
2390 4072 2452 4112 se
2481 4055 2622 4112 dixit
2645 4064 2706 4112 ut
2737 4056 2915 4123 ﬁeret,
2939 4063 3219 4127 tanquam
3255 4057 3468 4113 factum
3501 4059 3670 4115 fuerit
3694 4070 3786 4116 est

2080 4151 2329 4207 locutus.
2362 4145 2488 4202 Non
2519 4146 2675 4201 enim
2708 4144 2810 4209 ait,
2843 4145 3206 4202 Excitaturus
3229 4151 3341 4214 est,
3371 4153 3427 4202 et
3449 4149 3505 4202 in
3538 4147 3783 4204 ctelesti.

2082 4241 2196 4296 bus
2224 4238 2420 4294 sedere
2451 4237 2742 4303 facturus;
2775 4235 2899 4303 sed,
2931 4238 3202 4300 excitavit,
3234 4241 3286 4291 et
3309 4238 3492 4292 sedere
3522 4238 3580 4290 in
3615 4237 3772 4292 ciete-

2082 4331 2254 4385 stibus
2283 4325 2601 4396 fecit:quia
2631 4323 3009 4380 noninaniter
3028 4323 3132 4379 sed
3149 4324 3518 4394 ﬁdeliterjam
3543 4324 3784 4395 deputat

2085 4420 2302 4474 factum
2333 4417 2486 4488 quod
2518 4415 2779 4470 futurum
2811 4430 2940 4468 esse
2989 4429 3103 4467 non
3152 4412 3401 4467 dubitat.
3452 4414 3611 4478 Quod
3644 4429 3777 4468 vero

2084 4507 2292 4562 attinet
2322 4505 2392 4560 ad
2417 4505 2658 4559 formam
2691 4501 2792 4556 Dei
2816 4503 2874 4556 in
2907 4517 3018 4572 qua
3043 4499 3283 4570 aequalis
3312 4504 3400 4555 est
3423 4499 3596 4566 Patri,
3621 4501 3668 4555 si
3692 4517 3788 4556 se-

2086 4599 2342 4653 cundum
2365 4608 2492 4649 eam
2515 4593 2750 4648 velimus
2771 4590 3095 4662 intelligere
3117 4590 3270 4662 quod
3293 4590 3512 4645 dictum
3537 4595 3646 4658 est,
3666 4591 3786 4647 Volo

2083 4691 2144 4743 ut
2173 4688 2274 4742 ubi
2301 4701 2395 4754 ego
2413 4699 2556 4751 sum,
2582 4689 2632 4739 et
2667 4681 2758 4738 illi
2777 4683 2889 4736 sint
2918 4696 3125 4736 mecum
3143 4697 3162 4743 ;
3194 4679 3464 4735 abscedat
3493 4679 3566 4734 ab
3587 4681 3784 4735 animo

2087 4776 2278 4833 omnis
2330 4773 2651 4844 imaginum
2706 4769 3099 4842 corporalium
3147 4769 3419 4841 cogitatio
3453 4787 3467 4826 :
3501 4769 3787 4840 quidquid

2087 4864 2270 4922 menti
2299 4862 2613 4920 occurrerit
2652 4860 2912 4932 longum,
2944 4859 3153 4928 latum,
3186 4875 3475 4925 crassum,
3533 4857 3792 4929 qualibet

2090 4954 2216 5010 luce
2245 4968 2520 5024 corporea
2552 4952 2897 5020 coloratum,
2932 4965 3032 5021 per
3073 4949 3342 5022 quaelibet
3373 4949 3626 5006 locorum
3660 4963 3790 5018 spa-

2090 5043 2171 5098 tia
2200 5042 2285 5098 vel
2319 5041 2500 5110 ﬁnita,
2532 5039 2617 5097 vel
2649 5039 2878 5096 inﬁnita
2927 5038 3230 5107 diffusum,
3265 5039 3334 5092 ab
3368 5036 3459 5092 his
3491 5035 3786 5097 omnibus,

2090 5139 2375 5205 quantum
2411 5135 2617 5202 potest,
2653 5131 2835 5186 aciem
2885 5146 2999 5184 suis
3033 5124 3541 5197 contemplationis
3571 5123 3658 5179 vel
3709 5126 3793 5179 in-

2090 5223 2371 5278 tentionis
2399 5226 2639 5275 avertat.
2664 5224 2724 5272 Et
2758 5236 2872 5274 non
2905 5217 3241 5287 inquiratur
3260 5213 3498 5285 aequalis
3521 5212 3668 5268 Patri
3698 5211 3792 5268 Fi-

2091 5311 2204 5366 lius
2235 5310 2335 5366 ubi
2369 5310 2466 5376 sit,
2505 5309 2783 5378 quoniam
2817 5322 2986 5361 nemo
3016 5303 3235 5360 invenit
3270 5305 3365 5357 ubi
3406 5317 3520 5356 non
3555 5301 3648 5358 sit.
3682 5301 3792 5358 Sed

2093 5400 2190 5472 qui
2225 5402 2349 5455 vult
2381 5414 2656 5469 quaerere,
2679 5401 2902 5467 quaerat
2925 5393 3114 5466 potius
3148 5399 3212 5448 ut
3241 5408 3373 5447 cum
3411 5391 3506 5447 illo
3538 5393 3613 5447 sit
3641 5408 3653 5459 ;
3679 5407 3791 5446 non

2093 5489 2305 5561 ubique
2334 5489 2485 5543 sicut
2513 5485 2629 5556 ille,
2661 5486 2757 5540 sed
2799 5483 3154 5554 ubicumque
3203 5497 3330 5537 esse
3380 5481 3651 5553 potuerit.
3684 5482 3793 5544 Qui

2091 5579 2247 5636 enim
2275 5575 2500 5634 homini
2528 5573 2833 5647 pcsnaliter
2869 5572 3166 5645 pendenti,
3189 5578 3246 5629 et
3274 5571 3587 5628 salubriter
3615 5569 3795 5626 conﬁ-

2092 5669 2232 5726 tenti
2265 5667 2367 5735 ait,
2393 5665 2558 5722 Hodie
2587 5680 2799 5722 mecum
2815 5665 2926 5721 eris
2951 5665 3008 5718 in
3023 5662 3637 5736 paradiso(Luc.xxm,
3663 5657 3750 5728 43)
3781 5673 3793 5726 ;
