4182 6198
411 307 558 368 1927

405 445 727 503 secundum
762 439 816 494 id
842 438 994 509 quod
1020 436 1188 492 homo
1209 444 1348 501 erat,
1379 436 1576 491 anima
1602 435 1730 504 ejus
1754 434 1877 505 ipso
1899 435 1992 488 die
2025 433 2112 487 fu-

407 543 537 592 tura
568 535 748 588 fuerat
781 529 836 584 in
872 527 1114 593 inferno,
1148 541 1281 581 caro
1311 527 1370 580 in
1421 525 1689 595 sepulcro
1718 541 1730 592 ;
1785 523 2110 579 secundum

408 630 593 680 autem
629 623 683 676 id
719 620 869 692 quod
901 620 1053 672 Deus
1085 620 1227 683 erat,
1264 617 1463 686 utique
1493 620 1549 669 et
1580 615 1636 670 in
1669 613 1938 684 paradiso
1970 616 2108 668 erat.

409 713 619 769 Etideo
640 705 1127 764 lalronisanimaa
1147 703 1408 774 pristinis
1438 703 1793 757 facinoribus
1817 700 2110 758 absoluta.

407 810 464 858 et
493 802 651 857 illius
685 812 919 853 munere
944 797 1066 865 jam
1099 793 1565 864 beata,quamvis
1597 791 1813 861 ubique
1836 791 1985 846 sicut
2013 789 2108 843 ille

405 909 532 950 esse
591 908 702 946 non
739 892 997 958 poterat;
1033 890 1225 939 tamen
1259 885 1433 938 etiam
1470 884 1596 952 ipso
1627 881 1719 936 die
1752 898 1884 936 cum
1918 880 2016 936 illo
2047 879 2107 935 in

408 981 670 1056 paradiso
701 993 825 1033 esse
885 980 1121 1046 poterat,
1156 973 1307 1028 unde
1338 971 1433 1026 ille
1465 972 1562 1042 qui
1615 970 1824 1040 ubique
1880 985 2108 1040 semper

405 1075 510 1139 est,
546 1085 656 1124 non
691 1066 1027 1121 recesserat.
1059 1062 1362 1132 Propterea
1395 1060 1669 1114 nimirum
1703 1075 1817 1114 non
1849 1058 1932 1113 eis
1963 1058 2106 1112 satis

406 1166 513 1218 luit
541 1162 752 1225 dicere,
781 1156 899 1212 Volo
925 1163 984 1210 ut
1014 1153 1108 1209 ubi
1138 1168 1231 1223 ego
1259 1169 1400 1219 sum,
1433 1158 1480 1206 et
1505 1151 1593 1206 illi
1621 1152 1776 1212 sint;
1806 1150 1905 1204 sed
1939 1149 2104 1203 addi-

400 1257 503 1320 dit,
529 1269 760 1308 meeum.
789 1249 921 1303 Esse
949 1246 1104 1302 enim
1127 1261 1257 1299 cum
1290 1243 1410 1311 illo,
1437 1259 1716 1314 magnum
1750 1241 1968 1296 bonum
1993 1245 2102 1295 est.

400 1346 546 1400 Nam
579 1347 636 1398 et
667 1338 861 1395 miseri
895 1353 1021 1392 esse
1047 1338 1294 1405 possunt
1317 1333 1413 1387 ubi
1439 1337 1526 1387 est
1550 1331 1960 1402 ille,quoniam
1985 1329 2104 1401 qui-

402 1449 650 1504 cumque
667 1429 1025 1496 ubicumque
1047 1422 1286 1490 fuerint,
1309 1427 1398 1476 est
1427 1426 1484 1476 et
1518 1421 1651 1476 ille:
1687 1421 1786 1476 sed
1820 1421 1969 1475 beati
1995 1419 2103 1474 soli

401 1533 695 1583 suntcum
728 1519 847 1582 illo,
901 1516 1039 1586 quia
1072 1511 1221 1568 beati
1254 1528 1381 1566 esse
1427 1528 1542 1567 non
1593 1516 1862 1582 poterunt
1895 1509 2003 1564 nisi
2036 1525 2103 1565 ex

403 1617 526 1671 illo.
551 1615 757 1668 Annon
789 1607 902 1662 Deo
935 1604 1214 1659 veraciter
1243 1601 1464 1656 dictum
1497 1606 1608 1666 est,
1642 1601 1700 1654 Si
1725 1599 2014 1654 escendero
2045 1599 2105 1654 in

402 1707 620 1768 caelum,
655 1707 714 1756 tu
746 1699 824 1754 ibi
853 1712 906 1752 es
935 1710 957 1760 ,°
986 1703 1035 1749 et
1071 1695 1124 1748 si
1171 1693 1494 1748 descendero
1542 1692 1601 1747 in
1642 1693 1948 1760 infernum,
1980 1691 2104 1746 ades

403 1795 576 1869 (Psal.
609 1805 880 1854 cxxxvm,
913 1786 1015 1855 8‘)?
1071 1788 1172 1838 aut
1219 1799 1356 1837 vero
1413 1781 1681 1836 Christus
1732 1798 1845 1836 non
1887 1785 1972 1835 est
2002 1781 2103 1836 Dei

401 1881 718 1956 Sapientia,
743 1874 1110 1948 quaaattingil
1134 1870 1738 1942 ubiqueproptersuam
1762 1870 2104 1924 munditiam

403 1974 554 2044 (Sap.
588 1986 686 2038 vn,
715 1967 805 2036 24)
826 1965 853 2018 ?
886 1963 992 2019 Sed
1027 1961 1124 2016 lux
1157 1961 1308 2014 lucet
1338 1960 1395 2014 in
1420 1960 1691 2026 tenebris,
1726 1975 1829 2012 nec
1859 1974 1985 2013 eam
2018 1963 2102 2012 te-

400 2065 591 2122 nebrae
624 2054 1127 2129 comprehendunt
1159 2051 1338 2120 (Joan.
1365 2065 1404 2117 ι,
1434 2050 1511 2119 5).
1541 2055 1620 2103 Ac
1653 2066 1753 2120 per
1775 2048 1904 2116 hoc,
1938 2053 2001 2103 ut
2030 2049 2100 2102 de

399 2169 460 2209 re
489 2147 728 2212 visibili,
752 2141 1018 2216 quamvis
1040 2139 1209 2209 longe
1233 2137 1527 2205 dissimili,
1560 2136 1980 2208 qualecumque
2003 2152 2103 2190 su-

400 2255 629 2298 mamus
652 2233 1007 2306 exemplum,
1027 2229 1181 2286 sicut
1211 2243 1400 2283 caecus
1430 2227 1660 2282 etiamsi
1688 2226 1764 2280 ibi
1789 2227 1866 2281 sit
1889 2226 1982 2281 ubi
2005 2224 2102 2280 lux

399 2336 504 2397 est,
533 2344 649 2384 non
680 2331 761 2381 est
793 2327 984 2378 tamen
1035 2319 1159 2389 ipse
1192 2332 1321 2372 cum
1356 2315 1504 2384 luce,
1537 2317 1636 2372 sed
1685 2316 1897 2370 absens
1953 2319 2036 2370 est
2069 2331 2102 2369 a

399 2416 802 2494 presentegita
820 2409 1070 2467 infidelis
1085 2414 1257 2478 atque
1283 2406 1518 2477 impius,
1535 2411 1632 2461 aut
1655 2406 1882 2461 etiamsi
1914 2405 2100 2460 fidelis

400 2518 455 2568 ct
487 2510 640 2582 pius,
666 2502 924 2560 n—oudum
958 2505 1149 2553 tamen
1168 2498 1236 2550 ad
1273 2496 1616 2550 intuendum
1650 2495 1844 2550 lumen
1878 2495 2100 2565 sapien-

400 2603 489 2656 tiae
514 2597 781 2655 idoneus,
815 2590 1038 2645 etiamsi
1072 2601 1195 2641 esse
1227 2600 1515 2653 nusquam
1549 2585 1731 2652 possit
1763 2582 1855 2638 ubi
1886 2601 1996 2638 non
2021 2584 2099 2638 sit

399 2698 450 2744 et
481 2685 767 2747 Christus,
787 2695 898 2734 non
921 2683 1010 2731 est
1028 2682 1217 2730 tamen
1244 2673 1366 2743 ipse
1388 2689 1516 2726 cum
1538 2673 1790 2738 Cbristo,
1814 2673 2099 2728 duntaxat

400 2793 502 2849 per
531 2766 968 2843 speciem.Nam
1007 2763 1297 2818 hominem
1323 2763 1414 2830 pie
1439 2761 1690 2826 fidelem,
1725 2778 1837 2816 non
1871 2766 1956 2815 est
1993 2763 2098 2816 du-

406 2862 750 2922 bitaudumc
782 2871 880 2910 um
909 2851 1138 2908 Christo
1166 2864 1288 2903 esse
1314 2864 1414 2919 per
1437 2849 1608 2902 tidem
1643 2863 1654 2902 :
1692 2855 1920 2920 pmpter
1949 2850 2096 2918 quod

398 2954 561 3017 dicit,
593 2951 698 3017 Qui
728 2961 838 3001 non
895 2953 970 2998 est
1018 2954 1253 3005 mecum,
1303 2937 1586 2994 adversum
1632 2955 1719 2992 me
1775 2947 1850 2992 est
1881 2937 2093 3010 (Matt/1.

397 3062 498 3111 xu,
519 3042 630 3110 30).
662 3037 770 3093 Sed
803 3050 937 3092 cum
973 3028 1118 3086 Patri
1147 3032 1254 3083 Deo
1277 3027 1678 3095 dicebat,Quos
1706 3027 1903 3082 dedisti
1930 3028 2092 3088 mihi,

395 3133 520 3190 volo
547 3136 607 3187 ut
633 3128 730 3183 ubi
758 3141 851 3196 ego
880 3139 1022 3187 sum,
1046 3129 1096 3175 et
1115 3118 1222 3190 ipsi
1249 3120 1362 3172 sint
1388 3133 1636 3179 mecum;
1671 3117 1740 3172 de
1773 3118 1962 3187 specie
1995 3118 2096 3173 illa

397 3221 638 3280 omnino
669 3217 918 3284 dicebat,
955 3213 1010 3267 in
1062 3225 1180 3282 qua
1240 3207 1563 3263 videbimus
1595 3223 1727 3263 eum
1787 3207 1955 3262 sicuti
2005 3213 2096 3264 est

394 3315 438 3384 (1
465 3314 625 3368 Joan.
660 3324 745 3374 ιιι,
773 3305 852 3376 2).

463 3402 515 3456 3.
551 3399 730 3456 Nemo
761 3391 1204 3452 serenissimum
1255 3401 1492 3441 sensum
1543 3384 1808 3440 nubilosa
1863 3387 2090 3440 contra-

392 3493 644 3549 dictione
666 3485 994 3560 perturbet;
1018 3475 1435 3548 consequentia
1458 3474 1796 3546 perhibeant
1825 3477 2092 3530 testimo—

392 3587 554 3641 nium
581 3573 1036 3652 pracedentibus
1058 3565 1500 3637 verbis.Nempe
1522 3580 1655 3620 cum
1685 3565 1944 3631 dixisset,
1971 3564 2091 3620 Volo

391 3683 451 3732 ut
483 3674 582 3729 ubi
609 3684 706 3739 ego
735 3683 879 3732 sum,
911 3667 960 3717 et
992 3661 1101 3730 ipsi
1131 3659 1240 3712 sint
1266 3671 1493 3724 mecum,
1527 3656 1802 3711 continuo
1855 3660 2089 3710 secutus

389 3763 678 3836 adjunxit,
693 3758 757 3815 Ut
772 3750 1315 3810 videantclaritatem
1353 3762 1526 3801 meum
1542 3763 1700 3816 quam
1715 3745 1913 3799 dediin
1929 3744 2086 3812 mihi,

391 3835 518 3923 quia
538 3845 790 3906 dilexisti
809 3858 893 3899 me
914 3847 1041 3895 ante
1062 3835 1506 3892 constitutionem
1529 3835 1744 3889 mundi.
1765 3835 1824 3891 Ul
1846 3836 2089 3899 videant,

390 3942 564 4006 dixit;
597 3951 738 3999 non,
770 3938 834 3988 ut
858 3929 1116 3985 credant.
1152 3924 1306 3980 Fidei
1341 3939 1560 3978 merces
1589 3928 1676 3978 est
1708 3924 1842 3990 ista,
1880 3941 1990 3979 non
2029 3926 2089 3977 ti-

385 4033 507 4088 des.
538 4027 592 4082 Si
617 4023 774 4080 enim
817 4019 957 4074 fides
991 4020 1048 4071 in
1082 4013 1337 4085 Epistola
1366 4013 1436 4068 ad
1474 4011 1740 4067 ilebrzeos
1787 4021 1936 4068 recte
1987 4013 2085 4068 de-

391 4121 553 4177 linita
581 4118 692 4180 est,
734 4107 1009 4167 Convictio
1039 4119 1227 4159 rerum
1273 4117 1392 4172 quae
1441 4116 1546 4156 non
1579 4101 1829 4156 videntur
1893 4103 2084 4172 (Ilebr.

387 4210 578 4281 χι,1);
611 4220 712 4260 cur
743 4217 857 4256 non
891 4210 1110 4252 merces
1162 4192 1287 4246 ﬁdei
1331 4188 1665 4258 deliniatur,
1694 4189 1844 4244 Visio
1893 4207 2088 4246 rerum

387 4279 516 4373 quis
546 4293 778 4352 credita:
810 4279 1408 4373 sperabantur?_Cum
1440 4279 1755 4373 viderimus
1787 4281 1942 4373 enim
1974 4281 2087 4373 cla-

389 4369 614 4446 ritatem
639 4399 813 4456 quam
847 4379 1003 4434 dedit
1035 4375 1196 4430 Pater
1227 4369 1640 4437 Filio,etiamsi
1673 4383 1799 4456 eam
1834 4369 1948 4456 dici
1981 4369 2090 4426 hoc

386 4481 510 4536 loco
532 4455 945 4541 intelligamus,
961 4480 1072 4519 non
1087 4475 1260 4532 quam
1279 4457 1440 4512 Pater
1454 4455 1658 4529 aequali
1684 4455 1821 4512 Filio
1845 4455 2090 4528 gignens

387 4583 520 4624 eum
545 4563 726 4626 dedit,
751 4556 853 4615 sed
874 4570 1050 4626 quam
1077 4552 1222 4607 facto
1249 4545 1502 4603 hominis
1527 4546 1642 4600 lilio
1667 4547 1682 4580 ¹
1710 4545 1866 4600 dedit
1888 4547 1937 4601 ei
1961 4549 2091 4616 post

388 4660 632 4713 mortem
663 4651 891 4706 crucis:
940 4643 1172 4714 quando
1230 4655 1362 4710 ergo
1394 4637 1724 4692 videbimus
1775 4635 1925 4692 illam
1960 4635 2086 4691 Filii

387 4735 994 4808 claritatem,prot‘ecto
1017 4739 1156 4784 tunc
1180 4728 1272 4782 ﬁet
1300 4724 1587 4796 judicium
1621 4725 1878 4780 vivorum
1914 4729 2088 4796 atque

389 4832 918 4892 mortuorum,tunc
933 4821 1235 4877 tolleretur
1253 4815 1568 4886 impius,ne
1581 4814 2092 4869 videatclaritatem

387 4921 615 4983 Domini
649 4915 804 4989 (Isai.
841 4928 989 4979 xxvi,
1025 4910 1150 4979 t0);
1184 4922 1384 4977 quam,
1420 4905 1529 4958 nisi
1577 4904 1734 4958 illam
1777 4920 1892 4974 qua
1933 4903 2087 4959 Deus

385 5016 514 5074 est?
545 5009 700 5068 Beati
732 5005 885 5062 enim
904 4995 1326 5060 mundicordes,
1353 4991 1631 5063 quoniam
1664 4992 1966 5063 ipsiDeum
2000 4992 2085 5047 vi-

385 5105 606 5164 debunt
637 5095 845 5172 (Mauh-
893 5108 947 5156 νυ
979 5091 1031 5158 8)
1065 5102 1078 5133 ³
1111 5100 1214 5141 nec
1239 5079 1673 5172 imundicordes
1696 5088 1835 5172 sunt
1894 5079 2085 5172 impii,

385 5167 689 5266 propterea
718 5201 829 5240 non
864 5177 1164 5266 videbunt.
1209 5171 1375 5266 Tunc
1405 5169 1570 5266 ibunt
1599 5167 1709 5266 ipsi
1758 5167 1818 5222 in
1850 5168 2085 5266 supplif

385 5257 535 5338 cium
568 5285 847 5335 aeternum
878 5289 891 5336 ;
924 5269 1007 5325 sic
1037 5264 1194 5322 enim
1246 5259 1481 5315 tolletur
1525 5257 1740 5328 impius
1772 5274 1864 5313 me
1895 5258 2085 5314 videat

385 5369 704 5425 claritatem
725 5359 990 5421 Domini:
1017 5356 1163 5429 justi
1197 5356 1393 5409 autem
1427 5348 1592 5403 ibunt
1623 5347 1679 5403 in
1711 5349 1887 5403 vitam
1919 5353 2081 5403 ester-

384 5473 521 5517 nam
561 5457 659 5527 (td.
690 5470 819 5520 xxv,
849 5452 961 5521 46).
1017 5447 1083 5502 Et
1128 5460 1255 5517 quas
1303 5445 1392 5497 est
1440 5439 1558 5494 vita
1605 5443 1817 5494 reterns
1848 5437 1875 5492 ?
1907 5438 1973 5494 Ut
1999 5453 2080 5493 co-

384 5552 666 5621 gnoscant,
707 5543 918 5614 inquit,
953 5547 1003 5594 te
1033 5538 1207 5592 solum
1239 5548 1427 5588 verum
1459 5529 1647 5600 Deum,
1678 5537 1732 5584 et
1790 5544 1945 5600 quem
1978 5529 2082 5583 mi-

447 5712 465 5752 ι
497 5707 584 5760 Er.
607 5701 771 5768 Lugd.
807 5705 859 5751 et
888 5698 1037 5758 Ven.,
1067 5698 1206 5760 facto
1227 5692 1422 5744 homini
1439 5689 1575 5754 ﬁlio.
1639 5691 1705 5739 Μ.

1367 304 1439 360 IN
1487 299 1809 362 JOANNIS
1857 295 2383 362 EVANGELIUM,
2433 298 2494 353 S.
2543 295 2966 356 AUGUS'I‘INI

3773 298 3925 356 1928

2219 433 2341 485 sisti
2372 432 2550 486 Iesum
2573 430 2851 484 Christum
2881 431 3060 500 (Joan.
3095 447 3228 499 xvn,
3262 432 3316 501 3)
3353 448 3364 486 :
3405 447 3516 484 non
3553 432 3750 501 utique
3775 433 3925 485 sicut

2221 536 2353 575 eum
2386 525 2781 592 cognoverunt
2813 520 2912 592 qui
2945 520 3080 577 licet
3111 537 3226 576 non
3259 520 3692 586 mundicordes,
3726 526 3924 576 tamen

2221 610 2278 666 in
2298 613 2479 666 forma
2497 613 2642 668 servi
2658 613 3357 683 clariﬁcatajudicantem
3375 613 3568 668 videre
3586 619 3922 684 potuerunt;

2221 702 2318 756 sed
2344 701 2496 757 sicut
2515 701 2954 772 cognoscendus
2973 707 3062 757 est
3077 720 3109 756 a
3128 703 3366 757 mundis
3383 703 3557 757 corde
3578 701 3739 757 solus
3759 718 3924 758 verus

2221 791 2392 858 Deus,
2426 809 2554 846 cum
2593 792 2758 847 Patre
2801 797 2856 847 et
2885 793 3098 862 Spiritu
3135 802 3333 848 sancto
3380 791 3578 859 Filius,
3622 794 3762 864 quia
3803 792 3924 862 ipsa

2216 879 2468 935 Trinitas
2501 886 2584 936 est
2617 880 2777 937 solus
2808 898 2976 937 verus
3026 881 3191 937 Deus.
3229 882 3287 936 Si
3321 898 3456 953 ergo
3505 884 3822 937 secundum
3866 881 3920 936 id

2218 970 2368 1041 quod
2403 971 2584 1026 Filius
2615 971 2715 1026 Dei
2745 971 2900 1027 Deus
2921 980 3007 1027 est
3037 972 3186 1027 Patri
3210 973 3450 1044 aequatis
3479 977 3658 1042 atque
3688 978 3919 1026 coaater-

2221 1076 2366 1120 nus;
2401 1062 2753 1131 accipiamus
2788 1062 2892 1118 hoc
2922 1062 3168 1128 dictum,
3207 1061 3328 1116 Volo
3360 1065 3416 1116 ut
3448 1062 3544 1116 ubi
3572 1077 3668 1132 ego
3687 1078 3828 1127 sunt,
3862 1069 3917 1116 et

2215 1153 2322 1220 ipsi
2349 1152 2458 1205 sint
2483 1166 2713 1219 mecum,
2745 1152 2802 1206 in
2837 1151 3000 1206 Patre
3027 1168 3156 1206 cum
3178 1152 3400 1208 Christo
3423 1151 3671 1220 erimus;
3693 1151 3786 1206 sed
3820 1149 3917 1206 ille

2217 1242 2370 1296 sicut
2393 1241 2508 1312 ille,
2529 1258 2634 1298 nos
2653 1244 2806 1297 sicut
2825 1259 2948 1302 nos.
2974 1242 3328 1314 ubicumque
3351 1257 3588 1312 corpore
3611 1239 3914 1296 fuerimus.

2218 1333 2274 1386 Si
2308 1334 2465 1388 enim
2520 1334 2648 1389 loca
2678 1335 2922 1390 dicenda
2965 1339 3123 1402 sunt,
3157 1342 3209 1390 et
3241 1334 3456 1405 quibus
3511 1350 3623 1388 non
3677 1350 3919 1404 corpora

2215 1423 2610 1488 continentur,
2641 1429 2699 1478 et
2730 1423 2891 1479 locus
2939 1429 3027 1479 est
3058 1425 3263 1494 cuique
3297 1424 3376 1479 rei
3415 1422 3510 1477 ubi
3567 1427 3654 1478 est
3689 1441 3705 1492 ;
3755 1422 3916 1478 locus

2215 1512 2428 1567 Christi
2460 1522 2710 1568 aeternus
2741 1513 2841 1568 ubi
2874 1519 3226 1584 semperest,
3257 1514 3382 1584 ipse
3413 1513 3576 1568 Pater
3609 1517 3718 1576 est,
3741 1517 3798 1567 et
3831 1513 3913 1567 lo-

2216 1620 2318 1659 cus
2348 1603 2534 1658 Patris
2569 1603 2749 1658 Filius
2782 1609 2869 1658 est
2903 1624 2914 1664 ;
2950 1605 3105 1675 quia,
3143 1605 3268 1674 Ego,
3305 1605 3510 1674 inquit,
3545 1604 3600 1656 in
3651 1604 3834 1671 Patre,
3867 1613 3922 1659 et

2217 1694 2381 1748 Pater
2410 1693 2466 1748 in
2501 1709 2586 1746 me
2607 1697 2681 1748 est
2712 1694 2811 1764 (Id.
2847 1710 2958 1760 xxv,
2995 1695 3110 1760 10);
3140 1700 3196 1748 et
3228 1695 3283 1748 in
3318 1695 3424 1748 hac
3457 1694 3738 1760 oratione,
3763 1693 3920 1747 Sicut

2216 1790 2271 1837 tu
2304 1783 2489 1850 Pater,
2524 1783 2733 1853 inquit,
2767 1785 2822 1837 in
2857 1799 2961 1850 me,
3005 1789 3055 1838 et
3087 1799 3178 1854 ego
3213 1785 3270 1837 in
3301 1789 3349 1838 te
3380 1802 3396 1837 :
3429 1788 3485 1837 et
3517 1783 3679 1837 locus
3726 1792 3923 1838 noster

2218 1872 2325 1941 ipsi
2355 1878 2512 1940 sunt,
2547 1873 2686 1943 quia
2716 1873 3003 1944 sequitur,
3034 1875 3095 1930 Ut
3116 1877 3162 1927 et
3198 1874 3306 1942 ipsi
3332 1876 3390 1927 in
3420 1873 3576 1928 nobis
3611 1889 3781 1926 unum
3803 1872 3922 1927 sint

2212 1962 2318 2030 (Id.
2352 1980 2490 2030 xvu,
2523 1962 2613 2033 2t)
2640 1982 2651 2017 :
2675 1968 2732 2018 et
2755 1980 2859 2018 nos
2890 1963 3052 2018 locus
3086 1963 3180 2018 Dei
3204 1980 3433 2027 sumus,
3461 1963 3737 2034 quoniam
3772 1967 3923 2017 tem-

2213 2051 2377 2121 plum
2410 2053 2536 2121 ejus
2567 2067 2772 2106 sumus
2797 2051 2972 2117 ;sicut
3002 2057 3129 2106 orat
3161 2067 3261 2122 pro
3295 2051 3462 2106 nobis
3511 2050 3609 2120 qui
3647 2055 3919 2104 mortuus

2211 2144 2299 2195 est
2322 2155 2423 2211 pro
2455 2141 2642 2206 nobis,
2677 2140 2931 2210 vivitque
2954 2156 3054 2210 pro
3078 2139 3260 2200 nobis.
3297 2149 3354 2194 ut
3381 2140 3436 2194 in
3462 2140 3605 2209 ipsis
3632 2154 3812 2193 unum
3837 2137 3918 2193 si-

2214 2247 2374 2298 mus;
2399 2230 2533 2300 quia
2553 2233 2730 2300 lactus
2751 2235 2827 2286 est
2851 2233 2907 2286 in
2931 2247 3064 2302 pace
3086 2231 3238 2286 locus
3264 2232 3403 2300 ejus,
3429 2238 3480 2286 et
3504 2230 3918 2299 habitatioejus

2210 2322 2267 2376 in
2301 2321 2431 2378 Sion
2461 2323 2631 2394 (Psal.
2667 2339 2827 2390 Lxxv,
2859 2323 2935 2394 3),
2959 2339 3086 2394 quae
3120 2340 3222 2378 nos
3249 2339 3474 2378 sumus.
3500 2323 3609 2377 Sed
3635 2322 3768 2392 quis
3792 2322 3912 2376 ido-

2211 2430 2354 2468 neus
2386 2413 2511 2469 loca
2552 2413 2686 2482 ista,
2710 2413 2794 2468 vel
2827 2431 2953 2484 quae
2987 2419 3121 2467 sunt
3171 2413 3226 2468 in
3258 2412 3398 2468 locis
3431 2412 3580 2478 istis,
3616 2412 3742 2468 sine
3774 2429 3917 2483 spa-

2211 2504 2376 2560 tiosis
2398 2505 2820 2575 capacitatibue
2835 2509 2890 2560 et
2908 2504 3032 2559 sine
3048 2503 3336 2573 corporeis
3354 2503 3602 2558 molibus
3618 2504 3876 2574 cogitare
3892 2504 3919 2557 ’ἓ

2209 2593 2330 2649 Non
2366 2611 2566 2663 parum
2595 2600 2784 2650 tamen
2821 2595 3138 2666 proficitur,
3173 2595 3218 2648 si
3252 2595 3455 2649 Saltem
3491 2593 3770 2664 quidquid
3799 2593 3920 2647 tale

2208 2685 2372 2738 oculo
2391 2683 2579 2738 cordis
2605 2683 2877 2751 occurrit,
2895 2688 3154 2754 negatur,
3180 2683 3491 2753 respuitur,
3511 2682 3912 2754 improbatur:

2208 2785 2258 2827 et
2290 2774 2387 2828 lux
2419 2774 2678 2844 quaedam
2713 2774 2768 2828 in
2802 2792 2911 2844 qua
2943 2774 3058 2828 ista
3100 2775 3385 2844 neganda,
3422 2774 3766 2844 respuenda,
3799 2774 3918 2827 im-

2209 2863 2504 2933 probanda
2518 2872 2853 2928 cernuntur,
2871 2863 3021 2918 sicut
3036 2863 3302 2934 potuerit.
3325 2865 3605 2933 cogitatur
3626 2877 3638 2927 ;
3660 2868 3716 2916 et
3733 2880 3916 2932 quam

2207 2952 2283 3008 sit
2308 2958 2461 3007 certa
2488 2953 2873 3022 cognoscitur,
2895 2957 3215 3020 etamatur,
3245 2960 3300 3006 ut
3336 2953 3466 3006 inde
3491 2958 3786 3022 surgatur,
3821 2957 3914 3006 at-

2206 3057 2314 3114 que
2337 3043 2404 3098 ad
2431 3042 2703 3098 interiora
2734 3044 3042 3098 tendatur:
3075 3059 3202 3113 quae
3238 3059 3368 3096 cum
3408 3047 3709 3112 penetrare
3744 3058 3917 3098 mens

2208 3131 2479 3201 invalida,
2514 3137 2567 3187 et
2601 3133 2794 3187 minus
2828 3149 2999 3202 quam
3033 3133 3131 3186 illa
3162 3140 3315 3198 sunt,
3353 3148 3517 3202 pura,
3552 3131 3916 3201 nequiverit;

2207 3241 2317 3277 non
2340 3223 2463 3278 sine
2487 3224 2703 3278 amoris
2726 3223 2940 3293 gemitu
2967 3221 3310 3277 etdcsidcrii
3337 3223 3606 3294 lacrymis
3628 3222 3764 3275 inde
3790 3225 3919 3292 pcl-

2203 3312 2468 3379 lutur;et
2493 3312 2769 3381 patienter
2809 3313 2951 3366 lerat
2979 3312 3261 3382 quamdiu
3298 3314 3408 3366 tide
3443 3313 3782 3376 inundatur,
3819 3319 3918 3366 at-

2205 3418 2314 3471 que
2347 3411 2402 3455 ut
2435 3401 2549 3456 illic
2592 3401 2850 3455 habitare
2883 3402 3086 3462 valeat,
3135 3401 3355 3455 sanctis
3389 3401 3645 3456 moribus
3681 3417 3917 3471 praepa-

2205 3496 2363 3545 ratur
2396 3495 2438 3545 ¹.

2274 3581 2325 3634 4.
2356 3581 2652 3644 Quomodo
2681 3597 2815 3652 ergo
2852 3598 2961 3635 non
2997 3581 3213 3634 erimus
3238 3597 3363 3635 eum
3402 3581 3622 3635 Christo
3657 3581 3753 3634 ubi
3797 3589 3914 3648 est,

2202 3673 2431 3741 quando
2465 3673 2522 3726 in
2557 3669 2719 3725 Patre
2753 3687 2882 3724 cum
2923 3669 3019 3723 illo
3051 3671 3268 3725 erimus
3303 3672 3354 3725 in
3385 3687 3499 3740 quo
3531 3674 3616 3724 est
3648 3670 3673 3722 ι
3707 3669 3916 3739 Neque

2203 3761 2338 3815 hinc
2372 3759 2675 3830 Apostolus
2711 3761 2899 3825 nobis,
2934 3760 3200 3830 quamvis
3233 3761 3488 3814 nondum
3515 3776 3628 3814 rem
3659 3761 3914 3814 tenenti-

2202 3853 2333 3915 bus,
2368 3852 2465 3905 sed
2503 3856 2690 3904 tamen
2726 3866 2885 3918 spem
2938 3849 3295 3920 gerentibus,
3331 3850 3524 3904 tacuit.
3570 3850 3662 3903 Ait
3694 3853 3854 3906 enim
3895 3869 3908 3907 :

2201 3941 2260 3995 Si
2289 3939 2667 3995 resurrexistis
2687 3955 2810 3993 cum
2836 3939 3066 4005 Christo,
3088 3954 3210 4011 quae
3236 3956 3453 3994 sursum
3491 3944 3618 3994 sunt
3649 3941 3912 4010 quwrite,

2201 4028 2296 4084 ubi
2330 4030 2577 4084 Christus
2601 4037 2676 4084 est
2700 4028 2759 4083 in
2780 4027 3003 4082 dextera
3037 4028 3132 4083 Dei
3146 4031 3366 4090 sedens;
3390 4043 3514 4100 quae
3534 4045 3751 4083 sursum
3773 4041 3912 4086 sunt

2199 4120 2393 4190 sapite,
2422 4134 2528 4173 non
2553 4132 2677 4188 quae
2696 4120 3090 4188 superterram.
3114 4118 3322 4173 Μονιαὶ
3342 4120 3491 4172 enim
3520 4120 3663 4185 estis,
3686 4119 3910 4188 inquit,

2198 4215 2253 4263 et
2283 4211 2393 4263 vita
2426 4215 2603 4263 vestra
2632 4206 2945 4262 abscondita
2977 4210 3051 4262 est
3096 4223 3219 4261 cum
3253 4206 3466 4263 Christo
3499 4209 3555 4262 in
3599 4209 3722 4264 Deo.
3759 4208 3913 4264 Ecce

2201 4298 2432 4354 interim
2460 4298 2570 4352 fide
2601 4313 2664 4350 ac
2695 4313 2794 4368 spe
2826 4296 2941 4351 vita
2971 4301 3170 4352 nostra
3210 4297 3307 4351 ubi
3342 4297 3601 4352 Christus
3624 4303 3728 4364 est,
3763 4316 3908 4355 cum

2201 4389 2296 4444 illo
2329 4396 2411 4444 est
2442 4408 2455 4455 ;
2490 4387 2626 4457 quia
2657 4403 2784 4441 cum
2818 4387 3040 4442 Christo
3072 4388 3127 4441 in
3149 4386 3264 4443 Deo
3294 4393 3399 4442 est.
3436 4388 3576 4442 Ecce
3598 4389 3908 4458 velutjam

2203 4480 2411 4534 factum
2445 4484 2533 4532 est
2563 4478 2710 4547 quod
2747 4477 2931 4531 oravit
2963 4481 3026 4531 ut
3076 4477 3252 4536 fieret.
3288 4478 3502 4545 dicens,
3547 4478 3679 4532 Volo
3712 4485 3771 4532 ut
3804 4480 3913 4534 ubi

2198 4586 2292 4640 ego
2327 4586 2470 4637 sum,
2503 4573 2552 4622 et
2583 4569 2689 4638 ipsi
2734 4567 2845 4622 sint
2876 4583 3122 4622 mecum:
3182 4569 3280 4623 sed
3329 4585 3482 4623 nunc
3543 4586 3642 4639 per
3699 4569 3906 4626 ﬁdem.

2199 4660 2437 4724 Quando
2461 4662 2655 4712 autem
2679 4659 2774 4712 ﬁet
2796 4673 2895 4727 per
2918 4657 3166 4728 speciem
3192 4656 3364 4712 ?Cum
3391 4659 3659 4724 Carisius,
3684 4659 3908 4730 inquit,

2197 4747 2519 4819 apparuerit
2551 4746 2664 4802 vita
2687 4753 2884 4816 vestra,
2918 4754 3051 4802 tunc
3069 4755 3120 4802 et
3144 4764 3232 4803 vos
3264 4749 3602 4820 apparebitis
3630 4765 3754 4804 cum
3787 4754 3911 4821 ipso

2197 4839 2256 4893 in
2285 4839 2469 4909 gloria
2497 4834 2724 4910 (Coloss.
2780 4852 2866 4904 ιιι,
2903 4838 3043 4907 1-4).
3082 4840 3242 4891 Tunc
3294 4838 3701 4909 apparebimus
3741 4843 3904 4912 quod

2196 4935 2336 4986 tunc
2366 4927 2584 4982 erimus
2608 4945 2621 4992 ;
2648 4927 2782 4997 quia
2805 4934 2940 4982 tunc
2961 4927 3261 4997 apparebit
3290 4945 3402 4982 non
3429 4929 3678 4984 inaniter
3700 4947 3805 4986 nos
3841 4933 3899 4986 id

2197 5017 2512 5075 credidisse
2541 5033 2606 5072 ac
2633 5031 2900 5086 sperasse
2918 5022 3227 5085 antequam
3253 5033 3538 5084 essemus,
3572 5020 3744 5076 faciet
3789 5023 3908 5079 hoc

2197 5108 2286 5164 cui
2319 5107 2499 5162 Filius
2532 5120 2666 5160 cum
2699 5104 2942 5160 dixisset
2972 5105 3089 5171 ’,Ul
3120 5107 3335 5160 videant
3373 5110 3687 5165 claritatem
3719 5128 3904 5168 meam

2195 5214 2359 5271 quam
2389 5198 2583 5252 dedisti
2611 5195 2768 5262 mihi,
2795 5195 3073 5250 continuo
3113 5197 3430 5267 subjunxit,
3484 5201 3620 5268 Quia
3652 5202 3907 5258 dilexisti

2193 5303 2282 5342 me
2310 5293 2440 5342 ante
2467 5287 2912 5340 constitutionem
2941 5285 3156 5342 mundi.
3200 5287 3262 5341 In
3298 5287 3394 5344 illo
3426 5291 3580 5346 enim
3614 5291 3810 5348 dilexit
3845 5302 3898 5349 et

2260 5437 2274 5467 ι
2304 5431 2654 5495 Erzparetur,
2672 5429 2837 5495 juxta,
2853 5431 2935 5480 Er.
2971 5431 3137 5495 Lugd.
3169 5432 3296 5482 Ven.
3328 5432 3454 5484 [ιον.
3514 5436 3581 5488 Μ.

2256 5491 2552 5565 9_P_lerique
2574 5491 2698 5539 editi
2720 5493 2803 5565 hic
2827 5492 2968 5565 inter
2989 5491 3390 5565 se'discrepant.
3422 5498 3505 5548 Sic
3527 5501 3650 5565 legit
3671 5503 3751 5552 Er.
3772 5519 3780 5550 :
3798 5504 3893 5551 Fa-

2191 5558 2300 5607 ciat
2319 5557 2421 5622 _hoc
2452 5553 2614 5622 filius
2637 5556 2731 5617 qui
2758 5569 2870 5604 cuni
2896 5557 3151 5622 dixisset.
3171 5553 3316 5622 Lor"
3357 5553 3637 5622 anteguaum
3669 5579 3896 5615 essemus

2190 5618 2328 5681 facti
2351 5633 2370 5665 :
2402 5617 2487 5664 cui
2507 5615 2686 5692 Filia:
2704 5632 2816 5692 cum
2849 5620 3084 5692 dixisset.
3134 5615 3562 5692 Lugduet‘Ven,
3582 5629 3720 5692 quod
3752 5633 3894 5678 ante-

2193 5679 2349 5748 quam
2381 5691 2611 5727 essemus.
2648 5679 2784 5730 Fecit
2815 5681 2902 5729 cui
2931 5681 3102 5732 Filius
3132 5679 3244 5734 cum
3277 5684 3515 5739 dixisset.
3543 5679 3640 5742 τι.
