4182 6198
325 261 481 322 1929

318 409 425 450 nos
455 396 588 447 ante
616 388 1095 446 constitutionem
1130 388 1352 453 mundi,
1381 392 1438 444 et
1471 393 1611 444 tunc
1643 390 2025 459 praedestina-

318 484 396 539 vit
428 482 585 553 quod
616 480 675 535 in
711 480 822 535 fine
855 478 1115 534 facturus
1148 482 1237 533 est
1268 478 1498 534 mundi.

387 572 441 626 5.
496 573 683 637 Pater,
734 568 946 640 inquit,
988 568 1164 639 juste,
1216 566 1452 622 mundus
1500 574 1550 623 te
1598 583 1708 623 non
1764 566 2031 636 cognovit,

317 660 465 723 Quia
490 659 689 728 justus
719 672 804 722 es,
829 654 962 710 ideo
988 659 1045 709 te
1069 671 1185 710 non
1208 655 1494 726 cognovit.
1532 654 1785 709 Mundus
1818 656 2035 726 quippe

321 750 417 804 ille
449 746 806 803 damnationi
843 745 1293 815 prmdestinatus
1328 746 1531 800 merito
1572 762 1685 801 non
1738 744 2031 816 cognovit.

320 839 581 896 mundus
610 854 743 892 vero
775 852 950 907 quem
1002 852 1097 905 per
1126 834 1428 891 Christum
1478 835 1873 890 reconciliavit
1905 834 2032 900 sibi,

320 945 435 984 non
472 928 699 992 merito,
731 926 835 980 scd
868 925 1053 996 gratia
1084 924 1373 995 cognovit.
1411 922 1557 988 Quid
1592 931 1674 977 est
1707 922 1862 977 enim
1899 937 2032 976 cum

317 1033 692 1089 cognoscere,
726 1016 836 1070 nisi
867 1016 982 1069 vita
1012 1014 1267 1069 aeterna?
1298 1029 1471 1084 quam
1508 1012 1723 1068 mundo
1756 1013 2033 1068 damnato

320 1112 527 1178 utique
560 1121 674 1161 non
705 1104 886 1170 dedit,
906 1103 1275 1158 reconciliato
1300 1101 1483 1157 dedit.
1505 1102 1818 1172 Propterea
1840 1100 2034 1171 itaque

320 1197 581 1252 mundus
614 1211 728 1251 non
751 1193 1043 1266 cognovit,
1072 1192 1211 1262 quia
1228 1193 1426 1263 justus
1448 1206 1532 1258 es,
1558 1194 1615 1245 et
1640 1190 1864 1246 meritis
1885 1191 2030 1258 ejus,

317 1292 384 1341 ut
418 1302 535 1342 non
567 1285 958 1347 cognosceret,
992 1280 1246 1337 tribuisti
1276 1297 1291 1335 :
1326 1284 1382 1335 et
1424 1285 1729 1352 propterea
1774 1280 2033 1336 mundus

318 1376 730 1433 reconciliatus
775 1371 1065 1445 cognovit,
1100 1372 1239 1444 quia
1286 1370 1616 1427 misericors
1648 1386 1731 1439 es,
1761 1374 1818 1424 et
1844 1374 1908 1424 ut
1937 1385 2031 1424 co-

317 1470 627 1540 gnosceret
658 1480 770 1520 non
804 1464 853 1518 ei
887 1463 1120 1529 merito,
1146 1463 1247 1517 sed
1279 1464 1464 1533 gratia
1497 1460 1838 1515 subvenisti.
1864 1459 2034 1516 Deni-

318 1571 430 1628 que
462 1554 747 1626 sequitur,
781 1555 891 1624 Ego
921 1559 1107 1606 autem
1138 1560 1185 1607 te
1216 1552 1461 1620 cognovi.
1496 1549 1624 1620 Ipse
1668 1549 1797 1604 fons
1839 1548 2031 1618 gratiis

318 1656 404 1703 est
437 1648 591 1701 Deus
623 1654 851 1711 natura,
885 1642 1059 1699 homo
1109 1645 1301 1696 autem
1351 1640 1421 1695 de
1471 1639 1690 1711 Spiritu
1740 1644 1942 1694 sancto
1977 1642 2033 1695 et

317 1736 559 1808 Virgine
585 1733 861 1790 ineffabili
890 1734 1077 1806 gratia
1102 1747 1115 1787 :
1137 1731 1385 1802 denique
1408 1736 1641 1803 propter
1659 1730 1875 1801 ipsum,
1894 1730 2033 1801 quia

317 1826 504 1899 gratia
560 1825 656 1880 Dei
708 1840 807 1896 per
850 1823 1053 1880 Jesum
1086 1821 1383 1878 Christum
1432 1825 1521 1875 est
1563 1819 1872 1875 Dominum
1921 1835 2027 1875 no-

316 1923 528 1985 strum,
560 1916 624 1971 Et
656 1915 713 1969 hi
741 1922 1128 1983 cognoverunt,
1162 1910 1372 1983 inquit,
1405 1909 1535 1982 quia
1575 1918 1633 1964 tu
1675 1925 1760 1965 me
1804 1910 2021 1965 misisti.

320 2008 444 2075 Ipse
465 2010 557 2061 est
582 2004 839 2060 mundus
863 2001 1408 2059 reconciliatus.Sed
1430 2000 1570 2072 quia
1591 2004 1651 2054 tu
1675 2014 1764 2054 me
1788 1998 2020 2061 misisti,

319 2095 447 2150 ideo
477 2100 869 2166 cognoverunt
899 2107 913 2148 :
946 2107 1082 2163 ergo
1114 2091 1304 2164 gratia
1334 2091 1743 2161 cognoverunt.

384 2187 438 2240 6.
473 2187 537 2240 Et
568 2190 757 2239 notum
783 2183 894 2252 feci
921 2181 1020 2249 eis,
1053 2180 1262 2252 inquit,
1294 2194 1491 2235 nomen
1523 2184 1704 2245 tuum,
1738 2186 1787 2234 et
1832 2185 2023 2233 notum

317 2277 542 2346 faciam.
566 2273 780 2329 Notum
813 2271 918 2327 feci
951 2286 1050 2340 per
1081 2270 1280 2337 ﬁdem,
1307 2278 1505 2324 notum
1534 2268 1738 2323 faciam
1765 2283 1865 2340 per
1885 2283 2019 2338 spe-

317 2365 463 2419 ciem
500 2380 513 2418 :
550 2367 755 2417 notum
790 2360 893 2415 feci
926 2376 1059 2415 cum
1102 2360 1216 2413 fine
1265 2358 1782 2425 peregrinantibus,
1818 2361 2020 2411 notum

318 2453 528 2508 faciam
557 2452 683 2508 sine
713 2451 828 2505 ﬁne
860 2448 1256 2522 regnantibus.
1282 2448 1343 2505 Ut
1373 2447 1612 2516 dilectio,
1633 2448 2022 2519 inquit,quam

316 2540 567 2599 dilexisti
595 2556 701 2608 me,
725 2541 785 2596 in
815 2542 954 2610 ipsis
983 2542 1076 2607 sit,
1101 2546 1153 2594 et
1173 2554 1266 2610 ego
1287 2539 1347 2593 in
1367 2540 1520 2609 ipsis.
1540 2537 1665 2592 Non
1687 2541 1772 2592 est
1805 2537 2023 2592 usitata

315 2634 554 2698 locutio,
584 2632 802 2687 dilectio
835 2646 997 2702 quam
1027 2629 1278 2685 dilexisti
1306 2644 1412 2693 me,
1445 2630 1505 2682 in
1532 2627 1671 2699 ipsis
1717 2626 1812 2693 sit,
1842 2630 1897 2681 ct
1925 2643 2023 2696 ego

316 2725 375 2779 in
398 2723 568 2794 ipsis:
588 2723 799 2777 usitate
821 2720 1030 2791 quippe
1052 2718 1363 2783 diceretur,
1379 2716 1613 2774 dilectio
1636 2733 1748 2787 qua
1773 2716 2023 2771 dilexisti

316 2826 430 2866 me.
460 2808 542 2864 De
572 2823 756 2879 graeco
786 2807 1018 2877 quidem
1053 2806 1161 2860 ista
1191 2804 1475 2860 translata
1498 2809 1589 2860 est
1614 2822 1626 2860 :
1656 2804 1755 2859 sed
1789 2809 1927 2858 sunt
1950 2804 2027 2857 si-

317 2898 479 2954 miles
511 2895 823 2963 etlatinae;
876 2897 1027 2950 sicut
1057 2894 1329 2961 dicimus,
1383 2893 1635 2949 Fidelem
1687 2895 2024 2948 servitutem

318 2988 576 3058 servivit,
610 2992 912 3044 strenuam
946 2985 1216 3041 militiam
1253 2984 1556 3051 militavit;
1610 2999 1741 3039 cum
1776 2984 1888 3039 dici
1920 2984 2026 3038 de-

318 3078 522 3133 buisse
551 3077 836 3142 videatur,
862 3072 1044 3129 Fideli
1073 3072 1351 3129 servitute
1384 3072 1637 3136 servivit,
1663 3076 1901 3127 strenua
1923 3072 2025 3126 mi-

322 3167 451 3223 litia
484 3165 779 3221 militavit.
811 3163 1007 3227 Qualis
1056 3166 1246 3218 autem
1280 3162 1384 3217 ista
1418 3161 1629 3216 locutio
1664 3165 1774 3225 est,
1805 3159 2029 3215 dilectio

322 3273 488 3328 quam
518 3254 777 3309 dilexisti
804 3270 923 3317 me;
951 3251 1049 3306 tali
1082 3258 1138 3307 et
1165 3250 1482 3321 Apostolus
1516 3266 1656 3305 usus
1687 3255 1791 3317 est,
1818 3251 2030 3304 Bonum

322 3356 601 3403 certamen
631 3344 845 3399 certavi
866 3342 938 3415 (Il
976 3341 1112 3398 Tim.
1145 3356 1219 3409 iv,
1250 3343 1309 3413 7)
1343 3357 1355 3394 :
1391 3356 1505 3395 non
1540 3339 1639 3408 ait,
1664 3339 1813 3395 bono
1845 3342 2031 3394 certa-

324 3436 507 3503 mine,
540 3434 693 3506 quod
737 3432 1011 3488 usitatius
1041 3436 1099 3486 et
1128 3435 1407 3502 tanquam
1458 3430 1676 3485 rectius
1721 3429 2027 3485 diceretur.

321 3524 628 3590 Quomodo
660 3530 851 3578 autem
883 3521 1115 3576 dilectio
1149 3536 1325 3591 quam
1358 3519 1558 3574 dilexit
1592 3520 1757 3573 Pater
1797 3519 2029 3586 Filium,

321 3619 411 3671 est
439 3619 498 3670 et
534 3613 591 3667 in
624 3611 812 3681 nobis,
840 3609 953 3665 nisi
985 3610 1124 3680 quia
1156 3608 1416 3664 membra
1445 3608 1574 3679 ejus
1611 3624 1838 3675 sumus,
1873 3613 1930 3663 et
1971 3606 2033 3661 in

319 3707 421 3764 illo
455 3703 783 3775 diligimur,
805 3717 936 3758 cum
961 3701 1086 3771 ipse
1109 3699 1375 3771 diligitur
1395 3703 1571 3764 totus,
1595 3697 1652 3752 id
1678 3703 1763 3753 est
1784 3702 1960 3768 caput
1980 3701 2035 3751 et

323 3793 588 3867 corpus?
618 3794 749 3848 Ideo
774 3789 1094 3860 subjunxit,
1130 3793 1181 3843 et
1212 3804 1314 3859 ego
1344 3787 1406 3842 in
1435 3787 1609 3857 ipsis;
1639 3795 1905 3855 tanquam
1942 3785 2033 3839 di-

322 3888 501 3952 ceret,
528 3880 797 3953 quoniam
825 3894 930 3950 ego
961 3893 1090 3933 sum
1116 3881 1171 3931 et
1201 3877 1254 3930 in
1291 3874 1452 3946 ipsis.
1478 3875 1659 3930 Aliter
1679 3874 1833 3930 enim
1858 3879 1947 3929 est
1975 3874 2034 3928 in

325 3974 500 4031 nobis
541 3983 823 4041 tauquam
868 3969 926 4023 in
976 3966 1190 4037 templo
1221 3982 1360 4033 suo;
1396 3966 1560 4023 aliter
1590 3971 1782 4020 autem
1816 3965 1949 4033 quia
1980 3968 2037 4019 et

324 4082 436 4121 nos
458 4065 584 4134 ipse
608 4077 838 4129 sumus,
864 4076 995 4114 cum
1029 4058 1354 4114 secundum
1379 4056 1435 4110 id
1460 4056 1609 4126 quod
1636 4059 1699 4109 ut
1724 4058 1898 4125 caput
1929 4070 2037 4109 no—

325 4159 519 4210 strum
550 4155 723 4220 esset,
749 4150 923 4204 homo
957 4150 1141 4204 factus
1158 4153 1266 4211 est,
1291 4162 1502 4216 corpus
1534 4145 1663 4214 ejus
1694 4160 1923 4200 sumus.
1952 4144 2040 4199 Fi-

326 4243 454 4299 nita
484 4247 576 4297 est
604 4238 926 4297 Salvatoris
954 4237 1159 4305 oratio,
1192 4234 1400 4306 incipit
1432 4235 1618 4306 passio
1644 4250 1656 4287 :
1681 4250 1815 4304 ergo
1844 4242 1897 4289 et
1931 4233 2039 4288 iste

327 4349 525 4389 sermo
572 4330 834 4395 finiatur,
868 4335 930 4383 ut
960 4329 1031 4383 de
1060 4326 1332 4399 passione
1365 4326 1518 4397 quod
1566 4325 1690 4396 ipse
1720 4325 2037 4389 donaverit,

328 4422 463 4479 aliis
497 4421 866 4479 sermonibus
891 4418 1239 4489 disputetur.

866 4542 1287 4600 TRACTATUS
1342 4543 1503 4599 CXII.

325 4660 395 4713 In
429 4657 492 4712 id
513 4653 655 4728 quod
684 4654 956 4726 sequitur,
982 4654 1111 4708 Ilaec
1134 4667 1266 4706 cum
1294 4650 1535 4707 dixisset
1554 4650 1752 4716 Jesus,
1776 4664 2042 4721 egressus

394 4755 483 4806 est
515 4760 648 4800 cum
671 4741 976 4814 discipulis
1008 4741 1149 4802 suis.
1178 4748 1303 4809 etc.;
1340 4756 1504 4812 usque
1535 4739 1603 4794 ad
1635 4739 1712 4807 id,
1760 4742 2042 4810 Compre-

404 4834 742 4891 henderunt
786 4835 1013 4893 Jesum.
1054 4834 1111 4886 et
1156 4830 1483 4901 ligaverunt
1529 4845 1685 4885 eum.
1720 4828 1847 4900 Cap.
1882 4844 2039 4894 xvur,

404 4926 460 4995 ψ.
497 4923 660 4980 1-12.

403 5050 457 5105 1.
510 5047 839 5104 Terminato
886 5060 1098 5117 magno
1157 5044 1493 5115 prolixoque
1551 5058 1819 5098 sermone
1868 5058 2044 5114 quem

329 5145 468 5215 post
498 5154 725 5195 omnem
759 5135 1062 5204 Dominus,
1091 5135 1388 5190 fundendo
1420 5151 1521 5205 pro
1554 5134 1720 5190 nobis
1750 5133 2046 5204 proximus

332 5228 638 5301 sanguini,
654 5229 722 5281 ad
740 5226 1060 5298 discipulos
1083 5223 1400 5295 habuitqui
1424 5240 1558 5279 cum
1580 5222 1681 5277 illo
1702 5229 1842 5278 tunc
1858 5231 2043 5289 erant,

332 5322 620 5391 adjuncta
650 5317 910 5373 oratione
940 5332 1117 5387 quam
1151 5314 1364 5369 direxit
1392 5312 1464 5367 ad
1495 5312 1742 5381 Patrem,
1775 5312 2046 5380 deinceps

332 5412 462 5482 ejus
515 5406 847 5479 passionem
894 5406 1149 5462 Joannes
1196 5402 1543 5475 evangelista
1592 5403 1672 5457 sic
1712 5418 1879 5458 orsus
1909 5409 2042 5455 est:

333 5504 522 5559 «Haec
547 5512 683 5554 cum
708 5494 948 5551 dixisset
967 5483 1160 5560 Jesus,
1180 5508 1453 5565 egressus
1477 5496 1565 5547 est
1584 5506 1719 5546 cum
1742 5490 2047 5561 discipulis

333 5589 457 5647 suis
482 5592 650 5645 trans
671 5588 991 5642 torrentem
1012 5583 1257 5654 Cedron,
1274 5583 1368 5640 ubi
1390 5586 1511 5641 erat
1534 5580 1761 5651 hortus,
1784 5580 1845 5637 in
1871 5596 2046 5654 quem

664 5687 933 5752 Panos.
975 5684 1210 5751 XXXV.

1455 255 1919 316 TRAC'I‘A'I‘US
1963 251 2145 313 CXII.
2191 252 2446 315 CAPUT
2490 254 2707 315 XVIII.

3690 262 3840 324 1930

2143 386 2405 443 introivit
2427 388 2551 459 ipse
2572 390 2629 442 et
2649 386 2918 460 discipuli
2944 388 3326 458 ejus.Sciebat
3346 397 3541 448 autem
3565 399 3617 450 et
3638 395 3842 464 Judas,

2143 478 2239 548 qui
2272 478 2538 533 tradebat
2568 483 2719 545 cuin,
2744 477 2963 545 locum;
2997 480 3134 552 quia
3166 481 3498 553 frequenter
3526 484 3692 543 Jesus
3714 503 3845 542 con-

2141 575 2370 622 venerat
2402 568 2541 622 illuc
2571 584 2703 622 cum
2737 568 3042 638 discipulis
3073 571 3212 625 suis.
3250 592 3278 619 »
3311 576 3431 626 Hoc
3463 576 3613 644 quod
3648 582 3844 631 narrat

2141 657 2463 729 ingressum
2497 658 2810 712 Dominum
2842 674 2975 713 eum
3008 659 3315 730 discipulis
3347 662 3469 717 suis
3491 663 3549 717 in
3582 663 3842 735 hortum,

2142 761 2255 801 non
2304 748 2582 801 continuo
2628 747 2841 800 factum
2884 752 2992 814 est,
3025 764 3157 802 cum
3189 749 3315 819 ejus
3358 748 3456 804 illa
3488 750 3651 806 ﬁnita
3691 758 3844 807 esset

2141 836 2344 905 oratio,
2376 836 2446 891 de
2478 837 2646 906 cujus
2677 837 2867 892 verbis
2909 838 3008 904 ait,
3042 840 3165 893 ch
3203 854 3325 894 cum
3371 840 3599 896 dixisset
3643 842 3794 897 Jesus
3822 859 3840 896 :

2142 927 2241 981 sed
2277 925 2390 981 alia
2410 927 2675 997 quedam
2700 931 2837 981 sunt
2860 927 3200 999 interposita
3223 946 3350 1000 quae
3373 932 3445 985 ab
3467 930 3580 986 isto
3608 942 3843 1001 preter-

2142 1018 2324 1070 missa
2371 1017 2521 1084 apud
2573 1016 2715 1071 alios
2738 1015 3128 1087 evangelistas
3161 1018 3469 1089 leguntur;
3505 1024 3652 1076 sicut
3683 1021 3839 1090 apud

2140 1104 2295 1159 hunc
2325 1104 2701 1160 inveniuntur
2732 1104 2917 1160 multa
2938 1122 3064 1177 quae
3096 1106 3180 1160 illi
3214 1108 3486 1164 similiter
3506 1109 3565 1164 in
3590 1126 3693 1165 sua
3716 1126 3843 1165 nar-

2141 1193 2364 1248 ratione
2410 1198 2736 1249 tacuerunt.
2771 1197 3069 1260 Quomodo
3120 1202 3312 1251 autem
3356 1199 3507 1253 inter
3546 1214 3608 1254 se
3638 1214 3840 1254 omnes

2139 1283 2502 1350 conveniant,
2538 1300 2643 1339 nec
2674 1285 2891 1340 veritati
2925 1301 3048 1355 qua:
3082 1301 3180 1356 per
3211 1286 3390 1342 alium
3436 1289 3740 1359 promitur,
3772 1288 3841 1343 ab

2140 1372 2251 1428 alio
2285 1380 2656 1445 repugnatur,
2689 1374 2959 1445 quisquis
2993 1391 3160 1429 nosse
3194 1376 3504 1444 desiderat,
3528 1377 3725 1432 nonin
3747 1377 3840 1432 his

2138 1463 2528 1531 sermonibus,
2553 1464 2650 1519 sed
2682 1464 2741 1519 in
2773 1463 2902 1519 aliis
2935 1463 3240 1520 laboriosis
3274 1466 3478 1521 litteris
3500 1468 3838 1538 quaarat(a);

2138 1568 2242 1608 nec
2290 1554 2495 1608 stando
2544 1561 2597 1607 et
2642 1551 2955 1618 audiendo,
2988 1553 3087 1608 sed
3138 1553 3335 1624 potius
3386 1555 3640 1609 sedendo
3672 1560 3729 1610 et
3760 1555 3841 1610 le-

2137 1643 2343 1713 gendo,
2375 1641 2462 1699 vel
2494 1642 2704 1714 legenti
2734 1658 2930 1697 aurem
2978 1651 3349 1715 mentemque
3381 1643 3840 1700 intentissimam

2138 1732 2460 1803 praebendo,
2509 1732 2609 1787 illa
2665 1732 2984 1787 condiscat.
3036 1732 3248 1789 Credat
3291 1738 3485 1788 tamen
3532 1738 3840 1804 antequam

2139 1821 2306 1888 sciat,
2339 1821 2458 1876 sive
2487 1821 2541 1878 id
2578 1821 2751 1877 etiam
2782 1821 2932 1876 scire
2964 1820 3022 1875 in
3054 1821 3163 1877 hac
3195 1823 3311 1878 vita
3341 1822 3542 1893 possit,
3575 1824 3694 1878 sive
3741 1840 3844 1894 per

2132 1911 2326 1983 aliqua
2355 1911 2774 1983 impedimenta
2808 1928 2922 1968 non
2958 1911 3158 1981 possit;
3192 1912 3338 1967 nihil
3362 1914 3432 1967 ab
3456 1912 3653 1983 aliquo
3675 1930 3846 1969 evan-

2132 2001 2341 2075 gelista
2360 2017 2483 2057 esse
2505 2001 2923 2071 conscriptum,
2939 2006 3225 2071 quantum
3247 2003 3316 2056 ad
3342 2001 3449 2057 hos
3471 2003 3676 2058 attinet
3693 2019 3842 2075 quos

2132 2092 2191 2146 in
2226 2091 2624 2147 auctoritatem
2664 2091 2999 2146 canonicam
3026 2092 3243 2162 recepit
3274 2090 3548 2159 Ecclesia,
3569 2091 3728 2163 quod
3757 2094 3841 2150 vel

2130 2180 2314 2250 ipsius
2338 2179 2425 2235 vel
2446 2179 2687 2234 alterius
2710 2196 2824 2234 non
2857 2179 3055 2235 minus
3092 2180 3276 2235 veraci
3312 2180 3627 2235 narrationi
3660 2181 3847 2250 possit

2132 2285 2259 2327 esse
2280 2269 2657 2324 contrarium.
2678 2269 2842 2324 Nunc
2866 2268 3057 2340 itaque
3078 2270 3255 2338 hujus
3276 2269 3424 2324 beati
3446 2270 3689 2324 Joannis
3713 2286 3845 2324 nar.

2133 2360 2440 2425 rationem,
2477 2363 2537 2412 ut
2585 2358 2955 2429 suscepimus
2996 2358 3387 2420 tractandam.
3421 2358 3547 2413 sine
3596 2357 3845 2415 aliorum

2132 2448 2566 2520 comparatione
2608 2448 2935 2513 videamus,
2968 2448 3025 2503 in
3075 2447 3157 2503 eis
3200 2464 3324 2517 quae
3357 2447 3664 2503 manifesta
3709 2455 3848 2503 sunt

2133 2554 2246 2593 non
2270 2536 2691 2601 immorantes;
2718 2540 2782 2590 ut
2803 2536 2913 2591 hoc
2938 2536 3033 2590 ubi
3060 2552 3209 2606 opus
3231 2540 3338 2605 est,
3364 2552 3544 2591 causa
3576 2540 3848 2606 poscente

2134 2624 2567 2683 faciamus.Non
2591 2641 2726 2697 ergo
2749 2626 2832 2680 sic
2860 2625 3220 2696 accipiamus
3246 2626 3402 2696 quod
3435 2626 3535 2689 ait,
3569 2626 3694 2683 Haec
3719 2642 3846 2681 cum

2132 2716 2364 2771 dixisset
2392 2717 2816 2785 Jesus,cgressus
2848 2720 2925 2769 est
2951 2731 3075 2770 cum
3098 2714 3386 2785 discipulis
3407 2716 3523 2770 suis
3555 2727 3709 2770 trans
3730 2720 3846 2770 tor-

2133 2810 2341 2862 rentem
2364 2804 2593 2871 Cedron,
2626 2805 2729 2859 ubi
2746 2809 2864 2859 erat
2885 2804 3095 2871 hortus,
3118 2806 3175 2858 in
3197 2820 3355 2875 quem
3376 2806 3630 2860 introivit
3652 2806 3768 2873 ipse
3792 2810 3847 2861 et

2134 2895 2409 2962 discipuli
2439 2896 2575 2961 eius,
2609 2901 2891 2965 tanquam
2916 2894 3193 2949 continuo
3220 2897 3345 2961 post
3367 2893 3467 2949 illa
3497 2895 3671 2949 verba
3694 2895 3750 2949 in
3774 2894 3844 2949 il-

2137 2985 2253 3040 lum
2307 2985 2536 3040 hortum
2590 2985 2760 3039 fuerit
2814 2983 3159 3055 ingressus:
3222 2984 3321 3040 sed
3380 2986 3450 3040 ad
3512 2985 3620 3041 hoc
3659 2984 3847 3041 valeat

2137 3078 2290 3149 quod
2337 3076 2558 3131 dictum
2609 3079 2714 3140 est,
2769 3076 2896 3132 Haec
2930 3092 3055 3131 cum
3101 3076 3328 3132 dixisset
3377 3079 3549 3146 Jesus,
3607 3081 3671 3132 ut
3728 3094 3844 3133 non

2138 3182 2267 3221 eum
2304 3172 2435 3219 ante
2480 3164 2789 3236 opinemur
2820 3165 3178 3235 ingressum,
3214 3181 3389 3236 quam
3437 3166 3537 3221 illa
3576 3165 3744 3222 verba
3774 3166 3842 3220 fl-

2138 3256 2304 3313 niret.

2208 3349 2263 3399 2.
2297 3344 2529 3411 Sciebat,
2562 3343 2770 3413 inquit,
2821 3350 2875 3398 et
2916 3342 3112 3407 ludas,
3146 3345 3241 3414 qui
3291 3343 3538 3399 tradebat
3583 3359 3732 3411 eum,
3764 3344 3860 3405 lo-,

2139 3453 2281 3492 cum.
2316 3434 2468 3491 Ordo
2499 3434 2805 3489 verborum
2838 3438 2945 3498 est,
2980 3430 3199 3487 Sciebat
3241 3433 3418 3487 locum
3457 3431 3553 3503 qui
3596 3432 3849 3488 tradebat

2139 3542 2284 3581 eum.
2316 3526 2458 3593 Quia
2506 3526 2846 3594 frequenter,
2883 3520 3095 3591 inquit,
3130 3522 3284 3576 Jesus
3336 3530 3667 3577 convenerat
3711 3521 3848 3576 illuc

2141 3632 2265 3671 cum
2295 3613 2581 3683 discipulis
2610 3610 2755 3668 suis.
2791 3610 2873 3666 Ibi
2905 3628 3042 3679 ergo
3076 3609 3252 3680 lupus
3283 3611 3455 3665 ovina
3488 3610 3634 3677 pelle
3654 3614 3847 3665 conte-

2142 3710 2291 3771 ctus,
2319 3709 2375 3758 et
2403 3703 2555 3758 inter
2584 3719 2715 3756 oves
2740 3701 2857 3756 alto
2898 3700 3328 3756 Patrisfamilias
3359 3700 3605 3755 consilio
3637 3700 3850 3755 tolera-

2145 3803 2258 3859 tus,
2319 3792 2523 3847 didicit
2581 3792 2679 3847 ubi
2737 3792 2809 3846 ad
2869 3796 3104 3861 tempus
3162 3790 3437 3862 exiguum
3493 3791 3852 3862 dispergeret

2145 3898 2403 3957 gregem,
2429 3881 2661 3936 insidiis
2691 3882 3016 3951 appetendo
3049 3884 3358 3950 pastorem.
3381 3880 3549 3936 ludas
3577 3896 3724 3951 ergo,
3757 3880 3851 3937 in-

2145 3975 2288 4047 quit,
2320 3990 2443 4029 cum
2474 3972 2759 4042 accepisset
2789 3973 3081 4035 cohortem.
3111 3976 3163 4025 et
3191 3990 3220 4035 α
3248 3974 3590 4042 principibus
3620 3982 3672 4027 et
3702 3972 3852 4027 Pha-

2144 4064 2325 4123 risa’is
2360 4062 2658 4130 ministros,
2692 4064 2845 4117 venit
2877 4062 3011 4117 illuc
3039 4078 3165 4116 cum
3197 4063 3425 4117 laternis
3455 4066 3506 4116 et
3530 4063 3744 4129 facibus
3800 4071 3853 4117 et

2145 4157 2337 4209 armis.
2370 4154 2588 4209 Cohors
2638 4168 2752 4207 non
2796 4151 3159 4217 Judteorum,
3194 4152 3293 4207 sed
3348 4151 3596 4206 militum
3642 4152 3772 4206 fuit.
3807 4154 3854 4206 Α

2147 4243 2394 4314 praeside
2426 4242 2625 4312 itaque
2657 4240 3019 4311 intelligatur
3069 4244 3323 4310 accepta,
3357 4245 3631 4308 tanquam
3663 4240 3732 4294 ad
3765 4242 3853 4299 te-

2147 4334 2406 4390 nendum
2441 4348 2626 4395 reum,
2652 4335 2875 4387 servato
2909 4330 3111 4385 ordine
3142 4330 3413 4401 legitimas
3446 4327 3857 4400 potestatis,ut

2148 4423 2344 4479 nullus
2394 4420 2727 4478 tenentibus
2771 4420 3010 4475 auderet
3053 4418 3339 4473 obsistere
3382 4434 3395 4473 :
3431 4431 3761 4488 quanquam
3798 4419 3856 4473 et

2148 4527 2362 4567 manus
2394 4513 2557 4564 tanta
2589 4508 2777 4561 fuerat
2806 4509 3179 4577 congregata,
3212 4508 3269 4559 et
3297 4503 3378 4559 sic
3409 4507 3636 4559 armata
3662 4503 3855 4559 venie-

2149 4601 2267 4666 bat,
2294 4607 2351 4655 ut
2374 4598 2455 4654 vel
2486 4600 2725 4652 terreret
2746 4595 2832 4650 vel
2857 4595 3032 4649 etiam
3066 4598 3441 4665 repugnaret,
3464 4592 3514 4649 si
3547 4593 3857 4665 quisquam

2150 4690 2443 4747 Christum
2479 4686 2786 4741 defendere
2820 4684 3079 4739 auderet.
3109 4684 3194 4737 Ita
3215 4682 3425 4753 quippe
3455 4683 3578 4752 ejus
3607 4682 3856 4738 abscon-

2151 4780 2395 4837 debatur
2426 4780 2694 4848 potestas,
2726 4780 2783 4831 et
2814 4773 3236 4829 obtendebatur
3273 4772 3607 4841 inﬁrmitas,
3642 4777 3705 4829 ut
3734 4773 3859 4830 hac

2152 4867 2407 4925 inimicis
2429 4866 2758 4923 necessaria
2779 4865 3112 4921 viderentur
3133 4864 3409 4919 adversus
3432 4862 3662 4931 eum,in
3686 4878 3859 4933 quem

2154 4956 2300 5013 nihil
2330 4955 2611 5012 valuisset
2655 4953 2768 5009 nisi
2810 4953 2964 5025 quod
3016 4954 3138 5020 ipse
3167 4952 3476 5013 voluisset;
3510 4951 3656 5007 bene
3688 4954 3859 5005 utens

2154 5047 2345 5103 bonus
2379 5044 2573 5109 malis,
2605 5048 2660 5099 et
2692 5044 2911 5099 faciens
2944 5042 3096 5099 bona
3128 5042 3198 5096 de
3230 5042 3417 5108 malis,
3453 5041 3524 5096 ad
3563 5039 3856 5095 faciendos

2154 5139 2339 5194 bonos
2369 5153 2438 5192 ex
2468 5135 2643 5191 malis
2673 5142 2726 5190 et
2758 5132 3173 5189 discernendos
3208 5131 3384 5187 bonos
3412 5147 3445 5185 a
3478 5129 3668 5185 malis.

2224 5228 2313 5280 3.«
2330 5226 2771 5294 Jesusitaque,»
2787 5221 3311 5291 sicutEvangelista
3328 5223 3561 5275 secutus
3573 5219 3863 5292 adjungit,

2160 5337 2188 5366 «
2219 5316 2412 5370 sciens
2442 5315 2639 5369 omnia
2670 5330 2796 5384 quae
2827 5316 3075 5367 ventura
3104 5314 3268 5364 erant
3320 5325 3492 5378 super
3540 5325 3695 5376 eum,
3731 5326 3865 5379 pro-

2158 5403 2355 5468 cessit,
2378 5407 2435 5457 et
2456 5402 2599 5456 dicit
2618 5401 2701 5457 eis
2728 5403 2939 5465 :Quem
2964 5398 3263 5469 quaeritis?
3294 5398 3745 5467 Responderunt
3772 5400 3821 5453 ei
3849 5416 3863 5455 :

2156 5496 2357 5548 Jesum
2385 5493 2768 5547 Nazarenum.
2802 5488 2953 5543 Dicit
2986 5486 3068 5542 eis
3100 5485 3274 5542 Jesus
3299 5502 3311 5539 :
3336 5486 3452 5557 Ego
3483 5502 3637 5543 sum.
3661 5487 3868 5544 Stabat

2220 5591 2292 5656 (n)
2316 5590 2474 5642 Mittit
2503 5588 2569 5641 ad
2594 5601 2720 5638 suos
2756 5586 2917 5637 libros
2941 5586 3006 5637 de
3026 5585 3303 5636 Consensu
3324 5584 3803 5650 Evangelistarum.

3033 5676 3547 5759 (Soixante-une.)
