4182 6198
334 229 483 289 1931

332 366 526 418 autem
555 365 611 418 et
631 360 837 429 Judas,
860 359 959 431 qui
993 357 1262 414 tradebat
1290 370 1443 421 eum,
1469 368 1601 409 cum
1625 352 1787 423 ipsis.
1814 351 1885 406 Ut
1904 363 2039 418 ergo

332 451 478 508 dixit
511 452 616 514 eis,
639 451 759 524 Ego
779 467 937 516 sum,
963 448 1233 505 abierunt
1254 450 1598 505 retrorsum,
1622 446 1678 497 et
1704 440 2041 496 ceciderunt

332 540 393 595 in
442 545 677 596 terram.
711 562 740 589 »
777 539 880 596 Ubi
932 553 1088 593 nunc
1136 534 1390 591 militum
1438 532 1663 599 cohors,
1699 533 1757 586 et
1786 525 2037 583 ministri

333 628 665 701 principum
698 644 762 684 ac
794 623 1262 683 Pharisaeorum?
1298 620 1394 677 ubi
1427 630 1607 675 terror
1645 623 1702 674 et
1734 615 2034 673 munimen

334 734 630 775 armorum
646 718 674 773 ‘t
704 719 916 789 Nempe
937 732 1057 774 una
1079 731 1187 770 vox
1208 711 1480 778 dicentis,
1505 712 1609 782 Ego
1639 725 1782 775 sum,
1816 712 2037 762 tantam

332 809 569 865 turbam
601 807 750 864 odiis
782 807 1028 863 ferocem
1061 804 1358 875 armisque
1389 801 1732 868 terribilem,
1765 800 1891 854 sine
1922 796 2035 853 telo

331 897 450 956 ullo
491 896 797 971 percussit,
839 896 1071 967 repulit,
1097 892 1318 949 stravit.
1353 892 1502 948 Deus
1532 890 1689 946 enim
1734 889 1947 944 latebat
1976 887 2036 943 in

326 1004 517 1056 carne;
538 992 594 1043 et
625 987 1015 1059 sempiternus
1048 984 1173 1040 dies
1202 983 1284 1038 ita
1324 981 1603 1038 membris
1637 978 2037 1036 occultabatur

328 1077 691 1141 humanis,ut
711 1075 951 1131 laternis
969 1078 1023 1130 et
1047 1074 1303 1130 faciebus
1318 1078 1669 1144 quaereretur
1685 1069 2036 1125 occidendus

322 1184 354 1223 a
385 1165 660 1223 tenebris.
693 1166 802 1234 Ego
832 1181 973 1232 sum,
1008 1163 1149 1220 dicit
1172 1179 1186 1230 ;
1210 1170 1262 1217 et
1283 1161 1493 1232 impios
1520 1160 1740 1230 dejicit.
1775 1159 2034 1228 Quidju-

325 1255 631 1312 dicaturus
669 1255 865 1323 faciet,
901 1253 1000 1324 qui
1026 1252 1384 1322 judicandus
1417 1249 1524 1305 hoc
1557 1248 1736 1305 fecit?
1769 1248 1915 1312 Quid
1939 1262 2033 1303 re-

323 1350 615 1417 gnaturus
647 1343 881 1416 poterit,
916 1342 1016 1413 qui
1051 1340 1369 1395 moriturus
1403 1338 1511 1393 hoc
1544 1338 1772 1407 potuit?
1793 1338 2032 1392 Etnunc

325 1434 549 1506 ubique
590 1448 693 1504 per
729 1430 1131 1502 Evangelium,
1166 1430 1272 1498 Ego
1302 1444 1441 1493 sum,
1473 1427 1613 1483 dicit
1644 1426 1942 1494 Christus;
1975 1430 2032 1481 et

318 1541 349 1577 a
408 1522 629 1579 Judaeis
704 1523 1073 1591 exspectatur
1130 1516 1555 1586 Antichristus,
1615 1520 1677 1571 ut
1734 1520 1885 1572 retro
1941 1531 2032 1571 re-

319 1612 514 1680 deant,
546 1614 602 1666 et
633 1610 694 1665 in
728 1616 935 1666 terram
968 1609 1199 1673 cadant,
1235 1608 1513 1680 quoniam
1560 1607 1888 1663 deserentes
1916 1620 2029 1663 coe-

320 1700 510 1769 lestia,
544 1704 777 1757 terrena
818 1700 1166 1757 desiderant.
1200 1698 1362 1755 Certe
1410 1699 1481 1754 ad
1531 1697 2023 1769 comprehenden-

321 1792 461 1847 dum
520 1792 717 1848 Jesum
778 1794 1176 1861 persecutores
1223 1805 1355 1845 cum
1404 1788 1683 1845 traditore
1720 1789 2027 1853 venerunt,

318 1895 493 1952 quem
544 1879 877 1952 quaerebant
925 1878 1299 1945 invenerunt,
1350 1878 1661 1934 audierunt
1705 1878 1812 1948 Ego
1856 1892 2026 1934 sum:

322 1984 501 2040 quare
551 1984 667 2025 non
718 1968 1302 2041 comprehenderunt,
1338 1968 1434 2023 sed
1466 1966 1736 2023 abierunt
1766 1969 1939 2033 retro,
1972 1972 2027 2021 et

314 2059 664 2122 ceciderunt,
700 2059 811 2117 nisi
848 2060 988 2132 quia
1019 2059 1129 2116 hoc
1158 2058 1357 2126 voluit,
1392 2058 1492 2130 qui
1524 2057 1711 2130 potuit
1742 2056 2021 2128 quidquid

313 2149 533 2205 voluit?
558 2149 776 2206 Verum
814 2150 864 2207 si
895 2165 1195 2221 nunquam
1231 2166 1293 2205 se
1323 2149 1395 2205 ab
1426 2147 1508 2203 eis
1538 2146 1891 2218 permitteret
1922 2162 2024 2219 ap-

310 2238 609 2311 prehendi,
645 2256 763 2297 non
794 2239 1029 2311 quidem
1063 2240 1145 2295 illi
1181 2241 1433 2295 facerent
1480 2242 1711 2309 propter
1740 2237 1891 2307 quod
1925 2254 2022 2294 ve-

309 2333 540 2400 nerant,
572 2330 675 2386 sed
728 2345 835 2387 nec
886 2330 1010 2401 ipse
1061 2330 1272 2386 faceret
1320 2332 1552 2401 propter
1582 2330 1736 2401 quod
1770 2332 2020 2385 venerat.

308 2423 452 2477 Eum
500 2421 717 2493 quippe
767 2420 853 2477 illi
902 2422 1284 2477 occidendum
1330 2420 1664 2492 querebant
1694 2420 2018 2487 saeviendo;

309 2510 410 2564 sed
462 2512 759 2582 quaerebat
809 2527 916 2567 nos
965 2514 1021 2565 et
1073 2511 1197 2583 ipse
1248 2510 1567 2566 moriendo.
1604 2508 1851 2564 Proinde
1884 2510 2020 2579 quia

308 2604 507 2655 tenere
556 2599 910 2668 volentibus,
960 2616 1066 2657 nec
1112 2599 1464 2669 valentibus,
1511 2599 1767 2656 ostendit
1825 2605 2016 2671 potes-

310 2692 485 2745 tatem
514 2703 723 2755 suam;
750 2690 873 2759 jam
904 2694 1139 2745 teneant
1168 2706 1326 2759 eum,
1357 2693 1421 2745 ut
1452 2690 1618 2746 faciat
1650 2690 1718 2747 de
1749 2689 2016 2745 nescien-

307 2778 465 2835 tibus
493 2778 854 2836 voluntatem
890 2796 1078 2835 suam.

383 2871 435 2925 4.
470 2891 498 2920 ‹‹
526 2871 741 2926 Iterum
774 2886 906 2940 ergo
937 2886 1035 2926 eos
1069 2871 1477 2943 interrogavit:
1502 2874 1682 2935 Quem
1715 2871 2016 2943 quaeritis?

313 2959 405 3017 Illi
453 2967 643 3017 autem
693 2961 961 3017 dixerunt
992 2976 1006 3019 :
1038 2962 1237 3018 Jesum
1279 2962 1661 3020 Nazarenum.
1697 2963 2017 3035 Respondit

313 3052 487 3106 Jesus
510 3066 523 3105 :
546 3049 675 3105 Dixi
706 3048 866 3106 vobis
896 3050 1032 3121 quia
1062 3067 1168 3122 ego
1199 3067 1353 3107 sum.
1377 3052 1436 3107 Si
1459 3069 1593 3124 ergo
1618 3068 1710 3108 me
1733 3053 2011 3123 quaeritis,

308 3136 489 3193 sinite
536 3136 643 3193 hos
689 3138 869 3194 abire.
905 3138 976 3194 Ut
1007 3139 1342 3211 impleretur
1387 3156 1579 3196 sermo
1628 3156 1797 3212 quem
1846 3140 2010 3207 dixit,

310 3223 455 3290 Quia
476 3241 624 3297 quos
645 3226 852 3282 dedisti
878 3226 1044 3299 mihi,
1062 3244 1175 3283 non
1200 3229 1425 3300 perdidi
1443 3246 1509 3285 ex
1533 3229 1616 3284 eis
1640 3245 2007 3299 quemquam.

305 3311 363 3367 Si
395 3330 507 3381 me,
543 3337 565 3367 ι
602 3314 811 3387 inquit,
839 3337 866 3367 ‹‹
899 3317 1172 3388 quaeritis,
1204 3317 1378 3375 sinite
1409 3318 1513 3373 hos
1546 3319 1722 3374 abire.
1752 3340 1781 3367 »
1815 3318 2013 3374 Inimi-

303 3418 400 3459 cos
446 3402 625 3459 videt‘
652 3445 667 3475 ,
716 3410 774 3461 et
824 3405 932 3461 hoc
974 3405 1198 3462 faciunt
1245 3407 1401 3480 quod
1441 3407 1643 3477 jubet;
1680 3407 1880 3464 sinunt
1912 3425 2009 3465 eos

301 3490 483 3560 abire,
536 3509 685 3565 quos
731 3510 844 3551 non
890 3494 1013 3551 vult
1061 3496 1267 3567 perire.
1315 3497 1613 3570 Numquid
1655 3505 1849 3555 autem
1893 3515 2006 3555 non

300 3587 467 3638 erant
500 3592 695 3656 postea
727 3584 1039 3641 morituri?
1060 3584 1176 3641 Cur
1203 3603 1337 3659 ergo
1371 3588 1418 3643 si
1451 3593 1591 3644 tunc
1623 3594 2007 3655 morerentur,

300 3674 563 3745 perderet
592 3691 713 3743 eos,
739 3676 849 3733 nisi
874 3677 1009 3748 quia
1043 3679 1296 3734 nondum
1327 3678 1489 3734 sicin
1513 3695 1647 3735 eum
1674 3680 2005 3747 credebant,

300 3765 593 3835 quomodo
624 3765 868 3821 credunt
900 3766 1250 3839 quicumque
1280 3785 1393 3823 non
1427 3775 1667 3840 pereunt
1696 3770 1722 3825 ?

369 3855 424 3909 5.
457 3854 645 3912 Simon
676 3872 802 3928 ergo
845 3858 1037 3913 Petrus
1084 3859 1288 3914 habens
1338 3860 1606 3930 gladium,
1640 3861 1827 3917 eduxit
1861 3878 2003 3928 eum,

299 3951 348 3999 et
367 3946 642 4016 percussit
664 3961 877 4001 servum
898 3946 1169 4018 principis
1185 3949 1545 4016 sacerdotum,
1566 3960 1616 4005 et
1635 3951 1863 4008 abscidit
1886 3954 1936 4020 ei
1943 3968 2004 4008 us

298 4032 613 4091 auriculam
644 4036 957 4092 dexteram.
981 4038 1114 4092 Erat
1134 4042 1317 4093 autem
1346 4055 1539 4095 nomen
1570 4055 1720 4096 servo
1742 4040 2000 4097 Malchus.

300 4123 468 4180 Solus
490 4124 584 4180 hic
605 4124 961 4196 evangelista
975 4127 1152 4183 etiam
1178 4144 1387 4183 nomen
1416 4128 1592 4199 hujus
1620 4130 1761 4184 servi
1780 4146 2005 4201 expres-

300 4213 377 4269 sit
399 4227 414 4270 :
439 4213 592 4271 sicut
612 4216 798 4270 Lucas
830 4215 1012 4278 solus,
1037 4218 1188 4289 quod
1212 4219 1344 4289 ejus
1377 4218 1695 4274 auriculam
1720 4219 2002 4278 Dominus

300 4303 576 4378 tetigerit,
607 4310 664 4362 et
710 4309 1006 4364 sanaverit
1055 4325 1187 4366 eum
1235 4311 1385 4379 (Luc.
1416 4327 1556 4378 xxu,
1587 4310 1698 4383 51).
1739 4310 1999 4367 Malchus

298 4399 493 4451 autem
526 4394 941 4468 interpretatur
969 4398 1357 4470 Reguaturus.
1383 4398 1534 4465 Quid
1556 4416 1691 4472 ergo
1713 4400 1867 4456 auris
1898 4418 1999 4472 pro

298 4484 543 4542 Domino
575 4490 876 4559 amputata
908 4492 965 4545 et
996 4506 1026 4544 a
1055 4490 1297 4546 Domino
1328 4495 1527 4546 sanata
1557 4490 1861 4561 signiﬁcat,
1886 4490 1999 4547 nisi

294 4574 563 4631 auditum
610 4581 911 4648 amputata
939 4582 1220 4636 vetustate
1252 4584 1691 4649 rcnovatum,ut
1724 4582 1874 4637 sitin
1900 4598 2000 4637 no-

293 4662 468 4719 vitate
506 4663 768 4736 spiritus,
802 4671 859 4723 et
888 4683 1004 4724 non
1035 4668 1093 4725 in
1125 4674 1411 4727 vetustate
1458 4670 1660 4726 litteras
1692 4674 1861 4741 (Rom.
1896 4690 1994 4744 vn,

290 4751 379 4822 6)?
408 4751 570 4815 Quod
602 4753 697 4809 cui
728 4756 1051 4825 prmstitum
1085 4758 1259 4815 fuerit
1287 4777 1320 4815 a
1342 4760 1584 4830 Christo,
1609 4761 1738 4831 quis
1770 4763 1998 4819 dubitet

291 4842 667 4909 regnaturum
709 4855 835 4897 esse
885 4857 1019 4899 cum
1070 4844 1345 4901 Christo?
1378 4848 1541 4911 Quod
1572 4850 1762 4903 autem
1795 4864 1997 4904 servus

288 4928 562 4991 inventus
593 4932 703 4996 est,
726 4937 782 4987 et
808 4930 917 4988 hoc
945 4933 1015 4989 ad
1047 4932 1205 4988 illam
1240 4936 1485 5006 pertinet
1507 4939 1845 4993 vetustatem
1876 4954 1996 5009 quae

287 5017 350 5075 in
380 5019 726 5077 servitutem
756 5024 1012 5093 generat,
1052 5024 1206 5094 quod
1242 5028 1330 5079 est
1361 5024 1509 5096 Agar
1537 5025 1737 5094 (Galat.
1774 5043 1849 5097 ιν,
1879 5028 1991 5098 24).

287 5109 400 5167 Sed
432 5125 569 5168 cum
602 5113 847 5169 accessit
875 5112 1120 5182 sanitas,
1154 5114 1399 5186 ﬁgurata
1421 5118 1507 5170 est
1530 5120 1586 5173 et
1609 5115 1866 5175 libertas.
1891 5118 1994 5174 Fa-

288 5202 443 5256 ctum
473 5203 661 5258 tamen
709 5202 861 5258 Petri
910 5202 1193 5261 Dominus
1242 5204 1608 5275 improbavit,
1644 5210 1701 5262 et
1732 5209 1993 5279 progredi

290 5289 445 5345 ultra
475 5293 775 5361 prohibuit
795 5293 993 5349 dicens
1018 5312 1032 5350 :
1057 5294 1206 5351 Mitte
1237 5295 1491 5367 gladium
1512 5297 1574 5351 in
1596 5299 1869 5369 vaginam.
1898 5301 1994 5355 Ca-

292 5376 453 5433 licem
481 5396 638 5450 quem
669 5382 795 5439 dedi
827 5384 986 5441 mihit
1015 5390 1202 5455 Pater,
1227 5402 1333 5442 non
1361 5388 1537 5442 bibam
1569 5388 1765 5443 illum?
1799 5389 1861 5446 In
1887 5407 1991 5449 suo

358 5507 377 5582 ιν
405 5502 640 5582 Thomas
672 5509 907 5581 Aquinas
935 5511 1005 5582 _in
1038 5513 1230 5582 Catena
1259 5514 1383 5579 legit
1414 5516 1517 5573 hic,
1552 5516 1787 5568 inimicos
1819 5517 1992 5582 iubet,

290 5581 387 5617 nec
418 5567 705 5618 admodum
732 5567 1077 5625 inconcinne.
1148 5580 1214 5626 Μ.

1292 222 1370 282 ΙΝ
1414 217 1733 281 JOANNIS
1778 211 2322 286 EVANGELIUM,
2365 211 2428 270 S.
2478 211 2900 274 AUGUSTINI

3706 213 3868 275 1932

2150 346 2363 418 quippe
2393 346 2540 402 facto
2574 344 2670 402 ille
2699 346 3024 419 discipulus
3055 346 3400 419 magistrum
3426 346 3735 403 defendere
3774 364 3870 403 vo-

2149 436 2277 501 luit,
2317 452 2429 492 non
2464 436 2617 508 quod
2646 435 3100 508 significandum
3123 440 3211 492 est
3232 436 3527 509 cogitavit.
3550 437 3614 491 Et
3638 436 3734 492 ille
3753 437 3867 509 igi-

2148 528 2244 580 tur
2266 525 2335 580 ad
2363 525 2702 597 patientiam
2732 526 3197 582 commonendus
3220 527 3348 593 fuit,
3374 530 3429 581 et
3452 525 3561 581 hoc
3592 526 3666 581 ad
3696 527 3865 581 intelo

2148 614 2450 687 ligentiam
2483 616 2989 674 conscribendum.
3024 617 3185 683 Quod
3230 620 3425 671 autem
3457 633 3491 671 a
3541 615 3704 671 Patre
3748 615 3861 671 sibi

2149 705 2292 762 dicit
2311 707 2513 763 datum
2537 704 2773 761 calicem
2801 705 3110 776 passionis,
3129 706 3383 776 profecto
3417 703 3560 758 illud
3594 708 3682 760 est
3704 707 3858 775 quod

2148 792 2232 847 ait
2253 795 2560 864 Apostolus
2596 797 2696 851 :Si
2720 797 2861 851 Deus
2887 811 2986 867 pro
3012 796 3187 863 nobis,
3208 795 3331 866 quis
3363 798 3554 849 contra
3570 811 3665 849 nos
3686 798 3713 849 Ρ
3753 796 3859 864 Qui

2144 884 2290 941 Filio
2320 888 2544 958 proprio
2575 903 2684 942 non
2709 889 2970 959 pepercit,
2994 886 3088 942 sed
3117 902 3214 958 pro
3247 887 3401 942 nobis
3441 887 3691 942 omnibus
3733 895 3855 941 tra-

2145 972 2289 1029 didit
2317 991 2440 1031 eum
2489 977 2668 1047 (Rom.
2714 992 2833 1044 vni,
2866 978 2955 1046 31,
2997 977 3111 1045 3'2).
3154 975 3365 1031 Verum
3407 980 3607 1032 auctor
3652 976 3850 1032 calicis

2146 1061 2324 1135 hujus
2353 1069 2439 1120 est
2471 1067 2641 1121 etiam
2678 1066 2801 1136 ipse
2838 1065 2937 1136 qui
2971 1065 3132 1120 bibit.
3171 1065 3332 1119 Unde
3364 1066 3515 1121 idem
3558 1064 3844 1135 apostolus

2143 1155 2283 1211 item
2316 1156 2456 1211 dicit
2488 1171 2500 1209 :
2538 1155 2777 1210 Christus
2799 1155 2996 1210 dilexit
3026 1171 3140 1222 nos,
3165 1160 3216 1209 et
3240 1153 3471 1210 tradidit
3502 1156 3849 1225 semetipsum

2140 1263 2239 1318 pro
2259 1247 2410 1302 nobis
2444 1246 2772 1303 oblationem
2795 1255 2845 1301 et
2878 1247 3113 1301 hostiam
3136 1247 3239 1302 Deo
3274 1249 3332 1302 in
3366 1246 3571 1303 odorem
3596 1247 3845 1302 suavita-

2142 1339 2213 1393 tis
2244 1337 2455 1407 (Ephes.
2493 1354 2545 1407 v,
2573 1338 2651 1409 2).

2211 1428 2265 1482 6.
2310 1426 2507 1482 Cohors
2548 1428 2732 1481 autem
2773 1434 2822 1481 et
2866 1426 3124 1481 tribunus
3166 1430 3217 1482 et
3248 1426 3493 1482 ministri
3534 1427 3850 1485 Iudaeorum

2139 1514 2663 1587 comprehenderunt
2701 1516 2903 1583 Iesum,
2946 1523 2996 1570 et
3040 1516 3350 1585 ligaverunt
3398 1532 3543 1572 eum.
3578 1517 3853 1587 Compre-

2140 1606 2474 1662 henderunt
2504 1607 2572 1661 ad
2609 1622 2783 1678 quem
2817 1622 2932 1660 non
2964 1609 3334 1661 accesserunt
3365 1623 3381 1661 :
3415 1606 3684 1677 quoniam
3726 1607 3848 1663 dies

2139 1696 2259 1761 ille,
2293 1694 2377 1750 illi
2408 1711 2540 1751 vero
2575 1695 2824 1750 tenebrae
2858 1698 3307 1765 permanserunt
3333 1713 3347 1764 ;
3373 1710 3477 1751 nec
3508 1696 3845 1763 audierunt,

2138 1787 2385 1843 Accedite
2426 1786 2497 1841 ad
2535 1804 2658 1842 eum
2695 1790 2745 1843 et
2785 1786 3192 1841 illuminamini
3230 1786 3413 1859 (Psal.
3453 1789 3750 1857 xxxni,6).
3785 1786 3850 1844 Si

2139 1878 2287 1933 enim
2312 1878 2392 1933 sic
2423 1878 2783 1937 accederent,
2813 1893 2924 1931 non
2959 1892 3095 1933 eum
3134 1877 3407 1932 manibus
3438 1878 3848 1946 accidendum,

2138 1969 2237 2024 sed
2264 1967 2660 2038 recipiendum
2684 1966 2854 2022 corde
2874 1966 3449 2038 comprehenderent.
3466 1966 3627 2021 Nunc
3651 1970 3845 2022 autem

2136 2058 2370 2130 quando
2402 2072 2533 2113 cum
2558 2055 2658 2110 illo
2684 2056 2854 2112 modo
2878 2055 3469 2127 comprehenderunt,
3492 2060 3629 2111 tunc
3648 2057 3718 2111 ab
3744 2057 3845 2111 illo

2133 2147 2361 2220 longius
2394 2152 2755 2202 recesserunt
2790 2160 2803 2201 :
2852 2148 2909 2200 et
2946 2144 3276 2217 ligaverunt
3323 2162 3452 2201 eum
3487 2163 3517 2201 a
3549 2162 3664 2217 quo
3695 2146 3843 2201 solvi

2135 2242 2329 2310 potius
2362 2238 2505 2294 velle
2537 2237 2886 2292 debuerunt.
2922 2237 2989 2291 Et
3020 2242 3185 2293 erant
3216 2237 3484 2292 fortassis
3517 2237 3574 2292 in
3603 2237 3686 2292 eis
3736 2237 3839 2307 qui

2136 2338 2267 2385 tunc
2316 2330 2719 2399 imposuerunt
2768 2326 3000 2381 Christo
3045 2326 3273 2381 vincula
3306 2343 3429 2393 sua,
3464 2332 3640 2396 atque
3673 2327 3743 2380 ab
3776 2341 3841 2381 eo

2133 2424 2334 2490 postea
2354 2418 2581 2473 liberati
2608 2417 2900 2482 dixerunt,
2926 2416 3221 2487 Disrupisti
3252 2418 3471 2473 vincula
3492 2432 3614 2471 mea
3661 2416 3840 2486 (Psal.

2131 2526 2252 2577 cxv,
2280 2511 2367 2580 16)
2423 2509 2553 2565 Ilaec
2578 2508 2747 2563 hodie
2779 2507 2921 2562 satis
2954 2507 3108 2574 sint;
3142 2508 3569 2573 tractabuntur,
3594 2507 3707 2563 Deo
3732 2522 3839 2562 vo-

2127 2598 2299 2667 lente,
2335 2615 2601 2656 sermone
2643 2597 2756 2655 alio
2791 2615 2917 2670 quae
2949 2600 3298 2670 sequuntur.

2657 2724 3076 2781 TRACTATUS
3129 2724 3321 2781 CXlll.

2128 2834 2211 2889 Ab
2233 2848 2296 2889 eo
2314 2831 2454 2904 quod
2476 2832 2695 2902 legitur,
2718 2831 2786 2886 Et
2808 2833 3171 2887 adduxerunt
3193 2848 3323 2887 eum
3346 2832 3415 2887 ad
3461 2833 3682 2887 Annam
3716 2833 3832 2904 pri-

2197 2939 2399 2991 mum;
2432 2938 2598 2994 usque
2628 2924 2700 2978 ad
2730 2922 2804 2989 id,
2838 2926 3050 2978 Iterum
3088 2939 3225 2993 ergo
3259 2923 3488 2995 negavit
3520 2924 3740 2991 Petrus,
3778 2927 3836 2979 et

2195 3015 2387 3070 statim
2421 3014 2612 3088 gallus
2640 3014 2907 3070 cantavit.
2942 3014 3067 3085 Cap.
3100 3030 3257 3084 xvm,
3292 3015 3344 3084 ᾖ.
3386 3014 3576 3069 13-27.

2196 3140 2243 3195 1.
2280 3138 2662 3211 Posteaquam
2698 3142 3092 3210 persecutores
3116 3138 3374 3195 tradente
3395 3139 3549 3193 Juda
3568 3154 3833 3211 compre~

2121 3228 2368 3285 hensum
2403 3230 2716 3285 Dominum
2749 3229 3091 3300 ligaverunt,
3134 3229 3236 3300 qui
3269 3228 3469 3284 dilexit
3497 3245 3603 3284 nos
3630 3234 3685 3284 et
3715 3234 3833 3285 tra-

2120 3320 2267 3375 didit
2297 3320 2679 3390 semctipsum
2710 3338 2811 3392 pro
2836 3321 3239 3392 nobis(Ephes.
3273 3338 3327 3388 ν,
3361 3320 3437 3391 2),
3463 3325 3517 3374 et
3540 3320 3631 3376 cui
3658 3321 3827 3375 Pater

2122 3427 2233 3466 non
2281 3411 2557 3483 pepercit,
2593 3411 2690 3465 sed
2742 3428 2839 3482 pro
2874 3411 3041 3467 nobis
3091 3411 3366 3466 omnibus
3416 3411 3653 3465 tradidit
3684 3427 3821 3466 eum

2117 3501 2289 3572 (Rom.
2318 3515 2439 3564 νιιι,
2472 3500 2601 3571 32);
2636 3506 2699 3553 ut
2728 3499 3090 3572 intelligatur
3117 3500 3322 3568 Judas,
3360 3516 3474 3554 non
3507 3499 3823 3556 laudabilis

2116 3591 2363 3646 utilitate
2395 3590 2733 3645 traditionis
2765 3590 2964 3661 hujus,
2989 3590 3089 3646 sed
3124 3590 3361 3647 sceleris
3397 3589 3686 3645 voluntate
3719 3590 3822 3645 da-

2116 3679 2388 3735 mnabilis
2412 3695 2425 3735 :
2450 3678 2815 3735 Adduxerunt
2836 3697 2981 3747 eum,
3008 3679 3156 3735 sicut
3183 3679 3439 3736 Joannes
3461 3678 3823 3751 evangelista

2116 3773 2334 3829 narrat,
2350 3768 2417 3824 ad
2440 3770 2650 3823 Annam
2673 3771 2937 3839 primum.
2958 3768 3072 3823 Nec
3090 3775 3236 3825 tacet
3258 3785 3491 3825 causam
3512 3785 3616 3823 cur
3637 3768 3721 3823 ita
3743 3769 3826 3823 fa-

2113 3862 2270 3915 ctum
2311 3858 2424 3914 sit:
2466 3861 2595 3913 Erat
2645 3862 2809 3926 enim,
2860 3858 3070 3930 inquit,
3105 3874 3261 3914 socer
3306 3858 3539 3929 Caiphae,
3575 3856 3671 3928 qui
3698 3870 3821 3915 erat

2107 3950 2370 4021 ponti/ex
2398 3948 2536 4003 anni
2580 3948 2760 4003 illius.
2794 3950 2926 4002 Erat
2954 3953 3163 4015 autem,
3196 3947 3408 4019 inquit,
3442 3948 3677 4016 Caiphas
3721 3945 3821 4019 qui

2111 4037 2400 4093 consilium
2447 4037 2595 4092 dedit
2644 4039 2863 4106 Induis,
2899 4038 3043 4106 Quia
3089 4038 3306 4108 expedit
3337 4054 3508 4092 unum
3539 4038 3824 4092 hominem

2110 4126 2255 4182 mori
2281 4144 2383 4198 pro
2413 4128 2634 4198 populo.
2659 4127 2859 4184 Merito
2900 4133 2955 4183 et
2997 4128 3299 4183 Matthaeus
3332 4143 3467 4184 cum
3497 4127 3552 4182 id
3587 4128 3819 4182 brevius

2112 4232 2347 4271 narrare
2395 4216 2693 4281 voluisset,
2727 4232 2859 4271 eum
2913 4217 2983 4272 ad
3018 4217 3294 4288 Caipham
3338 4216 3581 4272 ductum
3635 4216 3821 4271 fuisse

2110 4305 2749 4378 commemorat(:ilatth.
2770 4307 3045 4378 xxvr,57);
3071 4307 3380 4378 quia,etad
3406 4314 3634 4361 Annam
3654 4305 3818 4377 prius

2108 4395 2237 4452 ideo
2270 4396 2480 4453 ductus
2524 4401 2637 4457 est.
2670 4398 2822 4468 quod
2856 4412 3022 4454 socer
3050 4400 3180 4469 ejus
3209 4398 3380 4453 fuerit
3414 4414 3428 4453 :
3464 4396 3560 4452 ubi
3597 4394 3811 4450 intelli-

2108 4487 2363 4557 gendum
2387 4494 2471 4542 est
2501 4487 2609 4543 hoc
2642 4489 2911 4544 eumdem
2943 4488 3222 4559 Caipham
3258 4488 3378 4544 fieri
3428 4487 3697 4541 voluisse.

2175 4577 2230 4630 2.
2283 4576 2624 4647 Sequebatur
2670 4582 2874 4645 autem,
2908 4578 3118 4650 inquit,
3148 4580 3331 4635 Iesum
3362 4578 3559 4632 Simon
3591 4576 3814 4644 Petrus,

2106 4676 2156 4723 et
2188 4667 2332 4721 alius
2376 4667 2697 4738 discipulus.
2734 4667 3013 4732 Quisnam
3047 4668 3151 4723 iste
3201 4668 3276 4723 sit
3318 4666 3661 4737 discipulus,
3700 4682 3813 4720 non

2106 4761 2317 4813 temere
2366 4758 2776 4813 attirmandum
2810 4762 2917 4826 est,
2950 4759 3085 4830 quia
3119 4762 3363 4814 tacetur.
3407 4757 3566 4813 Solet
3615 4759 3812 4811 autem

2106 4864 2169 4904 se
2200 4848 2349 4903 idem
2381 4846 2632 4904 Joannes
2679 4849 2755 4902 ita
2804 4850 3147 4919 signiﬁcare,
3186 4856 3237 4905 et
3272 4848 3505 4915 addere,
3538 4861 3699 4918 quem
3737 4846 3816 4900 di-

2106 4938 2308 5007 ligebat
2336 4944 2499 4996 Jesus
2521 4940 2703 5008 (toan.
2741 4957 2865 5005 xm,
2894 4942 2984 5008 23,
3009 4944 3064 4995 et
3084 4958 3199 5007 x1x,
3228 4941 3342 5010 26).
3364 4937 3645 4995 Fortassis
3676 4953 3813 5009 ergo

2104 5036 2157 5085 et
2193 5029 2283 5085 hic
2315 5030 2437 5100 ipse
2468 5033 2556 5084 est
2588 5030 2893 5101 :quisquis
2925 5035 3122 5087 tamen
3156 5031 3249 5100 sit,
3284 5028 3585 5101 sequentia
3615 5028 3814 5084 videa-

2104 5136 2256 5176 mus.
2294 5142 2321 5171 «
2352 5119 2684 5192 Discipulus
2716 5126 2909 5177 autem
2949 5122 3068 5193 ille,
3103 5145 3130 5172 »
3165 5121 3376 5193 inquit,
3408 5143 3436 5171 ‹‹
3476 5123 3599 5177 erat
3637 5124 3814 5175 notus

2104 5210 2378 5281 pontifici,
2412 5215 2468 5265 et
2500 5210 2764 5266 introivit
2796 5227 2922 5267 cum
2958 5212 3095 5268 Jesu
3137 5212 3197 5268 in
3228 5210 3441 5267 atrium
3473 5208 3764 5281 pontiﬁcis
3794 5222 3810 5266 :

2102 5300 2302 5356 Petrus
2334 5304 2529 5356 autem
2557 5300 2749 5356 stabat
2775 5302 2843 5357 ad
2882 5302 3100 5358 ostium
3128 5303 3285 5358 foris.
3312 5301 3461 5357 Exiit
3495 5316 3628 5370 ergo
3660 5298 3816 5357 alius

2105 5389 2425 5462 discipulus
2459 5392 2557 5462 qui
2588 5396 2705 5446 erat
2724 5397 2898 5449 notus
2920 5393 3203 5465 pontilici,
3228 5396 3283 5449 et
3313 5391 3459 5447 dixit
3479 5391 3731 5447 ostiariis
3755 5394 3816 5446 et

2106 5480 2429 5537 introduxit
2460 5484 2709 5537 Petrum.
2748 5483 2896 5538 Dicit
2927 5499 3060 5555 ergo
3092 5484 3257 5539 Petro
3280 5481 3491 5538 ancilla
3519 5480 3762 5538 ostiaria
3797 5496 3815 5538 :

2104 5569 2398 5640 Numquid
2432 5574 2488 5626 et
2520 5576 2573 5625 tu
2609 5587 2677 5626 ex
2709 5570 3009 5643 discipulis
3037 5589 3096 5628 es
3129 5571 3382 5628 hominis
3412 5569 3627 5627 istius?
3656 5568 3796 5626 Dici
