4182 6198
293 210 323 268 1
336 209 455 274 933

290 340 394 398 ille
432 360 446 399 :
480 343 603 399 Non
636 358 793 400 sum.
818 364 845 393 »
876 342 1016 399 Ecce
1046 341 1319 400 columna
1345 341 1690 397 ﬁrmissima
1720 342 1789 396 ad
1827 340 1999 396 unius

293 449 449 487 aurae
483 432 799 500 impulsum
822 438 936 488 tota
958 434 1327 488 contremuit.
1349 431 1452 487 Ubi
1482 435 1497 467 ¹
1524 438 1612 488 est
1642 431 1739 486 illa
1764 433 2005 501 promit-

296 523 475 578 tentis
508 525 765 591 audacia,
794 530 851 578 et
899 523 969 579 de
1017 541 1079 578 se
1109 524 1430 593 plurimum
1468 521 1869 591 prretidentis?
1897 520 2001 576 Ubi

294 622 428 668 sunt
461 616 631 669 verba
662 613 781 679 Illa,
812 617 1045 685 quando
1070 614 1174 679 ait,
1196 615 1380 682 Quare
1408 630 1516 667 non
1544 629 1761 677 possum
1782 616 1831 666 te
1855 609 2005 682 sequi

294 702 452 759 modo
466 710 493 759 .’
513 707 754 760 animam
777 719 953 759 meam
970 720 1067 773 pro
1087 712 1136 758 te
1153 720 1351 773 ponam
1375 704 1552 764 (Joan.
1572 719 1689 763 sui.
1714 703 1804 772 37)
1820 700 1848 754 ‘I
1866 700 2008 755 Hoc-

296 793 428 848 cine
448 798 536 849 est
556 794 724 865 sequi
752 792 1125 864 magistrum,
1151 808 1211 848 se
1234 810 1445 865 negare
1468 790 1821 862 discipulum
1846 792 1874 846 ‘i
1895 792 2006 844 sic-

294 882 427 938 cine
460 899 560 953 pro
591 883 845 939 Domino
878 882 1077 937 anima
1117 884 1374 953 ponitur,
1400 888 1461 935 ut
1494 882 1596 937 hoc
1639 897 1709 935 ne
1742 882 1863 943 tiat,
1897 898 2004 937 vox

292 971 521 1027 ancilla
547 972 892 1028 formidetur
912 972 938 1026 ?
959 972 1065 1026 Sed
1089 973 1226 1043 quid
1250 973 1451 1027 mirum
1469 972 1513 1026 si
1544 974 1689 1026 Deus
1714 987 1843 1026 vera
1869 987 2005 1042 prai-

286 1062 459 1131 dixit,
481 1062 657 1117 homo
680 1066 877 1117 autem
901 1060 1043 1116 falsa
1059 1060 1471 1132 praesumpsit?
1494 1061 1643 1116 Sane
1666 1060 1721 1114 in
1747 1060 1857 1115 ista
1876 1078 2001 1132 qua:

268 1155 410 1225 jam
440 1165 626 1226 cmpta
656 1159 745 1212 est
776 1154 1075 1226 negatione
1106 1154 1352 1225 apostoli
1388 1154 1562 1220 Petri,
1586 1153 1866 1209 debemus
1889 1154 1996 1208 ad-

274 1252 517 1302 vertere
558 1263 671 1303 non
712 1244 901 1301 solum
947 1246 1017 1300 ab
1049 1261 1113 1300 eo
1155 1245 1348 1315 negari
1382 1245 1696 1310 Christum,
1725 1245 1823 1315 qui
1862 1245 2001 1300 dicit

275 1351 419 1391 eum
457 1353 575 1391 non
610 1351 736 1391 esse
768 1335 1096 1404 Christum;
1146 1336 1247 1389 sed
1280 1335 1351 1389 ab
1381 1333 1478 1389 illo
1510 1334 1687 1390 etiam
1734 1334 1829 1405 qui
1861 1350 1995 1391 cum

273 1426 376 1491 sit,
416 1429 583 1494 negat
604 1440 665 1479 se
692 1440 821 1479 esse
845 1422 1247 1479 christianum.
1283 1422 1564 1479 Dominus
1593 1423 1750 1478 enim
1777 1440 1889 1479 non
1915 1426 1998 1480 ait

286 1516 487 1581 Petro,
523 1513 883 1585 Discipulum
910 1528 1099 1569 meum
1131 1517 1185 1569 te
1219 1513 1482 1585 negabis;
1518 1515 1641 1577 sed,
1666 1529 1750 1569 me
1778 1514 1997 1584 negabis

284 1604 502 1678 (.lfatth.
535 1620 686 1671 xxvr,
710 1603 823 1674 34).
850 1602 1087 1674 Negavit
1113 1619 1246 1675 ergo
1278 1603 1497 1673 ipsum,
1523 1619 1659 1658 cum
1683 1619 1745 1659 se
1768 1605 1998 1676 negavit

286 1696 423 1765 eius
461 1708 585 1749 esse
631 1691 1002 1763 discipulum.
1037 1691 1182 1755 Quid
1232 1696 1422 1747 autem
1459 1691 1614 1747 aliud
1666 1692 1777 1747 isto
1827 1694 1999 1749 modo

294 1800 473 1856 quam
496 1799 557 1839 se
580 1782 808 1854 negavit
829 1797 954 1838 esse
975 1781 1372 1837 Christianum
1394 1782 1421 1837 ‘?
1445 1780 1719 1847 Quamvis
1740 1781 1895 1837 enim
1920 1782 2000 1837 di-

298 1872 513 1947 scipuli
544 1871 758 1928 Christi
808 1872 1071 1929 nondum
1121 1872 1554 1944 appellarentur
1596 1871 1701 1925 hoc
1733 1872 2005 1928 nomine:

299 1972 429 2034 post
460 1962 859 2019 ascensionem
893 1962 1106 2033 quippe
1137 1962 1266 2033 ejus
1298 1962 1357 2016 in
1405 1960 1712 2016 Antiochia
1751 1960 2006 2031 primum

296 2056 603 2125 coeperunt
630 2050 904 2124 appellari
937 2051 1211 2124 discipuli
1245 2050 1558 2108 Christiani
1593 2051 1727 2118 (Act.
1762 2066 1843 2120 χι,
1872 2051 2002 2123 26):

282 2144 415 2214 jam
466 2147 660 2198 tamen
706 2146 826 2196 erat
866 2156 955 2196 res
1000 2141 1127 2213 ipsa
1152 2140 1253 2196 illo
1288 2146 1486 2212 postea
1512 2138 1788 2195 vocabulo
1821 2156 2003 2196 nunc-

288 2233 649 2304 panda,jam
685 2238 843 2286 erant
879 2230 1151 2299 discipuli
1202 2230 1303 2302 qui
1337 2234 1537 2301 postea
1562 2229 1833 2301 appellati
1867 2236 2006 2285 sunt

286 2322 606 2378 Christiani
634 2342 647 2391 ;
670 2325 723 2377 et
746 2321 853 2377 hoc
877 2336 1188 2377 commune
1209 2320 1997 2389 nomen,sicutcommunem

286 2413 680 2479 fidem,etiam
712 2412 781 2467 ad
819 2416 1079 2481 posteros
1117 2410 1591 2466 transmiserunt.
1625 2411 1731 2475 Qui
1775 2428 1910 2483 ergo
1942 2427 1999 2467 se

285 2501 504 2558 Christi
546 2501 775 2573 negavit
804 2516 930 2556 esse
960 2499 1331 2572 discipulum,
1363 2499 1551 2569 ipsam
1590 2516 1706 2556 rem
1749 2501 1996 2571 negavit,

283 2593 459 2664 cujus
512 2607 727 2647 nomen
777 2594 867 2646 est
913 2589 1103 2647 vocari
1151 2589 1560 2647 christianum.
1594 2591 1775 2656 Quam
1825 2589 1997 2646 multi

286 2688 510 2755 postea,
534 2699 649 2738 non
688 2682 813 2737 dico
846 2698 1015 2737 senes
1058 2684 1114 2737 et
1145 2698 1315 2747 anus,
1336 2681 1395 2737 in
1434 2682 1644 2753 quibus
1668 2681 1846 2753 hujus
1868 2681 1995 2737 vitm

287 2776 530 2830 satietas
554 2772 778 2830 facilius
800 2771 989 2845 potuit
1016 2778 1253 2829 mortem
1281 2789 1380 2845 pro
1404 2773 1607 2829 Christi
1637 2773 1996 2830 confessione

291 2870 667 2921 contemnere
692 2882 706 2931 ;
731 2879 835 2919 nec
865 2862 1052 2918 solum
1076 2864 1359 2933 juventus
1383 2863 1688 2932 utriusque
1708 2878 1900 2931 sexus,
1926 2864 1997 2919 de

288 2972 409 3028 qua
447 2960 620 3012 astate
653 2954 1059 3011 convenienter
1097 2954 1321 3010 videtur
1368 2953 1515 3025 exigi
1556 2952 1864 3019 fortitudo;
1898 2954 1994 3008 sed

287 3047 468 3102 etiam
504 3045 666 3115 pueri
718 3043 1040 3116 puellasque
1086 3047 1421 3115 potuerunt,
1455 3048 1510 3097 et
1550 3040 1996 3098 innumerabilis

285 3137 538 3194 societas
553 3139 889 3192 sanctorum
908 3141 1226 3207 martyrum
1249 3134 1305 3189 in
1331 3149 1573 3205 regnum
1591 3132 1802 3188 cmloru
1816 3148 1868 3187 m
1887 3131 1996 3187 for-

287 3226 427 3283 titer
452 3230 511 3282 et
541 3224 822 3280 violenter
843 3223 1105 3289 intravit,
1135 3225 1289 3296 quod
1326 3228 1464 3278 tunc
1494 3222 1604 3277 iste
1635 3239 1747 3277 non
1783 3220 1993 3293 potuit,

284 3316 385 3389 qui
427 3315 619 3372 claves
652 3313 814 3387 regni
864 3315 994 3385 ejus
1035 3312 1256 3385 accepit
1285 3311 1496 3384 (Matth.
1530 3328 1644 3381 xvr,
1680 3311 1812 3383 19)?
1852 3313 1995 3369 Ecce

284 3408 439 3465 unde
469 3406 692 3463 dictum
714 3409 823 3473 est,
849 3405 1022 3460 Sinite
1049 3405 1142 3460 hos
1165 3404 1339 3473 abire,
1365 3405 1594 3476 quando
1613 3420 1676 3459 se
1701 3420 1801 3475 pro
1826 3404 1993 3460 nobis

282 3496 547 3563 tradidit,
571 3494 669 3567 qui
691 3511 798 3550 suo
826 3494 1114 3566 sanguine
1138 3510 1244 3549 nos
1266 3494 1510 3550 redemit
1534 3512 1546 3561 ;
1569 3498 1634 3548 ut
1656 3494 1994 3565 impleretur

285 3602 479 3642 sermo
504 3600 680 3657 quem
704 3583 868 3653 dixit,
895 3585 1035 3653 Quia
1066 3599 1193 3655 quos
1222 3583 1425 3639 dedisti
1460 3584 1617 3649 mihi,
1637 3600 1746 3639 non
1778 3582 1994 3656 perdidi

285 3692 354 3732 ea:
382 3676 463 3733 eis
486 3690 835 3748 quemquam.
860 3673 1069 3746 Utique
1106 3673 1260 3729 enim
1288 3674 1491 3730 Petrus
1513 3674 1563 3729 si
1598 3679 1807 3746 negato
1828 3673 1996 3729 Chri-

290 3775 372 3823 sto
403 3766 540 3821 hinc
574 3763 705 3828 iret,
738 3761 877 3835 quid
909 3762 1064 3819 aliud
1098 3780 1273 3835 quam
1296 3762 1556 3834 periret?

354 3859 409 3913 3.
443 3857 681 3913 Stabant
705 3859 879 3910 autem
903 3856 1048 3910 servi
1068 3863 1114 3910 et
1138 3852 1388 3909 ministri
1406 3852 1477 3908 ad
1496 3870 1724 3925 prunas,
1740 3855 1873 3926 quia
1886 3856 1996 3924 [ri-

282 3962 381 4018 gus
403 3952 544 4011 erat,
561 3949 615 3997 et
636 3942 1031 4014 eate/aciebant
1051 3957 1128 3998 se.
1155 3941 1281 3997 Non
1304 3940 1493 3997 hiems
1510 3945 1652 4010 erat,
1677 3944 1774 3998 sed
1799 3947 1995 3999 tamen

284 4037 472 4106 frigus
504 4038 629 4089 erat
662 4048 676 4088 :
725 4032 880 4104 quod
911 4030 1053 4088 solet
1102 4031 1271 4087 etiam
1305 4031 1652 4102 aequinoctio
1685 4048 1858 4089 verno
1890 4032 1999 4088 ali-

284 4127 524 4201 quando
558 4123 911 4195 contingere.
947 4145 974 4173 ‹‹
1006 4127 1144 4178 Erat
1173 4127 1364 4178 autem
1397 4138 1528 4178 cum
1575 4122 1660 4178 eis
1706 4126 1762 4178 et
1794 4123 1997 4179 Petrus

283 4222 480 4287 stans,
517 4221 576 4273 et
619 4215 963 4271 calefaciens
1006 4231 1087 4271 se.
1136 4214 1397 4270 Pontifex
1444 4230 1577 4286 ergo
1631 4214 2001 4285 interrogavit

284 4308 497 4365 Jesum
524 4307 595 4363 de
615 4304 917 4374 discipulis
940 4306 1080 4375 ejus,
1105 4307 1162 4359 et
1189 4304 1259 4360 de
1281 4304 1540 4359 doctrina
1564 4305 1709 4375 ejus.
1741 4304 2001 4376 Respon-

289 4400 373 4455 dit
398 4399 448 4453 ei
472 4397 644 4452 Jesus
667 4412 682 4451 :
708 4399 825 4468 Ego
850 4396 1034 4466 palam
1059 4394 1288 4450 locutus
1311 4411 1441 4450 sum
1467 4394 1709 4459 mundo,
1732 4411 1835 4465 ego
1856 4412 2005 4451 sem-

290 4505 391 4561 per
416 4486 587 4542 docui
612 4488 669 4541 in
710 4501 1010 4558 synagoga
1031 4485 1050 4519 ²
1072 4488 1129 4539 et
1164 4484 1223 4539 in
1247 4483 1485 4555 templo,
1510 4501 1627 4557 quo
1662 4501 1863 4541 omnes
1890 4486 2004 4542 Ju-

291 4580 397 4635 dei
426 4577 801 4646 conveniunt,
818 4582 876 4631 et
897 4576 951 4630 in
974 4574 1195 4631 occulto
1220 4574 1449 4630 locutus
1477 4592 1609 4632 sum
1634 4576 1779 4632 nihil
1813 4593 1826 4633 :
1862 4578 2002 4649 quid

292 4686 383 4725 me
406 4668 738 4738 interrogas
760 4665 786 4720 ?
808 4666 1100 4737 Interroga
1126 4681 1225 4721 eos
1246 4664 1347 4737 qui
1370 4664 1678 4723 audierunt
1697 4667 2007 4739 quidlocu-

289 4761 389 4814 tus
407 4771 545 4811 sum
566 4755 707 4825 ipsis
740 4770 909 4812 :ecce
930 4754 989 4808 hi
1013 4752 1205 4809 sciunt
1236 4769 1360 4825 quae
1393 4754 1638 4810 dixerim
1665 4771 1792 4827 ego.
1816 4777 1847 4808 »
1877 4753 2003 4813 Non

294 4847 707 4920 pretereunda
737 4846 1000 4901 nascitur
1032 4843 1301 4915 quasstio,
1335 4846 1626 4914 quomodo
1658 4845 1866 4901 dixerit
1892 4846 2004 4903 Do-

294 4938 500 4992 minus
518 4934 714 5002 Jesus,
745 4936 857 5004 Ego
878 4934 1069 5004 palam
1094 4933 1303 4988 locutus
1323 4948 1445 4986 sum
1469 4932 1667 4988 mundo
1689 4949 1708 4994 ;
1730 4938 1786 4988 et.
1818 4935 2009 4989 maxi-

294 5045 388 5085 me
412 5027 559 5083 illud
584 5026 736 5096 quod
760 5025 859 5091 ait,
890 5026 958 5081 In
987 5023 1193 5081 occulto
1224 5023 1437 5078 locutus
1466 5038 1586 5077 sum
1618 5021 1780 5078 nihil.
1805 5022 2009 5079 Nonne

295 5118 351 5171 in
386 5118 500 5173 hoc
544 5116 671 5185 ipso
721 5114 1040 5171 recentiore
1074 5128 1360 5176 sermone,
1398 5127 1572 5182 quem
1606 5116 1737 5184 post
1784 5128 2007 5169 caenam
2042 5166 2043 5169 η

296 5206 604 5280 discipulis
633 5210 725 5261 est
755 5204 1007 5274 locutus,
1031 5205 1113 5261 ait
1142 5203 1261 5260 illis
1292 5220 1305 5259 :
1344 5205 1463 5261 Hac
1492 5205 1551 5259 in
1595 5202 1896 5274 proverbiis
1936 5204 2010 5260 to-

294 5306 455 5353 eutus
483 5311 611 5350 sum
631 5294 781 5350 vobis
810 5312 830 5349 :
854 5297 1002 5351 venit
1034 5299 1169 5350 hora
1196 5309 1321 5349 cum
1336 5293 1459 5363 jam
1479 5308 1589 5349 non
1620 5295 1675 5347 in
1705 5293 2014 5365 proverbiis

359 5448 380 5485 ί
407 5450 534 5520 Haec
558 5446 742 5520 verba,
773 5446 1019 5520 columna
1040 5446 1361 5520 ﬁrmissima
1378 5445 1633 5520 citatius
1662 5461 1801 5498 aura
1828 5446 2018 5513 imput-

298 5528 411 5563 sum
440 5514 555 5561 tota
592 5508 1072 5573 contremuitsvbi,
1097 5524 1205 5561 non
1239 5513 1466 5562 existant
1486 5512 1539 5561 in
1572 5510 1693 5561 Mss.

368 5574 391 5612 ³
416 5578 566 5633 Μαι..
596 5573 653 5625 in
685 5571 989 5639 synagogis.

1404 207 1878 270 TRACTATUS
1920 206 2130 269 CXIII.
2177 210 2434 271 CAPUT
2478 212 2695 277 XVIII.

3670 225 3830 286 i934

2112 340 2308 410 loquar
2333 342 2505 412 vobis,
2532 344 2623 399 sed
2641 346 2827 415 palam
2856 346 2920 402 de
2946 349 3106 404 Patre
3136 366 3254 405 meo
3297 356 3644 413 annuntiabo
3672 357 3820 414 vobis

2112 432 2291 501 (Joan.
2316 449 2430 500 xvi,
2451 434 2573 505 25)?
2595 435 2652 490 Si
2685 452 2818 507 ergo
2846 437 2987 506 ipsis
3028 443 3525 508 conjunctioribus
3558 447 3817 516 discipuc

2115 521 2185 576 lis
2207 524 2328 577 suis
2347 541 2462 579 non
2485 524 2830 596 loquebatur
2848 529 3063 597 palam,
3088 534 3185 585 sed
3208 533 3409 591 horam
3441 536 3819 605 promittebat

2116 614 2341 682 quando
2378 615 2560 684 palam
2596 622 2720 671 erat
2752 618 3070 685 locuturus,
3102 624 3393 690 quomodo
3427 627 3615 695 palam
3651 624 3811 680 locu-

2116 706 2210 755 tus
2241 708 2327 757 est
2358 704 2613 759 mundo?
2647 705 2861 760 Deinde
2896 708 3011 762 illis
3044 708 3186 777 ipsis
3218 714 3530 782 suis,sicut
3562 715 3805 771 aliorum

2116 806 2348 862 quoque
2377 794 2853 865 evangelistarum
2890 801 3135 852 testatur
3164 802 3498 870 auctoritas,
3525 804 3581 858 in
3614 822 3808 860 eorum

2115 884 2544 952 comparatione
2565 883 2662 955 qui
2691 883 2964 955 discipuli
2989 887 3115 954 ejus
3150 905 3261 942 non
3286 899 3474 955 erant,
3502 896 3677 948 multo
3702 896 3816 950 uti—

2114 986 2228 1041 que
2259 972 2622 1027 mauifestius
2654 972 3022 1043 loquebatur,
3058 981 3290 1046 quando
3322 995 3452 1035 cum
3501 983 3642 1037 solis
3672 989 3814 1049 erat,

2113 1069 2375 1117 remotus
2399 1081 2430 1117 a
2456 1065 2679 1119 turbis:
2706 1070 2843 1121 tunc
2875 1066 3030 1122 enim
3064 1068 3148 1123 eis
3175 1077 3227 1124 et
3261 1070 3565 1141 parabolas
3596 1073 3821 1143 aperie-

2113 1151 2228 1214 bat,
2263 1168 2409 1224 quas
2443 1154 2673 1209 clausas
2705 1157 3034 1225 proferebat
3064 1157 3136 1212 ad
3167 1158 3332 1214 alios.
3368 1160 3516 1226 Quid
3548 1162 3626 1215 est
3659 1177 3819 1233 ergo,

2108 1245 2169 1298 In
2189 1242 2401 1297 occulto
2425 1243 2631 1297 loculus
2659 1260 2776 1298 sum
2809 1246 2987 1299 nihil?
3012 1247 3120 1301 Sed
3156 1247 3599 1320 intelligendum
3624 1253 3712 1303 est
3742 1249 3820 1305 ita

2109 1349 2240 1389 eum
2267 1333 2499 1400 dixisse,
2527 1335 2718 1389 Palam
2751 1334 2961 1390 locutus
2991 1352 3112 1390 sum
3143 1338 3375 1399 mundo;
3395 1356 3461 1393 ac
3484 1340 3533 1393 si
3557 1339 3819 1404 dixisset,

2109 1424 2273 1479 Multi
2310 1440 2400 1478 me
2429 1424 2757 1479 audierunt.
2792 1425 2988 1496 Ipsum
3025 1432 3217 1481 autem
3250 1429 3439 1499 palam
3474 1432 3643 1483 modo
3676 1446 3821 1497 quo-

2110 1515 2240 1570 dam
2265 1519 2386 1570 erat
2410 1515 2809 1584 palam,modu
2828 1520 3021 1571 autem
3044 1520 3290 1587 quodam
3319 1534 3433 1572 non
3453 1522 3577 1573 erat
3600 1516 3817 1588 palam.

2110 1603 2303 1658 Palam
2340 1607 2554 1675 quippe
2584 1608 2727 1669 erat,
2759 1604 2894 1674 quia
2926 1604 3095 1660 multi
3126 1606 3473 1674 audiebant;
3498 1614 3550 1663 et
3580 1623 3816 1662 rursum

2112 1711 2227 1749 non
2258 1698 2381 1750 erat
2431 1693 2639 1763 palam,
2673 1694 2807 1764 quia
2839 1711 2953 1750 non
2996 1694 3417 1768 intelligebant.
3455 1696 3521 1752 Et
3548 1698 3701 1768 quod
3734 1712 3821 1751 se-

2115 1800 2313 1841 orsum
2365 1782 2667 1856 discipulis
2717 1782 3079 1855 loquebatur,
3115 1803 3228 1841 non
3261 1786 3321 1841 in
3354 1786 3581 1841 occulto
3619 1786 3822 1857 utique

2114 1874 2479 1946 loquebatur.
2505 1873 2641 1939 Quis
2664 1890 2915 1945 namque
2939 1876 2994 1929 in
3021 1876 3247 1933 occulto
3279 1876 3555 1947 loquitur,
3581 1875 3681 1945 qui
3714 1890 3817 1929 co—

2114 1982 2234 2021 ram
2262 1969 2342 2021 tot
2375 1964 2707 2021 hominibus
2736 1965 3019 2035 loquitur;
3045 1982 3177 2022 cum
3211 1968 3499 2040 scriptum
3523 1968 3621 2035 sit,
3643 1969 3708 2023 In
3729 1982 3823 2023 ore

2110 2056 2343 2112 duorum
2366 2054 2455 2109 vel
2477 2057 2645 2110 trium
2669 2056 2885 2109 testium
2903 2058 3069 2109 stabit
3092 2072 3249 2111 omne
3271 2057 3491 2113 verbum
3513 2058 3819 2127 (Dent.x1x,

2112 2146 2237 2212 i5):
2274 2144 2591 2215 praisertim
2627 2142 2674 2197 si
2709 2144 2817 2197 hoc
2850 2144 3108 2212 loquitur
3144 2146 3366 2214 paucis,
3402 2148 3557 2215 quod
3592 2163 3692 2216 per
3721 2162 3818 2202 eos

2108 2234 2247 2289 velit
2272 2234 2633 2288 innotescere
2656 2230 2891 2297 multis;
2915 2232 3070 2285 sicut
3099 2234 3222 2300 ipse
3254 2234 3539 2288 Dominus
3571 2235 3652 2287 ait
3681 2234 3825 2300 illis,

2107 2339 2251 2394 quos
2283 2323 2470 2377 adhuc
2505 2336 2718 2391 paucos
2751 2318 3022 2385 habebat,
3068 2319 3216 2387 Quod
3248 2320 3366 2373 dico
3400 2320 3547 2375 vobis
3580 2320 3636 2373 in
3672 2329 3814 2375 tene-

2109 2413 2418 2482 bris,dicile
2440 2415 2495 2467 in
2522 2412 2760 2475 lumine;
2780 2419 2832 2464 et
2854 2409 2993 2481 quod
3021 2410 3079 2465 in
3112 2425 3245 2466 aure
3267 2408 3491 2478 auditis,
3515 2409 3817 2481 praedicata

2104 2519 2267 2574 super
2300 2506 2437 2558 tecta
2460 2499 2672 2574 (Matth.
2698 2517 2752 2567 x,
2774 2499 3068 2571 27)?Ergo
3091 2504 3149 2555 et
3183 2498 3291 2555 hoc
3326 2499 3521 2569 ipsum
3555 2501 3709 2570 quod
3744 2502 3816 2557 ab

2106 2592 2233 2664 ipso
2257 2592 2368 2649 dici
2391 2591 2695 2647 videbatur
2718 2590 2962 2657 occulte,
2985 2588 3421 2661 quodammodo
3446 2606 3561 2647 non
3584 2590 3819 2647 diceba-

2104 2686 2199 2738 tur
2231 2684 2286 2738 in
2319 2683 2543 2738 occulto
2572 2700 2585 2740 :
2611 2680 2751 2754 quia
2784 2698 2896 2737 non
2932 2682 3007 2736 ita
3029 2680 3350 2748 dicebatur,
3378 2683 3443 2735 ut
3471 2679 3542 2735 ab
3571 2681 3656 2737 eis
3688 2681 3817 2752 qui-

2103 2773 2211 2830 bus
2243 2773 2460 2829 dictum
2496 2774 2699 2837 fuerat,
2717 2775 3032 2837 taceretur;
3055 2771 3153 2826 sed
3179 2770 3253 2826 ita
3278 2768 3492 2841 potius,
3518 2773 3583 2826 ut
3607 2786 3812 2842 usque-

2104 2879 2334 2935 quaque
2369 2861 2795 2931 praedicaretur.
2829 2860 2922 2914 Sic
2953 2874 3089 2930 ergo
3120 2857 3234 2912 dici
3276 2860 3463 2929 potest
3502 2858 3723 2931 aliquid
3758 2863 3816 2915 et

2106 2952 2296 3021 palam
2345 2947 2521 3003 simul
2573 2952 2631 3002 et
2677 2963 2791 3002 non
2842 2944 3061 3016 palam,
3093 2943 3181 3000 vel
3213 2945 3270 3001 in
3298 2945 3519 3002 occulto
3550 2947 3814 3005 simulet

2106 3056 2220 3095 non
2272 3038 2331 3092 in
2370 3035 2618 3099 occulto,
2650 3036 2940 3105 quomodo
2972 3035 3189 3090 dictum
3223 3040 3331 3103 est,
3366 3037 3431 3093 Ut
3460 3037 3698 3095 videntes
3726 3040 3812 3095 vi-

2105 3129 2290 3196 deant,
2322 3133 2376 3182 et
2431 3141 2538 3181 non
2586 3124 2806 3181 videant
2838 3124 3022 3194 (Marc.
3055 3141 3130 3193 tv,
3164 3126 3270 3197 12).
3300 3128 3602 3193 Quomodo
3651 3128 3809 3186 enim

2104 3221 2344 3287 videant,
2371 3216 2484 3274 nisi
2507 3215 2639 3286 quia
2672 3215 2887 3287 palam,
2914 3232 3027 3271 non
3060 3214 3117 3270 in
3144 3218 3398 3287 occulto;
3434 3224 3492 3274 et
3512 3219 3806 3291 quomodo

2104 3312 2257 3369 idem
2288 3308 2397 3383 ipsi
2423 3325 2628 3365 rursus
2650 3324 2760 3363 non
2783 3306 3022 3375 videant,
3047 3307 3156 3363 nisi
3182 3309 3321 3380 quia
3338 3325 3455 3365 non
3477 3309 3663 3379 palam
3680 3310 3810 3378 ,sed

2104 3402 2165 3459 in
2187 3400 2447 3458 occulto?
2467 3399 2545 3453 Ea
2566 3406 2758 3453 tamen
2782 3396 2909 3467 ipsa
2930 3412 3057 3467 qua:
3081 3398 3385 3453 audierant
3406 3400 3463 3452 et
3493 3412 3608 3452 non
3639 3397 3811 3451 intel~

2104 3492 2379 3558 lexerant,
2404 3487 2545 3544 talia
2575 3490 2762 3555 erant,
2795 3492 2860 3541 ut
2892 3503 3004 3541 non
3038 3486 3462 3557 possentjuste
3492 3502 3557 3540 ac
3589 3484 3812 3541 veraci-

2101 3586 2185 3638 ter
2215 3577 2507 3636 criminari
2544 3595 2558 3633 :
2590 3580 2647 3633 et
2677 3576 3155 3647 quotiescumque
3184 3573 3588 3644 interrogando
3614 3576 3814 3630 tenta-

2104 3674 2263 3738 runt,
2295 3673 2358 3723 ut
2389 3668 2714 3722 invenirent
2744 3665 2897 3719 unde
2928 3666 3270 3719 accusarent
3300 3675 3458 3729 eum,
3493 3661 3581 3716 sic.
3607 3660 3692 3717 eis
3724 3676 3811 3718 re-

2103 3759 2360 3832 spondit,
2388 3762 2452 3812 ut
2473 3772 2673 3812 omnes
2694 3771 2929 3811 erorum
2955 3753 3408 3809 retunderentur
3430 3749 3634 3818 doli,et
3656 3751 3812 3806 calu-

2104 3849 2279 3906 mnias
2299 3848 2736 3903 frustrarentur.
2759 3844 2891 3902 Ideo
2915 3843 3163 3911 dicebat,
3191 3839 3329 3910 Quid
3358 3855 3444 3896 me
3473 3840 3815 3910 interrogas?

2104 3942 2389 4008 Interroga
2417 3952 2504 3994 eos
2533 3935 2631 4008 qui
2659 3935 2961 3991 audierunt
2984 3932 3113 4006 quid
3139 3932 3352 3988 locutus
3369 3946 3493 3987 sum
3515 3930 3816 4002 ipsis:ecee

2106 4030 2165 4086 hi
2194 4031 2375 4085 sciunt
2402 4042 2529 4100 qua!
2556 4026 2797 4083 dixerim
2822 4042 2938 4097 ego.

2177 4120 2231 4175 4.
2265 4120 2390 4176 Haec
2417 4125 2599 4174 autem
2630 4133 2754 4174 eum
2792 4116 3035 4182 dixisset,
3066 4129 3203 4169 unus
3232 4114 3490 4168 assistens
3521 4110 3817 4168 ministro-

2106 4227 2231 4268 rum
2260 4209 2406 4266 dedit
2461 4206 2687 4279 alapam
2722 4206 2869 4273 Jesu,
2902 4204 3085 4260 dicens
3113 4221 3132 4260 :
3154 4204 3256 4259 Sir
3301 4200 3588 4273 respondes
3625 4201 3818 4272 ponti-

2107 4302 2202 4373 ﬁci
2223 4305 2246 4353 Ρ
2292 4298 2589 4372 Respondit
2627 4297 2679 4352 ei
2725 4298 2875 4354 Jesus
2906 4312 2925 4351 :
2958 4295 3017 4351 Si
3045 4294 3188 4349 male
3235 4294 3445 4349 locutus
3486 4308 3631 4360 sum,
3663 4292 3820 4346 testi-

2108 4396 2351 4449 monium
2408 4389 2631 4461 perhibe
2686 4387 2750 4443 de
2804 4386 2984 4447 malo;
3041 4386 3091 4439 si
3145 4392 3329 4439 autem
3369 4382 3520 4450 bene,
3561 4380 3690 4452 quid
3733 4396 3822 4437 me

2109 4482 2320 4540 cadis?
2351 4480 2500 4546 Quid
2560 4478 2671 4533 ista
2729 4474 3113 4545 responsione
3159 4474 3375 4539 verius,
3429 4470 3816 4537 mansuetius,

2103 4570 2369 4643 justius?
2393 4569 2529 4638 Ejus
2550 4571 2639 4622 est
2659 4565 2812 4623 enim
2837 4564 2907 4619 de
2937 4579 3051 4634 quo
3077 4561 3410 4634 prOphetica
3438 4575 3545 4617 vox
3579 4575 3824 4633 praeces-

2113 4663 2287 4727 serat,
2319 4656 2569 4722 Intende,
2602 4660 2652 4712 et
2681 4668 2943 4725 prospere
2970 4652 3219 4724 procede,
3259 4655 3313 4706 et
3353 4665 3560 4721 regna;
3603 4655 3826 4721 propter

2112 4750 2416 4815 veritatem,
2449 4754 2499 4803 et
2542 4743 3039 4811 mansuetudinem,
3069 4748 3121 4797 et
3158 4744 3433 4814 justitiam
3463 4741 3632 4811 (Psal.
3663 4756 3826 4807 κων,

2113 4842 2187 4912 5).
2221 4840 2281 4896 Si
2312 4839 2635 4911 cogitemus
2674 4834 2804 4907 quis
2833 4834 3120 4904 acceperit
3149 4832 3400 4902 alapam,
3433 4847 3628 4888 nonne
3657 4829 3828 4885 velle.

2118 4947 2251 4987 mus
2296 4946 2432 4986 eum
2483 4927 2585 5001 qui
2629 4925 2936 4999 percussit,
2969 4928 3070 4980 aut
3118 4923 3335 4981 caelesti
3367 4923 3499 4991 igne
3529 4920 3823 4987 consumi,

2118 5026 2219 5077 aut
2266 5029 2416 5077 terra
2465 5018 2802 5074 dehiscente
2842 5012 3088 5076 sorberi,
3121 5017 3222 5067 aut
3250 5015 3579 5081 correptum
3611 5007 3828 5065 daemo—

2119 5111 2215 5168 nio
2237 5109 2503 5177 volutari,
2524 5112 2626 5165 aut
2653 5106 2847 5178 aliqua
2881 5103 3215 5173 hujusmodi
3247 5101 3509 5173 qualibet
3538 5097 3827 5168 pmuaﬂel

2119 5202 2293 5258 etiam
2328 5199 2588 5273 graviore
2619 5195 2859 5269 puniri?
2892 5194 3039 5261 Quid
3071 5193 3227 5249 enim
3261 5191 3471 5248 horum
3505 5204 3607 5261 per
3636 5195 3831 5261 poten-

2121 5292 2478 5360 tiamjubere
2512 5305 2625 5345 non
2651 5286 2939 5359 potuisset
2967 5301 3069 5356 per
3101 5299 3275 5354 quem
3323 5283 3503 5341 factus
3533 5283 3624 5336 est
3665 5296 3831 5338 mun-

2123 5384 2258 5450 dus,
2281 5381 2392 5439 nisi
2429 5378 2765 5452 patientiam
2800 5394 2904 5433 nos
2935 5378 3137 5432 docere
3169 5373 3474 5431 maluisset
3501 5389 3615 5445 qua
3648 5371 3827 5430 vinci-

2126 5479 2224 5529 tur
2255 5471 2556 5528 mundus?
2590 5470 2690 5526 Hic
2721 5468 2873 5523 dicet
2923 5466 3135 5539 aliquis
3169 5483 3183 5524 :
3217 5470 3330 5522 Cur
3366 5482 3479 5521 non
3514 5464 3649 5519 fecit
3674 5462 3831 5535 quod

2128 5565 2254 5637 ipse
2301 5561 2574 5635 praecepit
2603 5560 2810 5635 (Matth.
2844 5575 2900 5629 v,
2931 5555 3063 5631 39)?
3116 5555 3464 5630 percutienti
3512 5553 3668 5612 enim
3719 5564 3834 5606 non
