4164 6184
280 286 435 347 1935

278 422 364 476 sic
410 413 780 488 respondere,
816 410 916 467 sed
970 406 1263 464 maxillam
1315 401 1519 459 debuit
1566 401 1799 455 alteram
1848 412 1992 469 prae-

282 515 415 569 bere
447 511 487 561 ¹.
525 506 666 572 Quid
720 503 876 576 quod
918 504 974 556 et
1001 497 1307 562 veraciter,
1354 497 1675 558 mansuete,
1720 491 1995 561 justeque

286 597 615 672 respondit,
647 598 704 651 et
750 609 864 649 non
911 589 1098 646 solum
1152 586 1393 643 alteram
1448 582 1741 638 maxillam
1780 579 1995 672 iterum

289 667 665 763 percussuro,
697 684 796 740 sed
827 686 1017 738 totum
1069 692 1280 749 corpus
1331 674 1625 763 ﬁgendum
1660 667 2000 763 praeparavit

290 759 347 833 in
380 776 580 849 ligno?
608 776 679 831 Et
712 773 844 828 hinc
875 768 1063 839 potius
1094 762 1533 831 demonstravit,
1567 761 1717 833 quod
1752 759 2001 813 demon-

292 868 603 924 strandum
637 864 762 923 fuit,
802 878 903 916 sua
949 857 1174 915 scilicet
1207 870 1419 926 magna
1449 852 1551 908 illa
1582 853 1865 922 praecepta
1898 863 1999 916 pa-

294 958 510 1013 tientiae
558 971 673 1010 non
723 949 1110 1009 ostentatione
1160 944 1438 1016 corporis,
1474 943 1570 997 sed
1613 938 1804 997 cordis
1851 954 2002 1009 pra:—

296 1046 596 1120 paratione
651 1040 933 1098 facienda.
987 1036 1137 1095 Fieri
1195 1034 1354 1091 enim
1414 1036 1601 1106 potest
1650 1034 1713 1086 ut
1760 1029 2003 1085 alteram

297 1135 592 1194 maxillam
628 1130 931 1188 visibiliter
965 1126 1216 1201 praebeat
1255 1126 1428 1181 homo
1460 1131 1511 1178 et
1544 1123 1750 1177 iratus.
1782 1121 2005 1183 Quanto

297 1244 435 1299 ergo
486 1222 693 1280 melius
725 1229 779 1277 et
824 1217 1129 1292 reSpondet
1161 1232 1292 1271 vera
1338 1214 1620 1285 placatus,
1657 1215 1711 1266 et
1757 1209 1829 1265 ad
1880 1224 2009 1279 per-

296 1316 535 1373 ferenda
583 1312 849 1385 graviora
882 1306 1193 1379 tranquillo
1227 1306 1421 1359 animo
1454 1304 1519 1357 fit
1563 1299 1836 1372 paratus?
1868 1304 2009 1353 Bea-

297 1419 389 1464 tus
420 1411 505 1461 est
534 1404 687 1459 enim
720 1400 817 1473 qui
850 1401 908 1454 in
935 1397 1215 1455 omnibus
1246 1411 1371 1464 qua:
1406 1393 1619 1463 injuste
1653 1407 1755 1461 pro
1779 1388 2008 1459 justitia

300 1496 537 1569 patitur,
574 1495 761 1563 potest
792 1487 1069 1544 veraciter
1107 1486 1320 1549 dicere,
1355 1487 1621 1537 Paratum
1668 1496 1764 1534 cor
1806 1494 2008 1569 meum,

301 1566 458 1650 Deus,
480 1586 740 1653 paratum
762 1595 853 1635 cor
876 1593 1062 1632 meum
1087 1593 1104 1630 :
1129 1574 1262 1629 hinc
1294 1573 1355 1627 fit
1388 1572 1606 1644 quippe
1638 1569 1792 1642 quod
1828 1566 2015 1640 sequi-

300 1680 420 1742 tur,
454 1671 694 1727 Cantabo
744 1672 795 1724 et
839 1665 1083 1738 psallam
1115 1663 1285 1735 (Psal.
1320 1678 1430 1729 va,
1464 1661 1550 1731 8);
1602 1659 1751 1729 quod
1802 1656 2015 1712 Paulus

302 1770 358 1820 et
382 1759 675 1818 Barnabas
694 1758 773 1830 (a)
797 1757 969 1813 etiam
997 1755 1056 1810 in
1080 1751 1330 1808 vinculis
1356 1749 1691 1806 durissimis
1716 1749 1901 1804 facere
1920 1762 2018 1817 po-

306 1856 564 1907 luerunt.

374 1941 423 1994 5.
463 1938 573 1995 Sed
608 1937 677 1992 ad
709 1932 1059 1992 narrationis
1103 1930 1441 2001 evangelica
1486 1928 1790 2001 sequentia
1818 1927 2014 1981 redea-

311 2048 462 2086 mus.
500 2028 560 2083 Et
590 2025 746 2082 misit
777 2041 902 2081 eum
932 2024 1114 2079 Annus
1146 2021 1379 2093 ligatum
1408 2019 1476 2075 ad
1507 2019 1771 2089 Caipham
1801 2015 2019 2088 pontiﬁ-

309 2137 449 2175 cem.
482 2118 565 2173 Ad
598 2117 786 2185 illum,
823 2115 974 2172 sicut
1004 2113 1317 2169 Mattheus
1347 2112 1506 2176 dicit,
1540 2110 1611 2165 ab
1642 2107 1807 2163 initio
1839 2105 2015 2162 duce-

312 2212 505 2275 batur,
531 2207 807 2280 quoniam
832 2205 956 2277 ipse
979 2209 1102 2260 erat
1124 2203 1285 2258 illius
1307 2202 1443 2257 anni
1465 2200 1733 2271 princeps
1756 2198 2020 2253 sacerdo-

309 2306 455 2356 tum.
490 2298 758 2355 Alternos
792 2295 1009 2367 quippe
1070 2292 1433 2363 intelligendi
1476 2296 1608 2345 sunt
1640 2304 1804 2359 agere
1836 2288 2019 2343 solere

310 2404 495 2445 annos
528 2386 703 2443 ambo
726 2384 1061 2457 pontiﬁces,
1092 2383 1149 2438 id
1184 2387 1272 2437 est
1305 2380 1597 2452 principes
1630 2378 2017 2440 sacerdotum,

312 2480 404 2550 qui
438 2482 603 2535 erant
634 2476 731 2531 illo
763 2480 1024 2545 tempore
1058 2475 1253 2528 Annas
1285 2477 1340 2526 et
1370 2470 1636 2540 Caiphae,
1662 2485 1805 2540 quos
1840 2468 2019 2522 Lucas

308 2567 663 2640 evangelista
684 2568 1122 2627 commemorat,
1150 2577 1391 2615 narrans
1412 2576 1525 2630 quo
1549 2564 1660 2613 tem
1673 2574 1806 2629 pore
1832 2573 2018 2627 coepe-

306 2660 382 2713 rit
440 2655 673 2712 Domini
722 2670 1045 2726 precursor
1102 2652 1356 2706 Joannes
1415 2649 1719 2719 praedicare
1779 2662 2017 2715 regnum

304 2747 603 2813 cmlorum,
637 2747 693 2799 et
723 2756 1074 2813 congregare
1126 2737 1467 2810 discipulos.
1499 2740 1591 2793 Sic
1638 2738 1794 2792 enim
1828 2736 1969 2792 dicit
2000 2752 2014 2791 :

308 2836 417 2892 Sub
444 2831 794 2908 principibus
825 2831 1171 2887 sacerdotum
1196 2829 1353 2883 Anna
1376 2831 1425 2883 et
1449 2826 1679 2894 Caipha,
1701 2829 1909 2896 [actum
1941 2829 2020 2880 est

309 2926 536 2983 verbum
558 2924 779 2981 Domini
798 2937 959 2993 super
970 2920 1238 2975 Joannem
1254 2918 1541 2974 Zachariae
1550 2917 1726 2986 ﬁlium
1740 2914 1800 2970 in
1812 2914 2018 2971 deserto

310 3017 457 3085 (Luc.
492 3031 578 3083 ιιι,
608 3016 687 3085 2),
716 3015 774 3069 et
802 3018 1027 3068 caetera.
1061 3008 1303 3064 Proinde
1353 3007 1447 3062 isti
1497 3008 1666 3062 ambo
1717 3005 2017 3078 pontiﬁces

307 3105 564 3162 vicissim
613 3119 752 3158 suos
799 3117 954 3157 anno
1000 3101 1248 3171 agebant
1282 3113 1295 3152 :
1327 3104 1384 3153 et
1414 3101 1538 3153 erat
1574 3114 1763 3152 annus
1792 3095 2017 3168 Caiphae

310 3193 545 3267 quando
562 3207 737 3265 passu
752 3195 875 3245 sest
896 3187 1323 3246 Christus.ldeo
1338 3187 1661 3243 secundum
1685 3185 2017 3241 Mattheum

310 3300 440 3341 cum
491 3280 947 3353 comprehensus
996 3282 1175 3343 esset,
1200 3277 1275 3333 ad
1331 3292 1464 3332 eum
1499 3277 1711 3332 ductus
1752 3284 1838 3331 est
1870 3291 1885 3330 :
1918 3274 2017 3330 sed

311 3373 474 3447 prius
507 3372 578 3427 ad
610 3375 841 3425 Annam
874 3368 1198 3424 secundum
1248 3366 1535 3422 Joannem
1579 3373 1856 3420 venerunt
1887 3381 2021 3420 cum

313 3463 454 3529 illo;
506 3477 621 3517 non
671 3460 810 3533 quia
857 3458 1098 3529 collega,
1150 3458 1250 3512 sed
1308 3457 1445 3527 quia
1493 3470 1659 3510 socer
1705 3456 1833 3524 ejus
1880 3458 2021 3509 erat.

315 3554 385 3609 Et
441 3550 794 3608 credendum
845 3553 933 3605 est
976 3548 1300 3604 secundum
1370 3544 1729 3601 voluntatem
1791 3544 2023 3617 Caiphie

316 3644 374 3699 id
415 3657 540 3700 esse
570 3642 810 3707 factum,
854 3639 941 3695 vel
984 3640 1156 3693 etiam
1209 3638 1413 3693 domos
1463 3652 1663 3692 eorum
1715 3635 1796 3691 ita
1845 3636 2025 3692 fuisse

316 3733 556 3805 positas,
591 3740 652 3787 ut
682 3748 795 3788 non
828 3730 1062 3786 deberet
1092 3733 1295 3784 Annae
1337 3746 1367 3782 a
1399 3726 1845 3782 transeuntibus
1878 3743 2025 3798 prae-

320 3820 501 3877 teriri.

385 3912 442 3964 6.
485 3909 596 3967 Sed
627 3925 760 3966 cum
793 3908 1033 3964 dixisset
1055 3905 1429 3979 Evangelista
1451 3905 1603 3977 quod
1627 3921 1761 3960 eum
1782 3904 2026 3977 ligatum

324 4000 544 4057 miserit
566 4003 761 4054 Annas
788 3999 857 4053 ad
882 3996 1186 4069 Caipham,
1206 4011 1469 4052 reversus
1491 3999 1578 4050 est
1599 3995 1668 4050 ad
1688 3992 1879 4050 locum
1906 4012 2030 4050 nar-

328 4089 588 4158 rationis,
622 4088 722 4144 ubi
772 4087 1088 4159 reliquerat
1134 4090 1396 4154 Petrum,
1430 4087 1495 4138 ut
1532 4083 1844 4154 explicaret
1874 4087 2028 4157 quod

328 4181 386 4235 in
420 4180 591 4236 domo
620 4181 801 4233 Anne:
842 4178 912 4233 de
962 4176 1112 4232 trina
1159 4176 1287 4246 ejus
1335 4174 1643 4245 negatione
1690 4176 2029 4246 contigerat.

326 4273 458 4326 Erat
495 4273 699 4335 autem,
731 4268 942 4340 inquit,
973 4269 1159 4322 Simon
1210 4268 1399 4321 Petrus
1447 4272 1599 4320 stam
1623 4271 1675 4319 et
1706 4266 2033 4335 calefacicns

322 4378 403 4418 se.
438 4361 555 4416 Hoc
587 4358 929 4431 recapitulat
975 4358 1130 4429 quod
1182 4364 1313 4411 ante
1355 4356 1480 4427 jam
1530 4355 1749 4409 dixerat
1780 4372 1793 4411 :
1822 4356 2033 4411 deinde

321 4468 448 4523 quas
500 4452 699 4506 secuta
737 4452 878 4504 sunt
919 4446 1140 4520 jungit.
1178 4447 1445 4502 Dixerunt
1476 4461 1603 4514 ergo
1633 4444 1685 4500 ei
1709 4461 1727 4499 :
1758 4445 2033 4517 Numquid

318 4546 371 4597 et
404 4552 461 4596 tu
491 4554 561 4595 ea:
588 4537 876 4607 discipulis
905 4539 1026 4609 ejus
1057 4540 1157 4592 es?
1184 4536 1421 4608 Negavit
1466 4536 1581 4602 ille,
1613 4539 1662 4591 et
1692 4534 1835 4590 dixit
1865 4553 1886 4589 ,ο
1915 4535 2033 4591 Non

322 4646 464 4686 sum.
494 4627 625 4683 Jam
674 4627 855 4684 semel
911 4631 1251 4697 negaverat;
1286 4641 1415 4680 ecce
1454 4625 1687 4681 iterum.
1720 4625 1939 4681 Deinde
1970 4630 2034 4680 ut

322 4716 496 4775 tertia
525 4720 755 4786 negatio
778 4715 1161 4786 compleatur,
1185 4715 1328 4769 Dicit
1350 4730 1491 4768 unus
1520 4729 1590 4768 ea:
1608 4715 1781 4769 servis
1808 4715 2033 4785 ponti/i-

322 4807 421 4870 cis,
470 4808 730 4874 cognatus
778 4805 896 4873 eius
943 4803 1098 4874 cujus
1144 4803 1376 4858 abscidit
1416 4804 1611 4857 Petrus
1668 4802 2033 4860 auriculam:

324 4894 515 4951 Nonne
542 4908 637 4964 ego
654 4900 703 4948 te
722 4891 840 4946 vidi
868 4893 925 4946 in
957 4891 1115 4947 horto
1144 4908 1267 4947 cum
1303 4892 1438 4946 illo?
1468 4893 1670 4945 Iterum
1703 4907 1832 4959 ergo
1860 4909 1997 4962 nega
2017 4922 2034 4933 -

316 4986 399 5041 rit
431 4985 644 5053 Petrus,
678 4990 729 5038 et
756 4985 947 5037 statim
972 4981 1156 5052 gallus
1187 4981 1456 5036 cantavit.
1490 4980 1628 5035 Ecce
1651 4980 1855 5035 medici
1879 4997 2028 5037 com-

318 5074 475 5147 pleta
496 5082 580 5131 est
602 5072 915 5145 praedictio,
945 5071 1142 5143 aegroti
1177 5070 1441 5126 convicta
1471 5070 1870 5141 praesumptio.
1903 5070 2028 5126 Non

318 5164 475 5221 enim
506 5166 721 5220 factum
752 5162 1012 5234 estquod
1036 5161 1146 5217 iste
1169 5160 1412 5227 dixerat,
1438 5160 1694 5215 Animam
1724 5176 1901 5215 meam
1928 5176 2030 5231 pro

321 5258 373 5309 te
395 5269 627 5325 ponam;
659 5255 760 5311 sed
810 5254 1025 5309 factum
1077 5257 1166 5307 est
1210 5250 1365 5323 quod
1415 5249 1511 5306 ille
1541 5250 1901 5322 praedixerat,
1936 5252 2030 5307 Ter

325 5358 411 5398 me
440 5346 664 5411 negabis
693 5346 881 5417 (Joan.
912 5361 1037 5412 xm,
1067 5344 1179 5414 38).
1214 5343 1325 5398 Sed
1357 5341 1511 5396 trina
1544 5340 1693 5397 Petri
1727 5344 2030 5412 negatione

326 5431 770 5504 completa,jam
803 5440 859 5490 et
887 5436 998 5491 iste
1029 5450 1219 5490 sermo
1250 5431 1630 5504 compleatur,
1660 5438 1725 5487 ut
1754 5431 2028 5505 deinceps

393 5558 408 5621 ξ
438 5554 633 5621 Βεοθω
670 5556 814 5621 Mss,
841 5556 1156 5621 praeparare.

385 5620 462 5678 (a)
485 5617 725 5667 Fortasse
757 5617 1039 5681 legendum
1071 5621 1232 5682 Silus,
1265 5636 1325 5670 ex
1360 5621 1469 5670 Act.
1505 5632 1609 5678 xw,
1641 5620 1720 5670 25.

1243 268 1322 331 ΙΝ
1366 264 1687 329 JOANNIS
1734 261 2266 334 EVANGELIUM,
2314 259 2377 322 S.
2431 265 2857 326 AUGUSTINI

3670 272 3827 333 1936

2114 410 2242 465 quas
2294 396 2364 453 de
2412 396 2657 455 Domino
2707 401 2861 471 apud
2913 401 3184 457 Pontium
3233 401 3483 458 Pilatum
3515 404 3827 471 praesidem

2113 490 2274 557 gesta
2306 492 2463 556 sunt,
2498 490 2567 544 ab
2600 489 2712 545 alio
2745 491 3178 548 consideremus
3211 493 3464 550 exordio.

2634 619 3058 676 TRAC'I‘ATUS
3100 620 3297 676 CXIV.

2119 729 2194 782 Ab
2242 744 2300 783 eo
2349 728 2480 796 loco,
2510 728 2824 784 Adducunt
2871 746 3007 801 ergo
3054 731 3257 786 Jesum
3307 733 3377 787 ad
3432 733 3715 805 Caipham
3764 736 3821 791 in

2191 818 2557 889 prmtorium;
2592 835 2759 889 usque
2786 819 2856 874 ad
2888 818 2963 887 id,
2993 819 3063 875 Ut
3088 837 3280 876 sermo
3306 822 3446 878 Jesu
3479 822 3826 893 impleretur

2191 923 2365 979 quem
2397 906 2561 975 dixit,
2587 907 2927 979 significans
2951 925 3068 981 qua
3098 915 3282 966 morte
3305 916 3460 967 esset
3483 912 3825 970 moriturus.

2193 1000 2321 1071 Cap.
2356 1015 2516 1068 xvui,
2549 1000 2601 1068 Ῡ.
2632 999 2817 1055 28-32.

2197 1129 2245 1179 1.
2279 1125 2415 1188 Quae
2466 1142 2597 1181 cum
2648 1125 2893 1182 Domino
2924 1128 3009 1181 vel
3064 1128 3133 1182 de
3184 1128 3429 1184 Domino
3461 1135 3658 1186 nostro
3688 1131 3832 1186 Jesu

2124 1213 2352 1271 Christo
2384 1214 2534 1283 apud
2568 1214 2839 1270 Pontium
2872 1214 3120 1271 Pilatum
3154 1217 3459 1287 praesidem
3494 1224 3659 1290 gesta
3690 1220 3838 1289 sint,

2126 1308 2409 1375 quantum
2444 1303 2697 1360 Joannes
2730 1304 3085 1376 evangelista
3121 1306 3359 1375 indicat,
3402 1308 3610 1365 deinde
3641 1309 3839 1367 videa-

2128 1408 2279 1447 mus.
2319 1392 2489 1447 Redit
2519 1394 2672 1447 enim
2707 1394 2774 1448 ad
2810 1394 3000 1451 locum
3044 1396 3392 1453 narrationis
3425 1413 3540 1453 suae
3572 1398 3669 1454 ubi
3704 1416 3839 1456 eam

2130 1481 2869 1555 reliquerat,utexplicaret
2892 1486 3042 1540 Petri
3067 1488 3600 1559 negationem.Jam
3617 1490 3840 1562 quippe

2130 1569 2373 1639 dixerat,
2400 1573 2461 1626 Et
2492 1576 2640 1628 misit
2662 1590 2785 1629 eum
2815 1576 3001 1631 Annus
3037 1576 3275 1645 ligatum
3298 1578 3373 1632 ad
3397 1579 3667 1651 Caipham
3695 1596 3843 1651 pon-

2129 1660 2330 1727 tiﬁcem
2366 1662 2541 1733 (Joan.
2577 1679 2736 1729 xvm,
2757 1664 2846 1729 2'1)
2873 1681 2885 1719 :
2912 1669 3085 1737 atque
3116 1664 3251 1721 inde
3282 1683 3578 1739 regressus
3610 1669 3711 1724 ubi
3744 1668 3837 1723 di-

2131 1749 2367 1805 miserat
2398 1756 2627 1807 Petrum
2662 1752 3095 1809 calefacientem
3130 1771 3192 1810 se
3217 1756 3286 1811 ad
3320 1756 3515 1827 ignem
3563 1758 3618 1812 in
3661 1759 3837 1815 atrio:

2134 1843 2515 1909 posteaquam
2540 1844 2721 1896 totam
2744 1843 2871 1911 ejus
2894 1843 3421 1917 negationem,quae
3444 1849 3532 1900 ter
3551 1846 3703 1901 facta
3723 1851 3842 1914 est,

2129 1928 2486 1999 terminavit,
2511 1931 2797 1987 Adducunt
2821 1949 2947 2004 ergo
2973 1935 3176 2001 Jesum,
3204 1935 3412 2007 inquit,
3431 1935 3503 1993 ad
3526 1936 3796 2009 Caiphae;
3822 1937 3846 1970 ⁸

2128 2018 2186 2071 in
2231 2022 2572 2089 praetorium.
2611 2022 2690 2077 Ad
2723 2022 2994 2094 Caipham
3026 2023 3240 2096 quippe
3290 2025 3363 2080 ab
3410 2028 3579 2082 Anna
3624 2027 3848 2097 collega

2126 2109 2184 2161 et
2228 2125 2430 2193 socero
2462 2111 2589 2181 ejus
2623 2113 2848 2167 dixerat
2896 2114 3159 2171 missum.
3194 2115 3307 2171 Sed
3348 2114 3395 2169 si
3426 2117 3495 2172 ad
3529 2115 3847 2197 Caipham,

2126 2215 2233 2255 cur
2266 2200 2326 2255 in
2360 2202 2738 2271 praetorium?
2781 2204 2941 2267 Quod
2993 2203 3137 2258 nihil
3189 2203 3346 2259 aliud
3398 2206 3525 2261 vult
3574 2206 3854 2277 intelligi,

2128 2308 2302 2363 quam
2330 2292 2426 2347 ubi
2462 2310 2671 2363 prmses
2702 2295 2919 2349 Pilatus
2954 2295 3275 2351 habitabat.
3300 2299 3407 2351 Aut
3438 2297 3619 2369 igitur
3649 2297 3855 2369 aliqua

2132 2390 2370 2453 urgente
2419 2398 2593 2437 eausa
2644 2385 2713 2438 de
2764 2386 2937 2439 domo
2983 2390 3182 2451 Annae,
3217 2403 3332 2456 quo
3371 2386 3444 2442 ad
3484 2388 3853 2443 audiendum

2128 2470 2331 2526 Jesum
2390 2472 2557 2527 ambo
2618 2479 3023 2541 convenerant,
3077 2476 3327 2547 Caiphae
3382 2482 3712 2546 perrexerat
3772 2480 3850 2532 ad

2131 2561 2462 2632 praetorium
2516 2563 2798 2632 prazsidis,
2832 2570 2887 2619 et
2935 2582 3132 2621 socero
3182 2583 3287 2621 suo
3332 2566 3533 2621 Jesum
3584 2567 3851 2638 relique-

2130 2656 2219 2706 rat
2274 2653 2811 2709 audiendum:aut
2868 2657 2924 2709 in
2984 2658 3156 2711 domo
3213 2655 3443 2727 Caiphae
3500 2657 3846 2726 praetorium

2130 2741 2343 2797 Pilatus
2393 2748 2709 2815 acceperat,
2760 2749 2815 2800 et
2862 2749 3021 2801 tanta
3078 2748 3291 2803 domus
3349 2752 3493 2814 erat,
3554 2752 3620 2803 ut
3676 2764 3849 2803 seor-

2128 2838 2257 2877 sum
2310 2822 2669 2878 habitantem
2710 2825 3012 2880 dominum
3047 2842 3242 2893 suum,
3276 2843 3540 2883 seorsum
3569 2826 3842 2899 judicem

2128 2912 2321 2967 ferret.

2196 3004 2249 3055 2.
2284 3003 2413 3057 Erat
2460 3010 2645 3059 autem
2691 3021 2871 3074 mane,
2903 3010 2954 3061 et
2994 3007 3118 3078 ipsi,
3153 3007 3208 3060 id
3260 3012 3348 3062 est
3395 3006 3490 3078 qui
3539 3007 3846 3063 ducebant

2126 3091 2327 3147 Jesum
2356 3109 2367 3146 :
2392 3108 2502 3148 non
2534 3095 2874 3150 introierunt
2902 3095 2963 3149 in
2992 3096 3339 3165 praetorium,
3365 3096 3468 3152 hoc
3498 3105 3581 3152 est
3610 3096 3667 3150 in
3702 3113 3840 3152 eam

2130 3190 2354 3254 partem
2405 3186 2615 3239 domus
2664 3204 2837 3257 quam
2890 3187 3113 3242 Pilatus
3160 3189 3417 3256 tenebat,
3450 3187 3499 3242 si
3547 3188 3679 3259 ipsa
3706 3194 3845 3243 erat

2131 3271 2339 3327 domus
2371 3270 2618 3342 Caiphae.
2647 3276 2759 3327 Cur
2792 3283 2979 3329 autem
3015 3291 3126 3329 non
3161 3275 3507 3330 introierunt
3540 3274 3598 3329 in
3634 3280 3846 3345 praeto-

2133 3362 2305 3427 rium,
2339 3378 2636 3433 exponens
2668 3380 2927 3430 causam,
2960 3367 3021 3421 Ut
3054 3382 3159 3422 non
3190 3368 3723 3433 contaminarentur,
3755 3367 3850 3422 in-

2133 3451 2279 3524 quit,
2320 3452 2408 3507 sed
2448 3459 2508 3507 ut
2558 3453 2955 3510 manducarent
3002 3455 3230 3510 Pascha.
3287 3456 3418 3510 Dies
3466 3456 3620 3512 enim
3671 3473 3852 3529 agere

2134 3546 2429 3613 coeperant
2475 3558 2855 3614 azymorum:
2902 3545 3112 3616 quibus
3160 3544 3367 3601 diebus
3422 3546 3850 3604 conlaminatio

2133 3629 2252 3687 illis
2283 3637 2407 3687 erat
2434 3632 2494 3687 in
2526 3632 2860 3706 alienigenas
2893 3634 3292 3692 habitaculum
3324 3636 3557 3692 intrare.
3582 3636 3628 3691 Ο
3659 3636 3851 3707 impia

2136 3721 2389 3777 caecitas!
2412 3722 2754 3779 Ilabitaculo
2774 3724 3039 3781 videlicet
3060 3726 3606 3783 contaminarentur
3626 3725 3847 3797 alieno,

2137 3820 2193 3872 et
2222 3832 2337 3871 non
2369 3818 2907 3873 contaminarentur
2936 3818 3151 3875 scelere
3192 3819 3459 3890 preprio?
3492 3819 3848 3890 Alienigena

2136 3906 2345 3979 iudicis
2386 3908 2652 3975 praetorio
2682 3907 3066 3963 contaminari
3098 3907 3401 3977 timebant,
3434 3913 3489 3964 et
3520 3910 3717 3964 fratris
3745 3910 3849 3965 in-

2140 3996 2403 4051 nocentis
2451 3997 2733 4067 sanguine
2778 4013 2891 4051 non
2939 3997 3221 4053 timebant
3252 4015 3267 4055 :
3301 4004 3361 4053 ut
3391 3997 3499 4053 hoc
3528 3998 3722 4053 solum
3751 3999 3855 4055 in-

2139 4086 2305 4141 terim
2341 4086 2557 4154 dicem,
2585 4087 2679 4142 ubi
2705 4103 2796 4143 rea
2824 4086 3110 4143 malorum
3133 4088 3487 4143 conscientia
3512 4089 3854 4146 tenebatur.

2141 4177 2286 4231 Nam
2319 4177 2471 4247 quod
2503 4177 2674 4233 etiam
2709 4177 2989 4233 Dominus
3019 4182 3161 4246 erat,
3191 4177 3286 4249 qui
3314 4193 3514 4233 eorum
3547 4178 3858 4250 impietate

2141 4267 2465 4323 ducebatur
2520 4268 2590 4321 ad
2652 4273 2920 4333 mortem,
2951 4272 3008 4322 et
3057 4268 3180 4322 vitm
3230 4268 3397 4323 dator
3433 4267 3856 4339 occidebatur;

2144 4372 2258 4411 non
2296 4372 2495 4410 eorum
2531 4356 2925 4421 conscientiae,
2959 4356 3057 4411 sed
3094 4355 3431 4425 ignorantia:
3461 4357 3800 4427 deputetur.

2212 4444 2265 4498 3.
2296 4445 2479 4500 Exivit
2527 4460 2651 4515 ergo
2696 4444 2909 4500 Pilatus
2942 4443 3009 4498 ad
3038 4460 3127 4499 eos
3152 4447 3331 4515 foras,
3363 4448 3413 4499 et
3444 4444 3593 4499 dixit
3618 4462 3639 4500 :
3671 4444 3858 4511 Quam

2140 4537 2544 4591 accusationem
2570 4536 2779 4607 aﬂertis
2810 4536 3069 4590 adversus
3100 4536 3371 4591 hominem
3402 4537 3581 4591 hunc?
3610 4536 3859 4608 Respon-

2140 4626 2367 4693 derunt,
2390 4633 2439 4681 et
2461 4627 2722 4681 dixerunt
2741 4629 2795 4681 ei
2816 4645 2834 4681 :
2858 4628 2920 4682 Si
2950 4642 3055 4680 non
3089 4635 3225 4681 esset
3258 4627 3347 4681 hic
3374 4628 3718 4697 male/actor,
3740 4644 3859 4683 non

2143 4716 2694 4791 tibitradidissemus
2725 4730 2867 4769 eum.
2903 4718 3344 4786 Interrogentur
3375 4720 3552 4785 atque
3598 4732 3858 4787 respon-

2142 4805 2739 4861 deantabimmundis
2760 4805 3065 4875 spiritibus
3087 4804 3335 4871 liberati,
3352 4804 3615 4877 languidi
3632 4810 3856 4869 sanati,

2139 4895 2350 4964 leprosi
2375 4895 2839 4960 mundati,surdi
2858 4894 3182 4961 audientes,
3202 4895 3343 4949 muti
3372 4894 3857 4965 loquentes,ca:ci

2143 4988 2419 5053 videntes,
2448 4985 2655 5041 mortui
2690 4991 3080 5055 resurgentes,
3109 4989 3163 5039 et
3186 4986 3340 5055 quod
3372 4986 3569 5040 omnia
3591 4991 3860 5057 superat,

2139 5076 2308 5134 stulti
2340 5074 2652 5147 sapientes,
2679 5078 2873 5128 utrum
2903 5073 2978 5127 sit
3011 5072 3345 5129 maletactor
3371 5074 3566 5130 Jesus.
3594 5076 3707 5130 Sed
3742 5076 3860 5131 ista

2137 5167 2430 5231 dicebant,
2456 5168 2525 5220 de
2548 5163 2766 5235 quibus
2791 5180 2886 5233 per
2911 5163 3252 5233 prephetam
3273 5164 3397 5235 jam
3423 5164 3545 5234 ipse
3578 5164 3867 5235 praedixe-

2138 5260 2245 5318 rat,
2278 5253 2661 5311 Retribuebant
2706 5251 2849 5307 mihi
2897 5253 3049 5307 mala
3094 5268 3193 5324 pro
3244 5251 3399 5308 bonis
3428 5252 3601 5324 (Psal.
3666 5271 3865 5310 xxxiv,

2136 5347 2247 5419 12).

2200 5497 2217 5531 1
2249 5495 2333 5569 Si~c
2363 5494 2523 5569 etiam
2556 5492 2610 5543 in
2642 5492 2953 5569 libgo‘tertio
2974 5489 3041 5569 de
3064 5489 3338 5569 Consensu
3362 5491 3858 5569 Evangelistarupi,

2137 5572 2255 5669 cag.
2282 5556 2428 5667 _7.hAt
2451 5557 2503 5604 in
2528 5555 2693 5606 sacris
2716 5553 2903 5605 Bililiis
2940 5553 3350 5616 habetur‘nunc,
3381 5570 3480 5619 apo
3512 5553 3595 5603 fori
3628 5553 3857 5631 Caiphn',

2136 5635 2167 5668 a
2236 5633 2325 5682 aip
2371 5633 2418 5666 (ι.
