  <div class='ocr_page' id='page_1' title='image "/cluster/home/n/w/nwhite01/storage/ocr_20150623/35/hvd.32044054170956/318.png"; bbox 0 0 4182 6198; ppageno 0'>
   <div class='ocr_carea' id='block_1_1' title="bbox 418 229 570 290">
    <p class='ocr_par' dir='ltr' id='par_1_1' title="bbox 418 229 570 290">
     <span class='ocr_line' id='line_1_1' title="bbox 418 229 570 290; baseline 0 -3"><span class='ocrx_word' id='word_1_1' title='bbox 418 229 570 290; x_wconf 83' lang='grc'>1937</span> 
     </span>
    </p>
   </div>
   <div class='ocr_carea' id='block_1_2' title="bbox 476 362 2114 445">
    <p class='ocr_par' dir='ltr' id='par_1_2' title="bbox 476 362 2114 445">
     <span class='ocr_line' id='line_1_2' title="bbox 476 362 2114 445; baseline 0.013 -30"><span class='ocrx_word' id='word_1_2' title='bbox 476 362 527 415; x_wconf 82' lang='grc'><strong>4.</strong></span> <span class='ocrx_word' id='word_1_3' title='bbox 563 366 717 420; x_wconf 82' lang='lat' dir='ltr'><strong>Dixit</strong></span> <span class='ocrx_word' id='word_1_4' title='bbox 743 382 866 438; x_wconf 80' lang='lat' dir='ltr'><strong>ergo</strong></span> <span class='ocrx_word' id='word_1_5' title='bbox 900 369 977 424; x_wconf 82' lang='lat' dir='ltr'><strong>eis</strong></span> <span class='ocrx_word' id='word_1_6' title='bbox 1009 370 1258 426; x_wconf 72' lang='lat' dir='ltr'><strong>Pilatus:</strong></span> <span class='ocrx_word' id='word_1_7' title='bbox 1278 374 1517 444; x_wconf 66' lang='lat' dir='ltr'><strong>Accipite</strong></span> <span class='ocrx_word' id='word_1_8' title='bbox 1546 392 1669 429; x_wconf 87' lang='lat' dir='ltr'><strong>eum</strong></span> <span class='ocrx_word' id='word_1_9' title='bbox 1700 393 1809 445; x_wconf 83' lang='lat' dir='ltr'><strong>vos,</strong></span> <span class='ocrx_word' id='word_1_10' title='bbox 1844 384 1893 433; x_wconf 85' lang='lat' dir='ltr'><strong>et</strong></span> <span class='ocrx_word' id='word_1_11' title='bbox 1923 397 2114 435; x_wconf 74' lang='lat' dir='ltr'><strong>secun-</strong></span> 
     </span>
    </p>
   </div>
   <div class='ocr_carea' id='block_1_3' title="bbox 398 450 2116 538">
    <p class='ocr_par' dir='ltr' id='par_1_3' title="bbox 398 450 2116 538">
     <span class='ocr_line' id='line_1_3' title="bbox 398 450 2116 538; baseline 0.012 -33"><span class='ocrx_word' id='word_1_12' title='bbox 398 450 532 506; x_wconf 84' lang='lat' dir='ltr'><strong>dum</strong></span> <span class='ocrx_word' id='word_1_13' title='bbox 554 454 748 522; x_wconf 83' lang='lat' dir='ltr'><strong>Legem</strong></span> <span class='ocrx_word' id='word_1_14' title='bbox 772 466 1003 513; x_wconf 83' lang='lat' dir='ltr'><strong>vestram</strong></span> <span class='ocrx_word' id='word_1_15' title='bbox 1025 460 1280 530; x_wconf 78' lang='lat' dir='ltr'><strong>judicate</strong></span> <span class='ocrx_word' id='word_1_16' title='bbox 1310 480 1456 518; x_wconf 83' lang='lat' dir='ltr'><strong>eum.</strong></span> <span class='ocrx_word' id='word_1_17' title='bbox 1495 466 1768 520; x_wconf 70' lang='lat' dir='ltr'><strong>Dixerunt</strong></span> <span class='ocrx_word' id='word_1_18' title='bbox 1797 484 1920 538; x_wconf 90' lang='lat' dir='ltr'><strong>ergo</strong></span> <span class='ocrx_word' id='word_1_19' title='bbox 1948 471 2002 525; x_wconf 86' lang='lat' dir='ltr'><strong>ei</strong></span> <span class='ocrx_word' id='word_1_20' title='bbox 2023 472 2116 527; x_wconf 86' lang='lat' dir='ltr'><strong>Ju-</strong></span> 
     </span>
    </p>
   </div>
   <div class='ocr_carea' id='block_1_4' title="bbox 402 544 2111 629">
    <p class='ocr_par' dir='ltr' id='par_1_4' title="bbox 402 544 2111 629">
     <span class='ocr_line' id='line_1_4' title="bbox 402 544 2111 629; baseline 0.01 -30"><span class='ocrx_word' id='word_1_21' title='bbox 402 544 543 599; x_wconf 65' lang='lat' dir='ltr'><strong>daei:</strong></span> <span class='ocrx_word' id='word_1_22' title='bbox 557 544 721 600; x_wconf 79' lang='lat' dir='ltr'><strong>Nobis</strong></span> <span class='ocrx_word' id='word_1_23' title='bbox 742 563 851 602; x_wconf 86' lang='lat' dir='ltr'><strong>non</strong></span> <span class='ocrx_word' id='word_1_24' title='bbox 874 549 997 606; x_wconf 83' lang='lat' dir='ltr'><strong>licet</strong></span> <span class='ocrx_word' id='word_1_25' title='bbox 1021 552 1684 626; x_wconf 82' lang='lat' dir='ltr'><strong>inlerﬁcerequemquam.</strong></span> <span class='ocrx_word' id='word_1_26' title='bbox 1700 558 1844 621; x_wconf 90' lang='lat' dir='ltr'><strong>Quid</strong></span> <span class='ocrx_word' id='word_1_27' title='bbox 1862 564 1949 613; x_wconf 80' lang='lat' dir='ltr'><strong>est</strong></span> <span class='ocrx_word' id='word_1_28' title='bbox 1964 561 2111 629; x_wconf 87' lang='lat' dir='ltr'><strong>quod</strong></span> 
     </span>
    </p>
   </div>
   <div class='ocr_carea' id='block_1_5' title="bbox 404 630 2110 721">
    <p class='ocr_par' dir='ltr' id='par_1_5' title="bbox 404 630 2110 721">
     <span class='ocr_line' id='line_1_5' title="bbox 404 630 2110 721; baseline 0.012 -36"><span class='ocrx_word' id='word_1_29' title='bbox 404 630 666 704; x_wconf 79' lang='lat' dir='ltr'><strong>loquitur</strong></span> <span class='ocrx_word' id='word_1_30' title='bbox 714 637 923 694; x_wconf 88' lang='lat' dir='ltr'><strong>insana</strong></span> <span class='ocrx_word' id='word_1_31' title='bbox 961 641 1323 698; x_wconf 77' lang='lat' dir='ltr'><strong>crudelitas?</strong></span> <span class='ocrx_word' id='word_1_32' title='bbox 1361 647 1445 698; x_wconf 85' lang='lat' dir='ltr'><strong>An</strong></span> <span class='ocrx_word' id='word_1_33' title='bbox 1497 663 1609 700; x_wconf 91' lang='lat' dir='ltr'><strong>non</strong></span> <span class='ocrx_word' id='word_1_34' title='bbox 1662 647 2110 721; x_wconf 88' lang='lat' dir='ltr'><strong>interﬁciebant,</strong></span> 
     </span>
    </p>
   </div>
   <div class='ocr_carea' id='block_1_6' title="bbox 404 726 2185 795">
    <p class='ocr_par' dir='ltr' id='par_1_6' title="bbox 404 726 2185 795">
     <span class='ocr_line' id='line_1_6' title="bbox 404 726 2185 795; baseline 0.012 -20"><span class='ocrx_word' id='word_1_35' title='bbox 404 737 577 792; x_wconf 87' lang='lat' dir='ltr'><strong>quem</strong></span> <span class='ocrx_word' id='word_1_36' title='bbox 630 726 1099 787; x_wconf 86' lang='lat' dir='ltr'><strong>interﬁciendum</strong></span> <span class='ocrx_word' id='word_1_37' title='bbox 1134 732 1492 789; x_wconf 75' lang='lat' dir='ltr'><strong>offerebant?</strong></span> <span class='ocrx_word' id='word_1_38' title='bbox 1520 738 1603 789; x_wconf 87' lang='lat' dir='ltr'><strong>An</strong></span> <span class='ocrx_word' id='word_1_39' title='bbox 1649 736 1793 792; x_wconf 85' lang='lat' dir='ltr'><strong>forte</strong></span> <span class='ocrx_word' id='word_1_40' title='bbox 1825 755 1965 794; x_wconf 87' lang='lat' dir='ltr'><strong>crux</strong></span> <span class='ocrx_word' id='word_1_41' title='bbox 1997 757 2108 795; x_wconf 90' lang='lat' dir='ltr'><strong>non</strong></span> <span class='ocrx_word' id='word_1_42' title='bbox 2179 743 2185 751; x_wconf 83' lang='grc'><em>’</em></span> 
     </span>
    </p>
   </div>
   <div class='ocr_carea' id='block_1_7' title="bbox 406 810 2111 896">
    <p class='ocr_par' dir='ltr' id='par_1_7' title="bbox 406 810 2111 896">
     <span class='ocr_line' id='line_1_7' title="bbox 406 810 2111 896; baseline 0.013 -32"><span class='ocrx_word' id='word_1_43' title='bbox 406 810 719 870; x_wconf 85' lang='lat' dir='ltr'><strong>interﬁcit?</strong></span> <span class='ocrx_word' id='word_1_44' title='bbox 750 817 845 874; x_wconf 87' lang='lat' dir='ltr'><strong>Sic</strong></span> <span class='ocrx_word' id='word_1_45' title='bbox 867 820 1178 891; x_wconf 85' lang='lat' dir='ltr'><strong>desipiunt,</strong></span> <span class='ocrx_word' id='word_1_46' title='bbox 1202 823 1303 894; x_wconf 89' lang='lat' dir='ltr'><strong>qui</strong></span> <span class='ocrx_word' id='word_1_47' title='bbox 1338 841 1450 879; x_wconf 90' lang='lat' dir='ltr'><strong>non</strong></span> <span class='ocrx_word' id='word_1_48' title='bbox 1485 830 1801 896; x_wconf 81' lang='lat' dir='ltr'><strong>sectantur,</strong></span> <span class='ocrx_word' id='word_1_49' title='bbox 1824 829 1922 884; x_wconf 89' lang='lat' dir='ltr'><strong>sed</strong></span> <span class='ocrx_word' id='word_1_50' title='bbox 1954 830 2111 886; x_wconf 88' lang='lat' dir='ltr'><strong>inse-</strong></span> 
     </span>
    </p>
   </div>
   <div class='ocr_carea' id='block_1_8' title="bbox 402 904 2111 982">
    <p class='ocr_par' dir='ltr' id='par_1_8' title="bbox 402 904 2111 982">
     <span class='ocr_line' id='line_1_8' title="bbox 402 904 2111 982; baseline 0.012 -28"><span class='ocrx_word' id='word_1_51' title='bbox 402 904 638 958; x_wconf 90' lang='lat' dir='ltr'><strong>ctantur</strong></span> <span class='ocrx_word' id='word_1_52' title='bbox 667 906 1035 978; x_wconf 80' lang='lat' dir='ltr'><strong>sapientiam.</strong></span> <span class='ocrx_word' id='word_1_53' title='bbox 1070 911 1213 975; x_wconf 85' lang='lat' dir='ltr'><strong>Quid</strong></span> <span class='ocrx_word' id='word_1_54' title='bbox 1248 918 1336 968; x_wconf 89' lang='lat' dir='ltr'><strong>est</strong></span> <span class='ocrx_word' id='word_1_55' title='bbox 1365 918 1581 982; x_wconf 86' lang='lat' dir='ltr'><strong>autem,</strong></span> <span class='ocrx_word' id='word_1_56' title='bbox 1615 917 1780 972; x_wconf 80' lang='lat' dir='ltr'><strong>Nobis</strong></span> <span class='ocrx_word' id='word_1_57' title='bbox 1826 934 1931 972; x_wconf 83' lang='lat' dir='ltr'><strong>non</strong></span> <span class='ocrx_word' id='word_1_58' title='bbox 1982 917 2111 975; x_wconf 87' lang='lat' dir='ltr'><strong>licet</strong></span> 
     </span>
    </p>
   </div>
   <div class='ocr_carea' id='block_1_9' title="bbox 404 990 2107 1070">
    <p class='ocr_par' dir='ltr' id='par_1_9' title="bbox 404 990 2107 1070">
     <span class='ocr_line' id='line_1_9' title="bbox 404 990 2107 1070; baseline 0.012 -28"><span class='ocrx_word' id='word_1_59' title='bbox 404 990 714 1061; x_wconf 82' lang='lat' dir='ltr'><strong>interﬁcere</strong></span> <span class='ocrx_word' id='word_1_60' title='bbox 741 1003 1111 1070; x_wconf 84' lang='lat' dir='ltr'><strong>quemquam?</strong></span> <span class='ocrx_word' id='word_1_61' title='bbox 1151 1001 1208 1056; x_wconf 92' lang='lat' dir='ltr'><strong>Si</strong></span> <span class='ocrx_word' id='word_1_62' title='bbox 1255 1002 1592 1059; x_wconf 86' lang='lat' dir='ltr'><strong>malefactor</strong></span> <span class='ocrx_word' id='word_1_63' title='bbox 1623 1008 1727 1066; x_wconf 89' lang='lat' dir='ltr'><strong>est,</strong></span> <span class='ocrx_word' id='word_1_64' title='bbox 1761 1022 1865 1060; x_wconf 89' lang='lat' dir='ltr'><strong>cur</strong></span> <span class='ocrx_word' id='word_1_65' title='bbox 1894 1022 2007 1061; x_wconf 92' lang='lat' dir='ltr'><strong>non</strong></span> <span class='ocrx_word' id='word_1_66' title='bbox 2040 1006 2107 1062; x_wconf 90' lang='lat' dir='ltr'><strong>li-</strong></span> 
     </span>
    </p>
   </div>
   <div class='ocr_carea' id='block_1_10' title="bbox 402 1079 2108 1168">
    <p class='ocr_par' dir='ltr' id='par_1_10' title="bbox 402 1079 2108 1168">
     <span class='ocr_line' id='line_1_10' title="bbox 402 1079 2108 1168; baseline 0.012 -35"><span class='ocrx_word' id='word_1_67' title='bbox 402 1079 533 1136; x_wconf 88' lang='lat' dir='ltr'><strong>cet?</strong></span> <span class='ocrx_word' id='word_1_68' title='bbox 552 1081 754 1140; x_wconf 89' lang='lat' dir='ltr'><strong>Nonne</strong></span> <span class='ocrx_word' id='word_1_69' title='bbox 776 1085 885 1142; x_wconf 84' lang='lat' dir='ltr'><strong>Lex</strong></span> <span class='ocrx_word' id='word_1_70' title='bbox 913 1089 997 1144; x_wconf 88' lang='lat' dir='ltr'><strong>eis</strong></span> <span class='ocrx_word' id='word_1_71' title='bbox 1024 1092 1315 1163; x_wconf 68' lang='lat' dir='ltr'><strong>praecepit,</strong></span> <span class='ocrx_word' id='word_1_72' title='bbox 1350 1108 1419 1149; x_wconf 89' lang='lat' dir='ltr'><strong>ne</strong></span> <span class='ocrx_word' id='word_1_73' title='bbox 1452 1094 1940 1163; x_wconf 86' lang='lat' dir='ltr'><strong>malefactoribus,</strong></span> <span class='ocrx_word' id='word_1_74' title='bbox 1968 1112 2108 1168; x_wconf 70' lang='lat' dir='ltr'><strong>prae-</strong></span> 
     </span>
    </p>
   </div>
   <div class='ocr_carea' id='block_1_11' title="bbox 398 1170 2105 1255">
    <p class='ocr_par' dir='ltr' id='par_1_11' title="bbox 398 1170 2105 1255">
     <span class='ocr_line' id='line_1_11' title="bbox 398 1170 2105 1255; baseline 0.011 -32"><span class='ocrx_word' id='word_1_75' title='bbox 398 1170 598 1226; x_wconf 86' lang='lat' dir='ltr'><strong>sertim</strong></span> <span class='ocrx_word' id='word_1_76' title='bbox 624 1172 875 1244; x_wconf 85' lang='lat' dir='ltr'><strong>(qualem</strong></span> <span class='ocrx_word' id='word_1_77' title='bbox 907 1177 1079 1235; x_wconf 89' lang='lat' dir='ltr'><strong>istum</strong></span> <span class='ocrx_word' id='word_1_78' title='bbox 1113 1182 1416 1255; x_wconf 83' lang='lat' dir='ltr'><strong>putabant)</strong></span> <span class='ocrx_word' id='word_1_79' title='bbox 1439 1199 1473 1237; x_wconf 91' lang='lat' dir='ltr'><strong>a</strong></span> <span class='ocrx_word' id='word_1_80' title='bbox 1503 1200 1609 1239; x_wconf 90' lang='lat' dir='ltr'><strong>suo</strong></span> <span class='ocrx_word' id='word_1_81' title='bbox 1646 1186 1755 1241; x_wconf 91' lang='lat' dir='ltr'><strong>Deo</strong></span> <span class='ocrx_word' id='word_1_82' title='bbox 1786 1186 2105 1241; x_wconf 89' lang='lat' dir='ltr'><strong>seductori-</strong></span> 
     </span>
    </p>
   </div>
   <div class='ocr_carea' id='block_1_12' title="bbox 398 1258 2102 1345">
    <p class='ocr_par' dir='ltr' id='par_1_12' title="bbox 398 1258 2102 1345">
     <span class='ocr_line' id='line_1_12' title="bbox 398 1258 2102 1345; baseline 0.011 -32"><span class='ocrx_word' id='word_1_83' title='bbox 398 1258 510 1315; x_wconf 88' lang='lat' dir='ltr'><strong>bus</strong></span> <span class='ocrx_word' id='word_1_84' title='bbox 542 1272 776 1331; x_wconf 88' lang='lat' dir='ltr'><strong>parcant</strong></span> <span class='ocrx_word' id='word_1_85' title='bbox 807 1267 984 1337; x_wconf 85' lang='lat' dir='ltr'><strong>(Deut.</strong></span> <span class='ocrx_word' id='word_1_86' title='bbox 1005 1287 1124 1337; x_wconf 82' lang='lat' dir='ltr'><strong>xm,</strong></span> <span class='ocrx_word' id='word_1_87' title='bbox 1152 1271 1250 1339; x_wconf 85' lang='lat'><strong>5)?</strong></span> <span class='ocrx_word' id='word_1_88' title='bbox 1272 1272 1381 1327; x_wconf 90' lang='lat' dir='ltr'><strong>Sed</strong></span> <span class='ocrx_word' id='word_1_89' title='bbox 1414 1274 1856 1345; x_wconf 78' lang='lat' dir='ltr'><strong>intelligendum</strong></span> <span class='ocrx_word' id='word_1_90' title='bbox 1889 1284 1975 1331; x_wconf 91' lang='lat' dir='ltr'><strong>est</strong></span> <span class='ocrx_word' id='word_1_91' title='bbox 2003 1293 2102 1331; x_wconf 91' lang='lat' dir='ltr'><strong>eos</strong></span> 
     </span>
    </p>
   </div>
   <div class='ocr_carea' id='block_1_13' title="bbox 394 1349 2102 1438">
    <p class='ocr_par' dir='ltr' id='par_1_13' title="bbox 394 1349 2102 1438">
     <span class='ocr_line' id='line_1_13' title="bbox 394 1349 2102 1438; baseline 0.011 -35"><span class='ocrx_word' id='word_1_92' title='bbox 394 1349 614 1407; x_wconf 79' lang='lat' dir='ltr'><strong>dixisse</strong></span> <span class='ocrx_word' id='word_1_93' title='bbox 636 1370 750 1410; x_wconf 89' lang='lat' dir='ltr'><strong>non</strong></span> <span class='ocrx_word' id='word_1_94' title='bbox 785 1356 896 1413; x_wconf 92' lang='lat' dir='ltr'><strong>sibi</strong></span> <span class='ocrx_word' id='word_1_95' title='bbox 920 1358 1094 1415; x_wconf 91' lang='lat' dir='ltr'><strong>licere</strong></span> <span class='ocrx_word' id='word_1_96' title='bbox 1125 1360 1449 1419; x_wconf 91' lang='lat' dir='ltr'><strong>interﬁcere</strong></span> <span class='ocrx_word' id='word_1_97' title='bbox 1472 1381 1843 1437; x_wconf 86' lang='lat' dir='ltr'><strong>quemquam,</strong></span> <span class='ocrx_word' id='word_1_98' title='bbox 1869 1371 2102 1438; x_wconf 82' lang='lat' dir='ltr'><strong>propter</strong></span> 
     </span>
    </p>
   </div>
   <div class='ocr_carea' id='block_1_14' title="bbox 391 1439 2095 1527">
    <p class='ocr_par' dir='ltr' id='par_1_14' title="bbox 391 1439 2095 1527">
     <span class='ocr_line' id='line_1_14' title="bbox 391 1439 2095 1527; baseline 0.011 -34"><span class='ocrx_word' id='word_1_99' title='bbox 391 1439 509 1496; x_wconf 89' lang='lat' dir='ltr'><strong>diei</strong></span> <span class='ocrx_word' id='word_1_100' title='bbox 543 1442 669 1499; x_wconf 88' lang='lat' dir='ltr'><strong>festi</strong></span> <span class='ocrx_word' id='word_1_101' title='bbox 704 1449 1091 1520; x_wconf 89' lang='lat' dir='ltr'><strong>sanctitatem,</strong></span> <span class='ocrx_word' id='word_1_102' title='bbox 1116 1470 1289 1524; x_wconf 86' lang='lat' dir='ltr'><strong>quem</strong></span> <span class='ocrx_word' id='word_1_103' title='bbox 1318 1454 1604 1512; x_wconf 88' lang='lat' dir='ltr'><strong>celebrare</strong></span> <span class='ocrx_word' id='word_1_104' title='bbox 1627 1457 1747 1526; x_wconf 82' lang='lat' dir='ltr'><strong>jam</strong></span> <span class='ocrx_word' id='word_1_105' title='bbox 1777 1461 2095 1527; x_wconf 71' lang='lat' dir='ltr'><strong>coeperant;</strong></span> 
     </span>
    </p>
   </div>
   <div class='ocr_carea' id='block_1_15' title="bbox 392 1538 2097 1617">
    <p class='ocr_par' dir='ltr' id='par_1_15' title="bbox 392 1538 2097 1617">
     <span class='ocr_line' id='line_1_15' title="bbox 392 1538 2097 1617; baseline 0.006 -27"><span class='ocrx_word' id='word_1_106' title='bbox 392 1538 632 1604; x_wconf 84' lang='lat' dir='ltr'><strong>propter</strong></span> <span class='ocrx_word' id='word_1_107' title='bbox 654 1552 827 1607; x_wconf 87' lang='lat' dir='ltr'><strong>quem</strong></span> <span class='ocrx_word' id='word_1_108' title='bbox 851 1540 921 1595; x_wconf 91' lang='lat' dir='ltr'><strong>de</strong></span> <span class='ocrx_word' id='word_1_109' title='bbox 940 1539 1210 1613; x_wconf 87' lang='lat' dir='ltr'><strong>ingressu</strong></span> <span class='ocrx_word' id='word_1_110' title='bbox 1235 1545 1408 1600; x_wconf 87' lang='lat' dir='ltr'><strong>etiam</strong></span> <span class='ocrx_word' id='word_1_111' title='bbox 1436 1548 1683 1617; x_wconf 82' lang='lat' dir='ltr'><strong>praetorii</strong></span> <span class='ocrx_word' id='word_1_112' title='bbox 1713 1546 2097 1603; x_wconf 88' lang='lat' dir='ltr'><strong>contaminari</strong></span> 
     </span>
    </p>
   </div>
   <div class='ocr_carea' id='block_1_16' title="bbox 393 1623 2098 1699">
    <p class='ocr_par' dir='ltr' id='par_1_16' title="bbox 393 1623 2098 1699">
     <span class='ocr_line' id='line_1_16' title="bbox 393 1623 2098 1699; baseline 0.011 -25"><span class='ocrx_word' id='word_1_113' title='bbox 393 1623 750 1681; x_wconf 89' lang='lat' dir='ltr'><strong>metuebant.</strong></span> <span class='ocrx_word' id='word_1_114' title='bbox 786 1625 943 1684; x_wconf 88' lang='lat' dir='ltr'><strong>Itane</strong></span> <span class='ocrx_word' id='word_1_115' title='bbox 993 1631 1375 1699; x_wconf 85' lang='lat' dir='ltr'><strong>obduruistis,</strong></span> <span class='ocrx_word' id='word_1_116' title='bbox 1418 1633 1547 1689; x_wconf 85' lang='lat' dir='ltr'><strong>falsi</strong></span> <span class='ocrx_word' id='word_1_117' title='bbox 1602 1635 1915 1691; x_wconf 66' lang='lat' dir='ltr'><strong>Israelitaa?</strong></span> <span class='ocrx_word' id='word_1_118' title='bbox 1946 1638 2098 1693; x_wconf 86' lang='lat' dir='ltr'><strong>itane</strong></span> 
     </span>
    </p>
   </div>
   <div class='ocr_carea' id='block_1_17' title="bbox 392 1720 2093 1797">
    <p class='ocr_par' dir='ltr' id='par_1_17' title="bbox 392 1720 2093 1797">
     <span class='ocr_line' id='line_1_17' title="bbox 392 1720 2093 1797; baseline 0.01 -32"><span class='ocrx_word' id='word_1_119' title='bbox 392 1725 628 1770; x_wconf 90' lang='lat' dir='ltr'><strong>omnem</strong></span> <span class='ocrx_word' id='word_1_120' title='bbox 652 1732 891 1774; x_wconf 90' lang='lat' dir='ltr'><strong>sensum</strong></span> <span class='ocrx_word' id='word_1_121' title='bbox 916 1720 1099 1777; x_wconf 88' lang='lat' dir='ltr'><strong>nimia</strong></span> <span class='ocrx_word' id='word_1_122' title='bbox 1126 1724 1350 1781; x_wconf 86' lang='lat' dir='ltr'><strong>malitia</strong></span> <span class='ocrx_word' id='word_1_123' title='bbox 1381 1725 1731 1797; x_wconf 82' lang='lat' dir='ltr'><strong>perdidistis,</strong></span> <span class='ocrx_word' id='word_1_124' title='bbox 1759 1730 1823 1781; x_wconf 93' lang='lat' dir='ltr'><strong>ut</strong></span> <span class='ocrx_word' id='word_1_125' title='bbox 1843 1726 1972 1781; x_wconf 90' lang='lat' dir='ltr'><strong>ideo</strong></span> <span class='ocrx_word' id='word_1_126' title='bbox 1995 1742 2093 1782; x_wconf 89' lang='lat' dir='ltr'><strong>vos</strong></span> 
     </span>
    </p>
   </div>
   <div class='ocr_carea' id='block_1_18' title="bbox 389 1804 2096 1886">
    <p class='ocr_par' dir='ltr' id='par_1_18' title="bbox 389 1804 2096 1886">
     <span class='ocr_line' id='line_1_18' title="bbox 389 1804 2096 1886; baseline 0.009 -30"><span class='ocrx_word' id='word_1_127' title='bbox 389 1815 425 1856; x_wconf 80' lang='grc' dir='ltr'>ει</span> <span class='ocrx_word' id='word_1_128' title='bbox 453 1804 736 1873; x_wconf 82' lang='lat' dir='ltr'><strong>sanguine</strong></span> <span class='ocrx_word' id='word_1_129' title='bbox 766 1807 1094 1866; x_wconf 90' lang='lat' dir='ltr'><strong>innocentis</strong></span> <span class='ocrx_word' id='word_1_130' title='bbox 1127 1811 1467 1884; x_wconf 89' lang='lat' dir='ltr'><strong>impollutos</strong></span> <span class='ocrx_word' id='word_1_131' title='bbox 1500 1832 1628 1871; x_wconf 90' lang='lat' dir='ltr'><strong>esse</strong></span> <span class='ocrx_word' id='word_1_132' title='bbox 1660 1816 1926 1881; x_wconf 85' lang='lat' dir='ltr'><strong>credatis,</strong></span> <span class='ocrx_word' id='word_1_133' title='bbox 1961 1817 2096 1886; x_wconf 85' lang='lat' dir='ltr'><strong>quia</strong></span> 
     </span>
    </p>
   </div>
   <div class='ocr_carea' id='block_1_19' title="bbox 388 1894 2092 1976">
    <p class='ocr_par' dir='ltr' id='par_1_19' title="bbox 388 1894 2092 1976">
     <span class='ocr_line' id='line_1_19' title="bbox 388 1894 2092 1976; baseline 0.01 -32"><span class='ocrx_word' id='word_1_134' title='bbox 388 1905 522 1946; x_wconf 91' lang='lat' dir='ltr'><strong>eum</strong></span> <span class='ocrx_word' id='word_1_135' title='bbox 550 1894 909 1953; x_wconf 81' lang='lat' dir='ltr'><strong>fundendum</strong></span> <span class='ocrx_word' id='word_1_136' title='bbox 928 1898 1094 1955; x_wconf 87' lang='lat' dir='ltr'><strong>alteri</strong></span> <span class='ocrx_word' id='word_1_137' title='bbox 1109 1903 1469 1959; x_wconf 88' lang='lat' dir='ltr'><strong>tradidistis?</strong></span> <span class='ocrx_word' id='word_1_138' title='bbox 1489 1903 1783 1976; x_wconf 89' lang='lat' dir='ltr'><strong>Numquid</strong></span> <span class='ocrx_word' id='word_1_139' title='bbox 1800 1903 2092 1961; x_wconf 88' lang='lat' dir='ltr'><strong>etPilatus</strong></span> 
     </span>
    </p>
   </div>
   <div class='ocr_carea' id='block_1_20' title="bbox 384 1979 2092 2066">
    <p class='ocr_par' dir='ltr' id='par_1_20' title="bbox 384 1979 2092 2066">
     <span class='ocr_line' id='line_1_20' title="bbox 384 1979 2092 2066; baseline 0.011 -33"><span class='ocrx_word' id='word_1_140' title='bbox 384 1979 581 2049; x_wconf 89' lang='lat' dir='ltr'><strong>illum,</strong></span> <span class='ocrx_word' id='word_1_141' title='bbox 605 1987 701 2056; x_wconf 90' lang='lat' dir='ltr'><strong>qui</strong></span> <span class='ocrx_word' id='word_1_142' title='bbox 734 1990 1001 2058; x_wconf 84' lang='lat' dir='ltr'><strong>potestati</strong></span> <span class='ocrx_word' id='word_1_143' title='bbox 1023 1991 1150 2061; x_wconf 89' lang='lat' dir='ltr'><strong>ejus</strong></span> <span class='ocrx_word' id='word_1_144' title='bbox 1172 2010 1204 2047; x_wconf 90' lang='lat' dir='ltr'><strong>a</strong></span> <span class='ocrx_word' id='word_1_145' title='bbox 1225 1993 1391 2050; x_wconf 89' lang='lat' dir='ltr'><strong>vobis</strong></span> <span class='ocrx_word' id='word_1_146' title='bbox 1416 1994 1694 2066; x_wconf 84' lang='lat' dir='ltr'><strong>ingeritur</strong></span> <span class='ocrx_word' id='word_1_147' title='bbox 1717 1998 2092 2065; x_wconf 83' lang='lat' dir='ltr'><strong>occidendus,</strong></span> 
     </span>
    </p>
   </div>
   <div class='ocr_carea' id='block_1_21' title="bbox 380 2071 2088 2143">
    <p class='ocr_par' dir='ltr' id='par_1_21' title="bbox 380 2071 2088 2143">
     <span class='ocr_line' id='line_1_21' title="bbox 380 2071 2088 2143; baseline 0.011 -19"><span class='ocrx_word' id='word_1_148' title='bbox 380 2071 510 2127; x_wconf 88' lang='lat' dir='ltr'><strong>suis</strong></span> <span class='ocrx_word' id='word_1_149' title='bbox 532 2078 616 2129; x_wconf 91' lang='lat' dir='ltr'><strong>est</strong></span> <span class='ocrx_word' id='word_1_150' title='bbox 638 2078 909 2133; x_wconf 90' lang='lat' dir='ltr'><strong>manibus</strong></span> <span class='ocrx_word' id='word_1_151' title='bbox 941 2080 1280 2137; x_wconf 84' lang='lat' dir='ltr'><strong>occisurus?</strong></span> <span class='ocrx_word' id='word_1_152' title='bbox 1300 2083 1359 2139; x_wconf 92' lang='lat' dir='ltr'><strong>Si</strong></span> <span class='ocrx_word' id='word_1_153' title='bbox 1391 2100 1505 2140; x_wconf 86' lang='lat' dir='ltr'><strong>non</strong></span> <span class='ocrx_word' id='word_1_154' title='bbox 1538 2101 1669 2140; x_wconf 88' lang='lat' dir='ltr'><strong>eum</strong></span> <span class='ocrx_word' id='word_1_155' title='bbox 1694 2086 1962 2143; x_wconf 87' lang='lat' dir='ltr'><strong>voluistis</strong></span> <span class='ocrx_word' id='word_1_156' title='bbox 1995 2104 2088 2142; x_wconf 88' lang='lat' dir='ltr'><strong>oc-</strong></span> 
     </span>
    </p>
   </div>
   <div class='ocr_carea' id='block_1_22' title="bbox 377 2161 2084 2243">
    <p class='ocr_par' dir='ltr' id='par_1_22' title="bbox 377 2161 2084 2243">
     <span class='ocr_line' id='line_1_22' title="bbox 377 2161 2084 2243; baseline 0.011 -29"><span class='ocrx_word' id='word_1_157' title='bbox 377 2161 518 2231; x_wconf 89' lang='lat' dir='ltr'><strong>cidi,</strong></span> <span class='ocrx_word' id='word_1_158' title='bbox 549 2163 599 2219; x_wconf 85' lang='lat' dir='ltr'><strong>si</strong></span> <span class='ocrx_word' id='word_1_159' title='bbox 649 2182 760 2222; x_wconf 91' lang='lat' dir='ltr'><strong>non</strong></span> <span class='ocrx_word' id='word_1_160' title='bbox 812 2168 1069 2227; x_wconf 86' lang='lat' dir='ltr'><strong>insidiati</strong></span> <span class='ocrx_word' id='word_1_161' title='bbox 1115 2175 1276 2243; x_wconf 90' lang='lat' dir='ltr'><strong>estis,</strong></span> <span class='ocrx_word' id='word_1_162' title='bbox 1310 2174 1358 2230; x_wconf 92' lang='lat' dir='ltr'><strong>si</strong></span> <span class='ocrx_word' id='word_1_163' title='bbox 1403 2192 1515 2229; x_wconf 91' lang='lat' dir='ltr'><strong>non</strong></span> <span class='ocrx_word' id='word_1_164' title='bbox 1552 2176 1708 2231; x_wconf 83' lang='lat' dir='ltr'><strong>vobis</strong></span> <span class='ocrx_word' id='word_1_165' title='bbox 1743 2178 2084 2233; x_wconf 85' lang='lat' dir='ltr'><strong>tradendum</strong></span> 
     </span>
    </p>
   </div>
   <div class='ocr_carea' id='block_1_23' title="bbox 375 2255 2087 2338">
    <p class='ocr_par' dir='ltr' id='par_1_23' title="bbox 375 2255 2087 2338">
     <span class='ocr_line' id='line_1_23' title="bbox 375 2255 2087 2338; baseline 0.011 -32"><span class='ocrx_word' id='word_1_166' title='bbox 375 2255 623 2321; x_wconf 84' lang='lat' dir='ltr'><strong>pecunia</strong></span> <span class='ocrx_word' id='word_1_167' title='bbox 652 2262 1061 2330; x_wconf 84' lang='lat' dir='ltr'><strong>comparastis,</strong></span> <span class='ocrx_word' id='word_1_168' title='bbox 1094 2264 1141 2318; x_wconf 89' lang='lat' dir='ltr'><strong>si</strong></span> <span class='ocrx_word' id='word_1_169' title='bbox 1176 2281 1290 2320; x_wconf 89' lang='lat' dir='ltr'><strong>non</strong></span> <span class='ocrx_word' id='word_1_170' title='bbox 1324 2266 1872 2338; x_wconf 87' lang='lat' dir='ltr'><strong>comprehendistis,</strong></span> <span class='ocrx_word' id='word_1_171' title='bbox 1903 2268 2087 2324; x_wconf 83' lang='lat' dir='ltr'><strong>vinxi-</strong></span> 
     </span>
    </p>
   </div>
   <div class='ocr_carea' id='block_1_24' title="bbox 373 2343 2082 2426">
    <p class='ocr_par' dir='ltr' id='par_1_24' title="bbox 373 2343 2082 2426">
     <span class='ocr_line' id='line_1_24' title="bbox 373 2343 2082 2426; baseline 0.013 -30"><span class='ocrx_word' id='word_1_172' title='bbox 373 2343 909 2419; x_wconf 86' lang='lat' dir='ltr'><strong>stis,adduxistis,si</strong></span> <span class='ocrx_word' id='word_1_173' title='bbox 935 2368 1049 2408; x_wconf 92' lang='lat' dir='ltr'><strong>non</strong></span> <span class='ocrx_word' id='word_1_174' title='bbox 1072 2355 1450 2411; x_wconf 89' lang='lat' dir='ltr'><strong>occidendum</strong></span> <span class='ocrx_word' id='word_1_175' title='bbox 1469 2358 1744 2414; x_wconf 88' lang='lat' dir='ltr'><strong>manibus</strong></span> <span class='ocrx_word' id='word_1_176' title='bbox 1768 2358 2082 2426; x_wconf 83' lang='lat' dir='ltr'><strong>obtulislis,</strong></span> 
     </span>
    </p>
   </div>
   <div class='ocr_carea' id='block_1_25' title="bbox 372 2432 2085 2513">
    <p class='ocr_par' dir='ltr' id='par_1_25' title="bbox 372 2432 2085 2513">
     <span class='ocr_line' id='line_1_25' title="bbox 372 2432 2085 2513; baseline 0.011 -25"><span class='ocrx_word' id='word_1_177' title='bbox 372 2432 611 2490; x_wconf 86' lang='lat' dir='ltr'><strong>vocibus</strong></span> <span class='ocrx_word' id='word_1_178' title='bbox 646 2441 1016 2513; x_wconf 89' lang='lat' dir='ltr'><strong>poposcistis,</strong></span> <span class='ocrx_word' id='word_1_179' title='bbox 1036 2460 1151 2499; x_wconf 89' lang='lat' dir='ltr'><strong>non</strong></span> <span class='ocrx_word' id='word_1_180' title='bbox 1169 2461 1298 2500; x_wconf 88' lang='lat' dir='ltr'><strong>eum</strong></span> <span class='ocrx_word' id='word_1_181' title='bbox 1320 2463 1352 2501; x_wconf 92' lang='lat' dir='ltr'><strong>a</strong></span> <span class='ocrx_word' id='word_1_182' title='bbox 1374 2448 1535 2503; x_wconf 87' lang='lat' dir='ltr'><strong>vobis</strong></span> <span class='ocrx_word' id='word_1_183' title='bbox 1573 2447 1937 2506; x_wconf 87' lang='lat' dir='ltr'><strong>interfectum</strong></span> <span class='ocrx_word' id='word_1_184' title='bbox 1962 2467 2085 2508; x_wconf 87' lang='lat' dir='ltr'><strong>esse</strong></span> 
     </span>
    </p>
   </div>
   <div class='ocr_carea' id='block_1_26' title="bbox 360 2520 2084 2609">
    <p class='ocr_par' dir='ltr' id='par_1_26' title="bbox 360 2520 2084 2609">
     <span class='ocr_line' id='line_1_26' title="bbox 360 2520 2084 2609; baseline 0.011 -33"><span class='ocrx_word' id='word_1_185' title='bbox 360 2520 605 2590; x_wconf 86' lang='lat' dir='ltr'><strong>jactate.</strong></span> <span class='ocrx_word' id='word_1_186' title='bbox 628 2525 686 2581; x_wconf 92' lang='lat' dir='ltr'><strong>Si</strong></span> <span class='ocrx_word' id='word_1_187' title='bbox 709 2533 905 2584; x_wconf 88' lang='lat' dir='ltr'><strong>autem</strong></span> <span class='ocrx_word' id='word_1_188' title='bbox 928 2529 1045 2586; x_wconf 89' lang='lat' dir='ltr'><strong>illis</strong></span> <span class='ocrx_word' id='word_1_189' title='bbox 1077 2534 1351 2590; x_wconf 92' lang='lat' dir='ltr'><strong>omnibus</strong></span> <span class='ocrx_word' id='word_1_190' title='bbox 1387 2538 1593 2592; x_wconf 88' lang='lat' dir='ltr'><strong>vestris</strong></span> <span class='ocrx_word' id='word_1_191' title='bbox 1627 2538 2084 2609; x_wconf 65' lang='lat' dir='ltr'><strong>praecedentibus</strong></span> 
     </span>
    </p>
   </div>
   <div class='ocr_carea' id='block_1_27' title="bbox 369 2609 2082 2700">
    <p class='ocr_par' dir='ltr' id='par_1_27' title="bbox 369 2609 2082 2700">
     <span class='ocr_line' id='line_1_27' title="bbox 369 2609 2082 2700; baseline 0.012 -35"><span class='ocrx_word' id='word_1_192' title='bbox 369 2609 567 2685; x_wconf 84' lang='lat' dir='ltr'><strong>factis,</strong></span> <span class='ocrx_word' id='word_1_193' title='bbox 584 2616 756 2672; x_wconf 88' lang='lat' dir='ltr'><strong>etiam</strong></span> <span class='ocrx_word' id='word_1_194' title='bbox 798 2618 1081 2693; x_wconf 75' lang='lat' dir='ltr'><strong>Cruci/iga.</strong></span> <span class='ocrx_word' id='word_1_195' title='bbox 1112 2625 1387 2696; x_wconf 84' lang='lat' dir='ltr'><strong>cruciﬁge,</strong></span> <span class='ocrx_word' id='word_1_196' title='bbox 1423 2625 1721 2683; x_wconf 87' lang='lat' dir='ltr'><strong>elamastis</strong></span> <span class='ocrx_word' id='word_1_197' title='bbox 1750 2628 1931 2700; x_wconf 86' lang='lat' dir='ltr'><strong>(Joan.</strong></span> <span class='ocrx_word' id='word_1_198' title='bbox 1966 2645 2082 2695; x_wconf 78' lang='lat' dir='ltr'><strong>nx,</strong></span> 
     </span>
    </p>
   </div>
   <div class='ocr_carea' id='block_1_28' title="bbox 370 2701 2076 2790">
    <p class='ocr_par' dir='ltr' id='par_1_28' title="bbox 370 2701 2076 2790">
     <span class='ocr_line' id='line_1_28' title="bbox 370 2701 2076 2790; baseline 0.009 -31"><span class='ocrx_word' id='word_1_199' title='bbox 370 2701 468 2771; x_wconf 86' lang='lat'><strong>6);</strong></span> <span class='ocrx_word' id='word_1_200' title='bbox 503 2707 700 2763; x_wconf 89' lang='lat' dir='ltr'><strong>audite</strong></span> <span class='ocrx_word' id='word_1_201' title='bbox 730 2711 880 2779; x_wconf 91' lang='lat' dir='ltr'><strong>quod</strong></span> <span class='ocrx_word' id='word_1_202' title='bbox 921 2718 1124 2771; x_wconf 89' lang='lat' dir='ltr'><strong>contra</strong></span> <span class='ocrx_word' id='word_1_203' title='bbox 1164 2731 1265 2771; x_wconf 90' lang='lat' dir='ltr'><strong>vos</strong></span> <span class='ocrx_word' id='word_1_204' title='bbox 1309 2716 1480 2772; x_wconf 91' lang='lat' dir='ltr'><strong>etiam</strong></span> <span class='ocrx_word' id='word_1_205' title='bbox 1512 2719 1795 2790; x_wconf 65' lang='lat' dir='ltr'><strong>propheta</strong></span> <span class='ocrx_word' id='word_1_206' title='bbox 1824 2719 2030 2776; x_wconf 89' lang='lat' dir='ltr'><strong>clamat</strong></span> <span class='ocrx_word' id='word_1_207' title='bbox 2061 2734 2076 2774; x_wconf 70' lang='grc' dir='ltr'>ε</span> 
     </span>
    </p>
   </div>
   <div class='ocr_carea' id='block_1_29' title="bbox 372 2792 2081 2882">
    <p class='ocr_par' dir='ltr' id='par_1_29' title="bbox 372 2792 2081 2882">
     <span class='ocr_line' id='line_1_29' title="bbox 372 2792 2081 2882; baseline 0.009 -33"><span class='ocrx_word' id='word_1_208' title='bbox 372 2792 514 2850; x_wconf 84' lang='lat' dir='ltr'><strong>Filii</strong></span> <span class='ocrx_word' id='word_1_209' title='bbox 539 2795 844 2870; x_wconf 80' lang='lat' dir='ltr'><strong>hominum,</strong></span> <span class='ocrx_word' id='word_1_210' title='bbox 871 2800 1054 2858; x_wconf 83' lang='lat' dir='ltr'><strong>dentes</strong></span> <span class='ocrx_word' id='word_1_211' title='bbox 1083 2820 1269 2860; x_wconf 87' lang='lat' dir='ltr'><strong>eorum</strong></span> <span class='ocrx_word' id='word_1_212' title='bbox 1291 2822 1445 2861; x_wconf 87' lang='lat' dir='ltr'><strong>arma</strong></span> <span class='ocrx_word' id='word_1_213' title='bbox 1467 2813 1519 2862; x_wconf 85' lang='lat' dir='ltr'><strong>et</strong></span> <span class='ocrx_word' id='word_1_214' title='bbox 1549 2812 1779 2879; x_wconf 71' lang='lat' dir='ltr'><strong>sagittae,</strong></span> <span class='ocrx_word' id='word_1_215' title='bbox 1804 2819 1851 2866; x_wconf 85' lang='lat' dir='ltr'><strong>et</strong></span> <span class='ocrx_word' id='word_1_216' title='bbox 1881 2812 2081 2882; x_wconf 87' lang='lat' dir='ltr'><strong>lingua</strong></span> 
     </span>
    </p>
   </div>
   <div class='ocr_carea' id='block_1_30' title="bbox 373 2890 2074 2972">
    <p class='ocr_par' dir='ltr' id='par_1_30' title="bbox 373 2890 2074 2972">
     <span class='ocr_line' id='line_1_30' title="bbox 373 2890 2074 2972; baseline 0.012 -33"><span class='ocrx_word' id='word_1_217' title='bbox 373 2900 566 2942; x_wconf 82' lang='lat' dir='ltr'><strong>eorum</strong></span> <span class='ocrx_word' id='word_1_218' title='bbox 596 2890 867 2946; x_wconf 58' lang='lat' dir='ltr'><strong>machara</strong></span> <span class='ocrx_word' id='word_1_219' title='bbox 898 2899 1054 2949; x_wconf 86' lang='lat' dir='ltr'><strong>acuta</strong></span> <span class='ocrx_word' id='word_1_220' title='bbox 1086 2896 1258 2966; x_wconf 87' lang='lat' dir='ltr'><strong>(Psal.</strong></span> <span class='ocrx_word' id='word_1_221' title='bbox 1310 2914 1413 2966; x_wconf 74' lang='lat' dir='ltr'><strong>va,</strong></span> <span class='ocrx_word' id='word_1_222' title='bbox 1449 2899 1527 2970; x_wconf 89' lang='lat'><strong>5).</strong></span> <span class='ocrx_word' id='word_1_223' title='bbox 1557 2900 1697 2956; x_wconf 86' lang='lat' dir='ltr'><strong>Ecce</strong></span> <span class='ocrx_word' id='word_1_224' title='bbox 1738 2902 1950 2972; x_wconf 87' lang='lat' dir='ltr'><strong>quibus</strong></span> <span class='ocrx_word' id='word_1_225' title='bbox 1983 2923 2074 2961; x_wconf 88' lang='lat' dir='ltr'><strong>ar-</strong></span> 
     </span>
    </p>
   </div>
   <div class='ocr_carea' id='block_1_31' title="bbox 373 2977 2078 3060">
    <p class='ocr_par' dir='ltr' id='par_1_31' title="bbox 373 2977 2078 3060">
     <span class='ocr_line' id='line_1_31' title="bbox 373 2977 2078 3060; baseline 0.012 -30"><span class='ocrx_word' id='word_1_226' title='bbox 373 2977 510 3046; x_wconf 86' lang='lat' dir='ltr'><strong>mis,</strong></span> <span class='ocrx_word' id='word_1_227' title='bbox 544 2980 762 3050; x_wconf 89' lang='lat' dir='ltr'><strong>quibus</strong></span> <span class='ocrx_word' id='word_1_228' title='bbox 792 2982 1042 3053; x_wconf 85' lang='lat' dir='ltr'><strong>sagittis,</strong></span> <span class='ocrx_word' id='word_1_229' title='bbox 1077 3002 1189 3057; x_wconf 87' lang='lat' dir='ltr'><strong>qua</strong></span> <span class='ocrx_word' id='word_1_230' title='bbox 1222 2990 1510 3044; x_wconf 64' lang='lat' dir='ltr'><strong>machmra</strong></span> <span class='ocrx_word' id='word_1_231' title='bbox 1532 2990 1759 3060; x_wconf 85' lang='lat' dir='ltr'><strong>justum</strong></span> <span class='ocrx_word' id='word_1_232' title='bbox 1795 2993 2078 3051; x_wconf 82' lang='lat' dir='ltr'><strong>interfeci-</strong></span> 
     </span>
    </p>
   </div>
   <div class='ocr_carea' id='block_1_32' title="bbox 364 3067 2075 3151">
    <p class='ocr_par' dir='ltr' id='par_1_32' title="bbox 364 3067 2075 3151">
     <span class='ocr_line' id='line_1_32' title="bbox 364 3067 2075 3151; baseline 0.013 -30"><span class='ocrx_word' id='word_1_233' title='bbox 364 3067 493 3128; x_wconf 84' lang='lat' dir='ltr'><strong>stis.</strong></span> <span class='ocrx_word' id='word_1_234' title='bbox 533 3071 764 3139; x_wconf 84' lang='lat' dir='ltr'><strong>quando</strong></span> <span class='ocrx_word' id='word_1_235' title='bbox 804 3073 963 3128; x_wconf 89' lang='lat' dir='ltr'><strong>vobis</strong></span> <span class='ocrx_word' id='word_1_236' title='bbox 1002 3074 1323 3133; x_wconf 89' lang='lat' dir='ltr'><strong>interﬁcere</strong></span> <span class='ocrx_word' id='word_1_237' title='bbox 1368 3095 1723 3151; x_wconf 90' lang='lat' dir='ltr'><strong>quemquam</strong></span> <span class='ocrx_word' id='word_1_238' title='bbox 1757 3099 1870 3138; x_wconf 91' lang='lat' dir='ltr'><strong>non</strong></span> <span class='ocrx_word' id='word_1_239' title='bbox 1906 3084 2075 3143; x_wconf 75' lang='lat' dir='ltr'><strong>licere</strong></span> 
     </span>
    </p>
   </div>
   <div class='ocr_carea' id='block_1_33' title="bbox 360 3154 2068 3243">
    <p class='ocr_par' dir='ltr' id='par_1_33' title="bbox 360 3154 2068 3243">
     <span class='ocr_line' id='line_1_33' title="bbox 360 3154 2068 3243; baseline 0.012 -35"><span class='ocrx_word' id='word_1_240' title='bbox 360 3154 616 3213; x_wconf 82' lang='lat' dir='ltr'><strong>dixistis.</strong></span> <span class='ocrx_word' id='word_1_241' title='bbox 650 3158 792 3214; x_wconf 80' lang='lat' dir='ltr'><strong>Hinc</strong></span> <span class='ocrx_word' id='word_1_242' title='bbox 815 3164 902 3215; x_wconf 88' lang='lat' dir='ltr'><strong>est</strong></span> <span class='ocrx_word' id='word_1_243' title='bbox 928 3164 1080 3233; x_wconf 92' lang='lat' dir='ltr'><strong>quod</strong></span> <span class='ocrx_word' id='word_1_244' title='bbox 1106 3165 1177 3219; x_wconf 89' lang='lat' dir='ltr'><strong>ad</strong></span> <span class='ocrx_word' id='word_1_245' title='bbox 1203 3167 1817 3238; x_wconf 87' lang='lat' dir='ltr'><strong>comprehendendum</strong></span> <span class='ocrx_word' id='word_1_246' title='bbox 1846 3171 2068 3243; x_wconf 89' lang='lat' dir='ltr'><strong>Jesum,</strong></span> 
     </span>
    </p>
   </div>
   <div class='ocr_carea' id='block_1_34' title="bbox 356 3251 2133 3331">
    <p class='ocr_par' dir='ltr' id='par_1_34' title="bbox 356 3251 2133 3331">
     <span class='ocr_line' id='line_1_34' title="bbox 356 3251 2133 3331; baseline 0.011 -30"><span class='ocrx_word' id='word_1_247' title='bbox 356 3259 493 3301; x_wconf 89' lang='lat' dir='ltr'><strong>cum</strong></span> <span class='ocrx_word' id='word_1_248' title='bbox 520 3251 886 3305; x_wconf 86' lang='lat' dir='ltr'><strong>sacerdotum</strong></span> <span class='ocrx_word' id='word_1_249' title='bbox 912 3269 1026 3308; x_wconf 89' lang='lat' dir='ltr'><strong>non</strong></span> <span class='ocrx_word' id='word_1_250' title='bbox 1067 3256 1359 3312; x_wconf 84' lang='lat' dir='ltr'><strong>venissent</strong></span> <span class='ocrx_word' id='word_1_251' title='bbox 1382 3257 1697 3331; x_wconf 88' lang='lat' dir='ltr'><strong>principes,</strong></span> <span class='ocrx_word' id='word_1_252' title='bbox 1724 3261 1821 3316; x_wconf 88' lang='lat' dir='ltr'><strong>sed</strong></span> <span class='ocrx_word' id='word_1_253' title='bbox 1865 3264 2066 3320; x_wconf 90' lang='lat' dir='ltr'><strong>misis-</strong></span> <span class='ocrx_word' id='word_1_254' title='bbox 2128 3266 2133 3273; x_wconf 89' lang='grc'><em>’</em></span> 
     </span>
    </p>
   </div>
   <div class='ocr_carea' id='block_1_35' title="bbox 352 3336 2067 3415">
    <p class='ocr_par' dir='ltr' id='par_1_35' title="bbox 352 3336 2067 3415">
     <span class='ocr_line' id='line_1_35' title="bbox 352 3336 2067 3415; baseline 0.013 -27"><span class='ocrx_word' id='word_1_255' title='bbox 352 3339 525 3402; x_wconf 85' lang='lat' dir='ltr'><strong>sent;</strong></span> <span class='ocrx_word' id='word_1_256' title='bbox 552 3336 732 3393; x_wconf 86' lang='lat' dir='ltr'><strong>Lucas</strong></span> <span class='ocrx_word' id='word_1_257' title='bbox 766 3343 949 3397; x_wconf 87' lang='lat' dir='ltr'><strong>tamen</strong></span> <span class='ocrx_word' id='word_1_258' title='bbox 983 3344 1338 3415; x_wconf 87' lang='lat' dir='ltr'><strong>evangelista</strong></span> <span class='ocrx_word' id='word_1_259' title='bbox 1373 3348 1430 3403; x_wconf 91' lang='lat' dir='ltr'><strong>in</strong></span> <span class='ocrx_word' id='word_1_260' title='bbox 1475 3350 1676 3405; x_wconf 87' lang='lat' dir='ltr'><strong>eodem</strong></span> <span class='ocrx_word' id='word_1_261' title='bbox 1717 3355 2067 3411; x_wconf 87' lang='lat' dir='ltr'><strong>narrationis</strong></span> 
     </span>
    </p>
   </div>
   <div class='ocr_carea' id='block_1_36' title="bbox 348 3425 2064 3515">
    <p class='ocr_par' dir='ltr' id='par_1_36' title="bbox 348 3425 2064 3515">
     <span class='ocr_line' id='line_1_36' title="bbox 348 3425 2064 3515; baseline 0.015 -37"><span class='ocrx_word' id='word_1_262' title='bbox 348 3439 474 3509; x_wconf 55' lang='lat' dir='ltr'><strong>sua;</strong></span> <span class='ocrx_word' id='word_1_263' title='bbox 515 3425 643 3481; x_wconf 91' lang='lat' dir='ltr'><strong>loco</strong></span> <span class='ocrx_word' id='word_1_264' title='bbox 666 3429 782 3486; x_wconf 86' lang='lat' dir='ltr'><strong>ait:</strong></span> <span class='ocrx_word' id='word_1_265' title='bbox 824 3432 976 3488; x_wconf 72' lang='lat' dir='ltr'><strong>Dixit</strong></span> <span class='ocrx_word' id='word_1_266' title='bbox 1005 3437 1207 3502; x_wconf 84' lang='lat' dir='ltr'><strong>autem,</strong></span> <span class='ocrx_word' id='word_1_267' title='bbox 1232 3435 1445 3507; x_wconf 89' lang='lat' dir='ltr'><strong>inquit,</strong></span> <span class='ocrx_word' id='word_1_268' title='bbox 1473 3441 1621 3496; x_wconf 73' lang='lat' dir='ltr'><strong>Iesus</strong></span> <span class='ocrx_word' id='word_1_269' title='bbox 1651 3442 1720 3497; x_wconf 91' lang='lat' dir='ltr'><strong>ad</strong></span> <span class='ocrx_word' id='word_1_270' title='bbox 1750 3459 1835 3498; x_wconf 86' lang='lat' dir='ltr'><strong>eos</strong></span> <span class='ocrx_word' id='word_1_271' title='bbox 1865 3447 1957 3515; x_wconf 83' lang='lat' dir='ltr'><strong>qui</strong></span> <span class='ocrx_word' id='word_1_272' title='bbox 1980 3462 2064 3502; x_wconf 87' lang='lat' dir='ltr'><strong>ve-</strong></span> 
     </span>
    </p>
   </div>
   <div class='ocr_carea' id='block_1_37' title="bbox 348 3504 2062 3602">
    <p class='ocr_par' dir='ltr' id='par_1_37' title="bbox 348 3504 2062 3602">
     <span class='ocr_line' id='line_1_37' title="bbox 348 3504 2062 3602; baseline 0.015 -33"><span class='ocrx_word' id='word_1_273' title='bbox 348 3504 555 3573; x_wconf 77' lang='lat' dir='ltr'><strong>nerant</strong></span> <span class='ocrx_word' id='word_1_274' title='bbox 576 3518 647 3574; x_wconf 83' lang='lat' dir='ltr'><strong>ad</strong></span> <span class='ocrx_word' id='word_1_275' title='bbox 666 3536 740 3585; x_wconf 86' lang='lat' dir='ltr'><strong>se,</strong></span> <span class='ocrx_word' id='word_1_276' title='bbox 763 3522 1041 3595; x_wconf 78' lang='lat' dir='ltr'><strong>principes</strong></span> <span class='ocrx_word' id='word_1_277' title='bbox 1070 3504 1433 3598; x_wconf 67' lang='lat' dir='ltr'><strong>sacerdotum,</strong></span> <span class='ocrx_word' id='word_1_278' title='bbox 1456 3538 1509 3585; x_wconf 87' lang='lat' dir='ltr'><strong>et</strong></span> <span class='ocrx_word' id='word_1_279' title='bbox 1539 3504 1894 3602; x_wconf 67' lang='lat' dir='ltr'><strong>magistratus</strong></span> <span class='ocrx_word' id='word_1_280' title='bbox 1923 3545 2062 3593; x_wconf 89' lang='lat' dir='ltr'><strong>tem-</strong></span> 
     </span>
    </p>
   </div>
   <div class='ocr_carea' id='block_1_38' title="bbox 349 3606 2057 3695">
    <p class='ocr_par' dir='ltr' id='par_1_38' title="bbox 349 3606 2057 3695">
     <span class='ocr_line' id='line_1_38' title="bbox 349 3606 2057 3695; baseline 0.015 -37"><span class='ocrx_word' id='word_1_281' title='bbox 349 3606 453 3676; x_wconf 84' lang='lat' dir='ltr'><strong>pli,</strong></span> <span class='ocrx_word' id='word_1_282' title='bbox 490 3613 545 3662; x_wconf 82' lang='lat' dir='ltr'><strong>et</strong></span> <span class='ocrx_word' id='word_1_283' title='bbox 591 3612 834 3667; x_wconf 78' lang='lat' dir='ltr'><strong>seniores</strong></span> <span class='ocrx_word' id='word_1_284' title='bbox 863 3630 881 3667; x_wconf 91' lang='lat'><em>:</em></span> <span class='ocrx_word' id='word_1_285' title='bbox 914 3614 1084 3682; x_wconf 83' lang='lat' dir='ltr'><strong>Quasi</strong></span> <span class='ocrx_word' id='word_1_286' title='bbox 1113 3615 1183 3671; x_wconf 85' lang='lat' dir='ltr'><strong>ad</strong></span> <span class='ocrx_word' id='word_1_287' title='bbox 1214 3617 1481 3675; x_wconf 86' lang='lat' dir='ltr'><strong>latronem</strong></span> <span class='ocrx_word' id='word_1_288' title='bbox 1508 3623 1702 3679; x_wconf 78' lang='lat' dir='ltr'><strong>existis</strong></span> <span class='ocrx_word' id='word_1_289' title='bbox 1732 3626 1883 3694; x_wconf 87' lang='lat' dir='ltr'><strong>(Luc.</strong></span> <span class='ocrx_word' id='word_1_290' title='bbox 1918 3643 2057 3695; x_wconf 79' lang='lat' dir='ltr'><strong>xm,</strong></span> 
     </span>
    </p>
   </div>
   <div class='ocr_carea' id='block_1_39' title="bbox 353 3694 2057 3781">
    <p class='ocr_par' dir='ltr' id='par_1_39' title="bbox 353 3694 2057 3781">
     <span class='ocr_line' id='line_1_39' title="bbox 353 3694 2057 3781; baseline 0.015 -32"><span class='ocrx_word' id='word_1_291' title='bbox 353 3694 464 3766; x_wconf 81' lang='lat'><strong>52),</strong></span> <span class='ocrx_word' id='word_1_292' title='bbox 491 3701 550 3753; x_wconf 91' lang='lat' dir='ltr'><strong>et</strong></span> <span class='ocrx_word' id='word_1_293' title='bbox 583 3705 805 3757; x_wconf 68' lang='lat' dir='ltr'><strong>caetera.</strong></span> <span class='ocrx_word' id='word_1_294' title='bbox 839 3703 1002 3758; x_wconf 88' lang='lat' dir='ltr'><strong>Sicut</strong></span> <span class='ocrx_word' id='word_1_295' title='bbox 1037 3719 1173 3777; x_wconf 89' lang='lat' dir='ltr'><strong>ergo</strong></span> <span class='ocrx_word' id='word_1_296' title='bbox 1217 3707 1511 3781; x_wconf 87' lang='lat' dir='ltr'><strong>principes</strong></span> <span class='ocrx_word' id='word_1_297' title='bbox 1542 3713 1906 3772; x_wconf 85' lang='lat' dir='ltr'><strong>sacerdotum</strong></span> <span class='ocrx_word' id='word_1_298' title='bbox 1942 3735 2057 3774; x_wconf 89' lang='lat' dir='ltr'><strong>non</strong></span> 
     </span>
    </p>
   </div>
   <div class='ocr_carea' id='block_1_40' title="bbox 354 3789 2057 3878">
    <p class='ocr_par' dir='ltr' id='par_1_40' title="bbox 354 3789 2057 3878">
     <span class='ocr_line' id='line_1_40' title="bbox 354 3789 2057 3878; baseline 0.015 -39"><span class='ocrx_word' id='word_1_299' title='bbox 354 3801 460 3857; x_wconf 90' lang='lat' dir='ltr'><strong>per</strong></span> <span class='ocrx_word' id='word_1_300' title='bbox 481 3789 836 3858; x_wconf 85' lang='lat' dir='ltr'><strong>seipsos,sed</strong></span> <span class='ocrx_word' id='word_1_301' title='bbox 858 3808 961 3864; x_wconf 90' lang='lat' dir='ltr'><strong>per</strong></span> <span class='ocrx_word' id='word_1_302' title='bbox 978 3810 1073 3850; x_wconf 91' lang='lat' dir='ltr'><strong>eos</strong></span> <span class='ocrx_word' id='word_1_303' title='bbox 1095 3812 1241 3866; x_wconf 90' lang='lat' dir='ltr'><strong>quos</strong></span> <span class='ocrx_word' id='word_1_304' title='bbox 1272 3799 1554 3856; x_wconf 87' lang='lat' dir='ltr'><strong>miserant</strong></span> <span class='ocrx_word' id='word_1_305' title='bbox 1575 3804 1645 3858; x_wconf 90' lang='lat' dir='ltr'><strong>ad</strong></span> <span class='ocrx_word' id='word_1_306' title='bbox 1671 3807 2057 3878; x_wconf 87' lang='lat' dir='ltr'><strong>comprehen-</strong></span> 
     </span>
    </p>
   </div>
   <div class='ocr_carea' id='block_1_41' title="bbox 355 3875 2056 3966">
    <p class='ocr_par' dir='ltr' id='par_1_41' title="bbox 355 3875 2056 3966">
     <span class='ocr_line' id='line_1_41' title="bbox 355 3875 2056 3966; baseline 0.015 -36"><span class='ocrx_word' id='word_1_307' title='bbox 355 3875 613 3949; x_wconf 88' lang='lat' dir='ltr'><strong>dendum</strong></span> <span class='ocrx_word' id='word_1_308' title='bbox 644 3879 868 3947; x_wconf 86' lang='lat' dir='ltr'><strong>Jesum,</strong></span> <span class='ocrx_word' id='word_1_309' title='bbox 889 3884 1025 3955; x_wconf 82' lang='lat' dir='ltr'><strong>quid</strong></span> <span class='ocrx_word' id='word_1_310' title='bbox 1051 3884 1205 3942; x_wconf 90' lang='lat' dir='ltr'><strong>aliud</strong></span> <span class='ocrx_word' id='word_1_311' title='bbox 1230 3904 1405 3959; x_wconf 89' lang='lat' dir='ltr'><strong>quam</strong></span> <span class='ocrx_word' id='word_1_312' title='bbox 1426 3890 1535 3961; x_wconf 90' lang='lat' dir='ltr'><strong>ipsi</strong></span> <span class='ocrx_word' id='word_1_313' title='bbox 1562 3891 1616 3948; x_wconf 91' lang='lat' dir='ltr'><strong>in</strong></span> <span class='ocrx_word' id='word_1_314' title='bbox 1638 3875 2056 3966; x_wconf 68' lang='lat' dir='ltr'><strong>sumjussionis</strong></span> 
     </span>
    </p>
   </div>
   <div class='ocr_carea' id='block_1_42' title="bbox 352 3972 2059 4055">
    <p class='ocr_par' dir='ltr' id='par_1_42' title="bbox 352 3972 2059 4055">
     <span class='ocr_line' id='line_1_42' title="bbox 352 3972 2059 4055; baseline 0.015 -35"><span class='ocrx_word' id='word_1_315' title='bbox 352 3972 640 4037; x_wconf 87' lang='lat' dir='ltr'><strong>potestate</strong></span> <span class='ocrx_word' id='word_1_316' title='bbox 662 3974 982 4028; x_wconf 89' lang='lat' dir='ltr'><strong>venerunt?</strong></span> <span class='ocrx_word' id='word_1_317' title='bbox 1003 3976 1084 4030; x_wconf 89' lang='lat' dir='ltr'><strong>sic</strong></span> <span class='ocrx_word' id='word_1_318' title='bbox 1099 3992 1301 4033; x_wconf 89' lang='lat' dir='ltr'><strong>omnes</strong></span> <span class='ocrx_word' id='word_1_319' title='bbox 1316 3980 1887 4055; x_wconf 82' lang='lat' dir='ltr'><strong>quicrueiﬁgendum</strong></span> <span class='ocrx_word' id='word_1_320' title='bbox 1906 3988 2059 4045; x_wconf 86' lang='lat' dir='ltr'><strong>Chri-</strong></span> 
     </span>
    </p>
   </div>
   <div class='ocr_carea' id='block_1_43' title="bbox 351 4058 2060 4151">
    <p class='ocr_par' dir='ltr' id='par_1_43' title="bbox 351 4058 2060 4151">
     <span class='ocr_line' id='line_1_43' title="bbox 351 4058 2060 4151; baseline 0.015 -40"><span class='ocrx_word' id='word_1_321' title='bbox 351 4062 508 4113; x_wconf 87' lang='lat' dir='ltr'><strong>stum</strong></span> <span class='ocrx_word' id='word_1_322' title='bbox 545 4058 743 4131; x_wconf 88' lang='lat' dir='ltr'><strong>impiis</strong></span> <span class='ocrx_word' id='word_1_323' title='bbox 782 4064 1022 4119; x_wconf 87' lang='lat' dir='ltr'><strong>vocibus</strong></span> <span class='ocrx_word' id='word_1_324' title='bbox 1053 4064 1475 4137; x_wconf 88' lang='lat' dir='ltr'><strong>clamaverunt,</strong></span> <span class='ocrx_word' id='word_1_325' title='bbox 1512 4089 1624 4128; x_wconf 89' lang='lat' dir='ltr'><strong>non</strong></span> <span class='ocrx_word' id='word_1_326' title='bbox 1674 4075 1909 4145; x_wconf 89' lang='lat' dir='ltr'><strong>quidem</strong></span> <span class='ocrx_word' id='word_1_327' title='bbox 1958 4096 2060 4151; x_wconf 91' lang='lat' dir='ltr'><strong>per</strong></span> 
     </span>
    </p>
   </div>
   <div class='ocr_carea' id='block_1_44' title="bbox 347 4147 2053 4233">
    <p class='ocr_par' dir='ltr' id='par_1_44' title="bbox 347 4147 2053 4233">
     <span class='ocr_line' id='line_1_44' title="bbox 347 4147 2053 4233; baseline 0.015 -33"><span class='ocrx_word' id='word_1_328' title='bbox 347 4147 573 4218; x_wconf 88' lang='lat' dir='ltr'><strong>seipsos</strong></span> <span class='ocrx_word' id='word_1_329' title='bbox 602 4164 757 4218; x_wconf 89' lang='lat' dir='ltr'><strong>eum,</strong></span> <span class='ocrx_word' id='word_1_330' title='bbox 782 4152 882 4208; x_wconf 90' lang='lat' dir='ltr'><strong>sed</strong></span> <span class='ocrx_word' id='word_1_331' title='bbox 903 4156 1095 4210; x_wconf 90' lang='lat' dir='ltr'><strong>tamen</strong></span> <span class='ocrx_word' id='word_1_332' title='bbox 1121 4156 1231 4227; x_wconf 90' lang='lat' dir='ltr'><strong>ipsi</strong></span> <span class='ocrx_word' id='word_1_333' title='bbox 1258 4174 1358 4229; x_wconf 89' lang='lat' dir='ltr'><strong>per</strong></span> <span class='ocrx_word' id='word_1_334' title='bbox 1380 4159 1545 4216; x_wconf 92' lang='lat' dir='ltr'><strong>illum</strong></span> <span class='ocrx_word' id='word_1_335' title='bbox 1578 4164 1677 4233; x_wconf 90' lang='lat' dir='ltr'><strong>qui</strong></span> <span class='ocrx_word' id='word_1_336' title='bbox 1701 4180 1900 4223; x_wconf 89' lang='lat' dir='ltr'><strong>eorum</strong></span> <span class='ocrx_word' id='word_1_337' title='bbox 1938 4147 2053 4225; x_wconf 76' lang='lat' dir='ltr'><strong>cla-</strong></span> 
     </span>
    </p>
   </div>
   <div class='ocr_carea' id='block_1_45' title="bbox 346 4237 1785 4327">
    <p class='ocr_par' dir='ltr' id='par_1_45' title="bbox 346 4237 1785 4327">
     <span class='ocr_line' id='line_1_45' title="bbox 346 4237 1785 4327; baseline 0.012 -36"><span class='ocrx_word' id='word_1_338' title='bbox 346 4251 508 4292; x_wconf 86' lang='lat' dir='ltr'><strong>more</strong></span> <span class='ocrx_word' id='word_1_339' title='bbox 539 4239 608 4293; x_wconf 91' lang='lat' dir='ltr'><strong>ad</strong></span> <span class='ocrx_word' id='word_1_340' title='bbox 645 4237 749 4295; x_wconf 85' lang='lat' dir='ltr'><strong>hoc</strong></span> <span class='ocrx_word' id='word_1_341' title='bbox 772 4242 934 4298; x_wconf 88' lang='lat' dir='ltr'><strong>nefas</strong></span> <span class='ocrx_word' id='word_1_342' title='bbox 966 4242 1258 4316; x_wconf 82' lang='lat' dir='ltr'><strong>impulsus</strong></span> <span class='ocrx_word' id='word_1_343' title='bbox 1288 4256 1394 4317; x_wconf 90' lang='lat' dir='ltr'><strong>est,</strong></span> <span class='ocrx_word' id='word_1_344' title='bbox 1430 4251 1785 4327; x_wconf 87' lang='lat' dir='ltr'><strong>occiderunt.</strong></span> 
     </span>
    </p>
   </div>
   <div class='ocr_carea' id='block_1_46' title="bbox 411 4326 2051 4418">
    <p class='ocr_par' dir='ltr' id='par_1_46' title="bbox 411 4326 2051 4418">
     <span class='ocr_line' id='line_1_46' title="bbox 411 4326 2051 4418; baseline 0.016 -39"><span class='ocrx_word' id='word_1_345' title='bbox 411 4326 466 4380; x_wconf 84' lang='lat'><strong>5.</strong></span> <span class='ocrx_word' id='word_1_346' title='bbox 518 4326 680 4391; x_wconf 87' lang='lat' dir='ltr'><strong>Quod</strong></span> <span class='ocrx_word' id='word_1_347' title='bbox 730 4345 860 4387; x_wconf 87' lang='lat' dir='ltr'><strong>vero</strong></span> <span class='ocrx_word' id='word_1_348' title='bbox 897 4332 1155 4391; x_wconf 88' lang='lat' dir='ltr'><strong>Joannes</strong></span> <span class='ocrx_word' id='word_1_349' title='bbox 1202 4338 1553 4410; x_wconf 83' lang='lat' dir='ltr'><strong>evangelista</strong></span> <span class='ocrx_word' id='word_1_350' title='bbox 1604 4342 1928 4418; x_wconf 88' lang='lat' dir='ltr'><strong>subjungit,</strong></span> <span class='ocrx_word' id='word_1_351' title='bbox 1982 4349 2051 4405; x_wconf 87' lang='lat' dir='ltr'><strong>Ut</strong></span> 
     </span>
    </p>
   </div>
   <div class='ocr_carea' id='block_1_47' title="bbox 338 4416 2051 4503">
    <p class='ocr_par' dir='ltr' id='par_1_47' title="bbox 338 4416 2051 4503">
     <span class='ocr_line' id='line_1_47' title="bbox 338 4416 2051 4503; baseline 0.013 -34"><span class='ocrx_word' id='word_1_352' title='bbox 338 4429 515 4470; x_wconf 82' lang='lat' dir='ltr'><strong>sermo</strong></span> <span class='ocrx_word' id='word_1_353' title='bbox 546 4416 665 4472; x_wconf 77' lang='lat' dir='ltr'><strong>Iesu</strong></span> <span class='ocrx_word' id='word_1_354' title='bbox 698 4418 808 4490; x_wconf 82' lang='lat' dir='ltr'><strong>imp</strong></span> <span class='ocrx_word' id='word_1_355' title='bbox 819 4418 1028 4477; x_wconf 79' lang='lat' dir='ltr'><strong>teretur</strong></span> <span class='ocrx_word' id='word_1_356' title='bbox 1048 4439 1203 4493; x_wconf 88' lang='lat' dir='ltr'><strong>quem</strong></span> <span class='ocrx_word' id='word_1_357' title='bbox 1220 4424 1381 4497; x_wconf 73' lang='lat' dir='ltr'><strong>dixit,</strong></span> <span class='ocrx_word' id='word_1_358' title='bbox 1403 4428 1728 4499; x_wconf 82' lang='lat' dir='ltr'><strong>signiﬁcans</strong></span> <span class='ocrx_word' id='word_1_359' title='bbox 1749 4448 1855 4503; x_wconf 87' lang='lat' dir='ltr'><strong>qua</strong></span> <span class='ocrx_word' id='word_1_360' title='bbox 1875 4416 2051 4492; x_wconf 82' lang='lat' dir='ltr'><strong>morte</strong></span> 
     </span>
    </p>
   </div>
   <div class='ocr_carea' id='block_1_48' title="bbox 338 4507 2046 4582">
    <p class='ocr_par' dir='ltr' id='par_1_48' title="bbox 338 4507 2046 4582">
     <span class='ocr_line' id='line_1_48' title="bbox 338 4507 2046 4582; baseline 0.014 -24"><span class='ocrx_word' id='word_1_361' title='bbox 338 4508 473 4559; x_wconf 73' lang='lat' dir='ltr'><strong>esset</strong></span> <span class='ocrx_word' id='word_1_362' title='bbox 503 4507 808 4563; x_wconf 86' lang='lat' dir='ltr'><strong>moriturus</strong></span> <span class='ocrx_word' id='word_1_363' title='bbox 836 4526 854 4564; x_wconf 92' lang='lat'><em>:</em></span> <span class='ocrx_word' id='word_1_364' title='bbox 898 4510 943 4565; x_wconf 89' lang='lat' dir='ltr'><strong>si</strong></span> <span class='ocrx_word' id='word_1_365' title='bbox 977 4518 1221 4568; x_wconf 89' lang='lat' dir='ltr'><strong>mortem</strong></span> <span class='ocrx_word' id='word_1_366' title='bbox 1254 4516 1441 4572; x_wconf 90' lang='lat' dir='ltr'><strong>erucis</strong></span> <span class='ocrx_word' id='word_1_367' title='bbox 1487 4517 1580 4574; x_wconf 85' lang='lat' dir='ltr'><strong>hic</strong></span> <span class='ocrx_word' id='word_1_368' title='bbox 1610 4519 1855 4578; x_wconf 87' lang='lat' dir='ltr'><strong>velimus</strong></span> <span class='ocrx_word' id='word_1_369' title='bbox 1895 4527 2046 4582; x_wconf 86' lang='lat' dir='ltr'><strong>acci-</strong></span> 
     </span>
    </p>
   </div>
   <div class='ocr_carea' id='block_1_49' title="bbox 338 4597 2045 4675">
    <p class='ocr_par' dir='ltr' id='par_1_49' title="bbox 338 4597 2045 4675">
     <span class='ocr_line' id='line_1_49' title="bbox 338 4597 2045 4675; baseline 0.012 -26"><span class='ocrx_word' id='word_1_370' title='bbox 338 4598 795 4665; x_wconf 86' lang='lat' dir='ltr'><strong>pere,tanquam</strong></span> <span class='ocrx_word' id='word_1_371' title='bbox 822 4597 948 4654; x_wconf 84' lang='lat' dir='ltr'><strong>ideo</strong></span> <span class='ocrx_word' id='word_1_372' title='bbox 977 4600 1224 4657; x_wconf 87' lang='lat' dir='ltr'><strong>dixerint</strong></span> <span class='ocrx_word' id='word_1_373' title='bbox 1249 4602 1456 4675; x_wconf 67' lang='lat' dir='ltr'><strong>Judaei,</strong></span> <span class='ocrx_word' id='word_1_374' title='bbox 1490 4607 1651 4664; x_wconf 85' lang='lat' dir='ltr'><strong>Nobis</strong></span> <span class='ocrx_word' id='word_1_375' title='bbox 1682 4626 1789 4666; x_wconf 86' lang='lat' dir='ltr'><strong>non</strong></span> <span class='ocrx_word' id='word_1_376' title='bbox 1812 4612 1936 4668; x_wconf 75' lang='lat' dir='ltr'><strong>licet</strong></span> <span class='ocrx_word' id='word_1_377' title='bbox 1966 4614 2045 4669; x_wconf 88' lang='lat' dir='ltr'><strong>in-</strong></span> 
     </span>
    </p>
   </div>
   <div class='ocr_carea' id='block_1_50' title="bbox 336 4685 2044 4770">
    <p class='ocr_par' dir='ltr' id='par_1_50' title="bbox 336 4685 2044 4770">
     <span class='ocr_line' id='line_1_50' title="bbox 336 4685 2044 4770; baseline 0.013 -32"><span class='ocrx_word' id='word_1_378' title='bbox 336 4685 582 4755; x_wconf 75' lang='lat' dir='ltr'><strong>terﬁcere</strong></span> <span class='ocrx_word' id='word_1_379' title='bbox 601 4700 947 4759; x_wconf 86' lang='lat' dir='ltr'><strong>quemquam,</strong></span> <span class='ocrx_word' id='word_1_380' title='bbox 973 4690 1109 4760; x_wconf 87' lang='lat' dir='ltr'><strong>quia</strong></span> <span class='ocrx_word' id='word_1_381' title='bbox 1143 4692 1389 4749; x_wconf 86' lang='lat' dir='ltr'><strong>interﬁci</strong></span> <span class='ocrx_word' id='word_1_382' title='bbox 1423 4695 1579 4751; x_wconf 88' lang='lat' dir='ltr'><strong>aliud</strong></span> <span class='ocrx_word' id='word_1_383' title='bbox 1603 4703 1712 4770; x_wconf 89' lang='lat' dir='ltr'><strong>est,</strong></span> <span class='ocrx_word' id='word_1_384' title='bbox 1737 4701 1897 4757; x_wconf 90' lang='lat' dir='ltr'><strong>aliud</strong></span> <span class='ocrx_word' id='word_1_385' title='bbox 1923 4719 2044 4759; x_wconf 90' lang='lat' dir='ltr'><strong>cru-</strong></span> 
     </span>
    </p>
   </div>
   <div class='ocr_carea' id='block_1_51' title="bbox 338 4773 2044 4863">
    <p class='ocr_par' dir='ltr' id='par_1_51' title="bbox 338 4773 2044 4863">
     <span class='ocr_line' id='line_1_51' title="bbox 338 4773 2044 4863; baseline 0.011 -33"><span class='ocrx_word' id='word_1_386' title='bbox 338 4773 532 4846; x_wconf 85' lang='lat' dir='ltr'><strong>ciﬁgi;</strong></span> <span class='ocrx_word' id='word_1_387' title='bbox 583 4790 697 4830; x_wconf 90' lang='lat' dir='ltr'><strong>non</strong></span> <span class='ocrx_word' id='word_1_388' title='bbox 746 4778 908 4833; x_wconf 87' lang='lat' dir='ltr'><strong>video</strong></span> <span class='ocrx_word' id='word_1_389' title='bbox 957 4781 1245 4851; x_wconf 90' lang='lat' dir='ltr'><strong>quomodo</strong></span> <span class='ocrx_word' id='word_1_390' title='bbox 1296 4784 1349 4840; x_wconf 93' lang='lat' dir='ltr'><strong>id</strong></span> <span class='ocrx_word' id='word_1_391' title='bbox 1399 4787 1581 4856; x_wconf 87' lang='lat' dir='ltr'><strong>possit</strong></span> <span class='ocrx_word' id='word_1_392' title='bbox 1620 4797 2044 4863; x_wconf 87' lang='lat' dir='ltr'><strong>consequenter</strong></span> 
     </span>
    </p>
   </div>
   <div class='ocr_carea' id='block_1_52' title="bbox 335 4863 2039 4955">
    <p class='ocr_par' dir='ltr' id='par_1_52' title="bbox 335 4863 2039 4955">
     <span class='ocr_line' id='line_1_52' title="bbox 335 4863 2039 4955; baseline 0.011 -36"><span class='ocrx_word' id='word_1_393' title='bbox 335 4863 610 4935; x_wconf 86' lang='lat' dir='ltr'><strong>intelligi,</strong></span> <span class='ocrx_word' id='word_1_394' title='bbox 645 4879 777 4920; x_wconf 90' lang='lat' dir='ltr'><strong>cum</strong></span> <span class='ocrx_word' id='word_1_395' title='bbox 812 4865 918 4922; x_wconf 86' lang='lat' dir='ltr'><strong>hoc</strong></span> <span class='ocrx_word' id='word_1_396' title='bbox 948 4869 1017 4923; x_wconf 90' lang='lat' dir='ltr'><strong>ad</strong></span> <span class='ocrx_word' id='word_1_397' title='bbox 1052 4871 1221 4927; x_wconf 88' lang='lat' dir='ltr'><strong>Pilati</strong></span> <span class='ocrx_word' id='word_1_398' title='bbox 1251 4873 1425 4929; x_wconf 91' lang='lat' dir='ltr'><strong>verba</strong></span> <span class='ocrx_word' id='word_1_399' title='bbox 1457 4880 1881 4951; x_wconf 86' lang='lat' dir='ltr'><strong>responderint,</strong></span> <span class='ocrx_word' id='word_1_400' title='bbox 1911 4884 2039 4955; x_wconf 89' lang='lat' dir='ltr'><strong>qui-</strong></span> 
     </span>
    </p>
   </div>
   <div class='ocr_carea' id='block_1_53' title="bbox 331 4952 2039 5043">
    <p class='ocr_par' dir='ltr' id='par_1_53' title="bbox 331 4952 2039 5043">
     <span class='ocr_line' id='line_1_53' title="bbox 331 4952 2039 5043; baseline 0.013 -36"><span class='ocrx_word' id='word_1_401' title='bbox 331 4952 447 5009; x_wconf 88' lang='lat' dir='ltr'><strong>bus</strong></span> <span class='ocrx_word' id='word_1_402' title='bbox 477 4952 561 5008; x_wconf 91' lang='lat' dir='ltr'><strong>eis</strong></span> <span class='ocrx_word' id='word_1_403' title='bbox 592 4952 832 5024; x_wconf 86' lang='lat' dir='ltr'><strong>dixerat,</strong></span> <span class='ocrx_word' id='word_1_404' title='bbox 865 4958 1105 5030; x_wconf 80' lang='lat' dir='ltr'><strong>Accipite</strong></span> <span class='ocrx_word' id='word_1_405' title='bbox 1132 4978 1257 5018; x_wconf 87' lang='lat' dir='ltr'><strong>eum</strong></span> <span class='ocrx_word' id='word_1_406' title='bbox 1290 4980 1401 5033; x_wconf 82' lang='lat' dir='ltr'><strong>vos,</strong></span> <span class='ocrx_word' id='word_1_407' title='bbox 1431 4970 1481 5022; x_wconf 88' lang='lat' dir='ltr'><strong>et</strong></span> <span class='ocrx_word' id='word_1_408' title='bbox 1512 4968 1811 5025; x_wconf 83' lang='lat' dir='ltr'><strong>secundum</strong></span> <span class='ocrx_word' id='word_1_409' title='bbox 1852 4952 2039 5043; x_wconf 81' lang='lat' dir='ltr'><strong>Legem</strong></span> 
     </span>
    </p>
   </div>
   <div class='ocr_carea' id='block_1_54' title="bbox 284 5041 2037 5131">
    <p class='ocr_par' dir='ltr' id='par_1_54' title="bbox 284 5041 2037 5131">
     <span class='ocr_line' id='line_1_54' title="bbox 284 5041 2037 5131; baseline 0.013 -35"><span class='ocrx_word' id='word_1_410' title='bbox 284 5054 289 5062; x_wconf 94' lang='lat'>&#39;</span> <span class='ocrx_word' id='word_1_411' title='bbox 328 5046 570 5097; x_wconf 80' lang='lat' dir='ltr'><strong>vestram</strong></span> <span class='ocrx_word' id='word_1_412' title='bbox 588 5041 828 5111; x_wconf 77' lang='lat' dir='ltr'><strong>iudicate</strong></span> <span class='ocrx_word' id='word_1_413' title='bbox 848 5062 992 5105; x_wconf 87' lang='lat' dir='ltr'><strong>eum.</strong></span> <span class='ocrx_word' id='word_1_414' title='bbox 1017 5047 1309 5123; x_wconf 86' lang='lat' dir='ltr'><strong>Numquid</strong></span> <span class='ocrx_word' id='word_1_415' title='bbox 1336 5070 1467 5126; x_wconf 89' lang='lat' dir='ltr'><strong>ergo</strong></span> <span class='ocrx_word' id='word_1_416' title='bbox 1485 5072 1617 5113; x_wconf 89' lang='lat' dir='ltr'><strong>eum</strong></span> <span class='ocrx_word' id='word_1_417' title='bbox 1638 5074 1752 5115; x_wconf 83' lang='lat' dir='ltr'><strong>non</strong></span> <span class='ocrx_word' id='word_1_418' title='bbox 1774 5041 2037 5131; x_wconf 83' lang='lat' dir='ltr'><strong>poterant</strong></span> 
     </span>
    </p>
   </div>
   <div class='ocr_carea' id='block_1_55' title="bbox 326 5131 2033 5221">
    <p class='ocr_par' dir='ltr' id='par_1_55' title="bbox 326 5131 2033 5221">
     <span class='ocr_line' id='line_1_55' title="bbox 326 5131 2033 5221; baseline 0.011 -34"><span class='ocrx_word' id='word_1_419' title='bbox 326 5131 612 5199; x_wconf 83' lang='lat' dir='ltr'><strong>accipere,</strong></span> <span class='ocrx_word' id='word_1_420' title='bbox 646 5136 703 5186; x_wconf 90' lang='lat' dir='ltr'><strong>et</strong></span> <span class='ocrx_word' id='word_1_421' title='bbox 731 5133 841 5205; x_wconf 82' lang='lat' dir='ltr'><strong>ipsi</strong></span> <span class='ocrx_word' id='word_1_422' title='bbox 870 5151 1003 5192; x_wconf 87' lang='lat' dir='ltr'><strong>eum</strong></span> <span class='ocrx_word' id='word_1_423' title='bbox 1049 5141 1406 5213; x_wconf 87' lang='lat' dir='ltr'><strong>cruciﬁgere,</strong></span> <span class='ocrx_word' id='word_1_424' title='bbox 1440 5144 1489 5200; x_wconf 91' lang='lat' dir='ltr'><strong>si</strong></span> <span class='ocrx_word' id='word_1_425' title='bbox 1539 5162 1642 5217; x_wconf 89' lang='lat' dir='ltr'><strong>per</strong></span> <span class='ocrx_word' id='word_1_426' title='bbox 1686 5147 1800 5204; x_wconf 90' lang='lat' dir='ltr'><strong>tale</strong></span> <span class='ocrx_word' id='word_1_427' title='bbox 1848 5165 2033 5221; x_wconf 86' lang='lat' dir='ltr'><strong>genus</strong></span> 
     </span>
    </p>
   </div>
   <div class='ocr_carea' id='block_1_56' title="bbox 325 5220 2034 5308">
    <p class='ocr_par' dir='ltr' id='par_1_56' title="bbox 325 5220 2034 5308">
     <span class='ocr_line' id='line_1_56' title="bbox 325 5220 2034 5308; baseline 0.011 -31"><span class='ocrx_word' id='word_1_428' title='bbox 325 5220 600 5292; x_wconf 86' lang='lat' dir='ltr'><strong>supplicii</strong></span> <span class='ocrx_word' id='word_1_429' title='bbox 628 5220 1082 5282; x_wconf 86' lang='lat' dir='ltr'><strong>interfectionem</strong></span> <span class='ocrx_word' id='word_1_430' title='bbox 1109 5230 1453 5302; x_wconf 84' lang='lat' dir='ltr'><strong>cujusquam</strong></span> <span class='ocrx_word' id='word_1_431' title='bbox 1477 5235 1658 5291; x_wconf 89' lang='lat' dir='ltr'><strong>vitare</strong></span> <span class='ocrx_word' id='word_1_432' title='bbox 1676 5220 2034 5308; x_wconf 88' lang='lat' dir='ltr'><strong>cupiebant?</strong></span> 
     </span>
    </p>
   </div>
   <div class='ocr_carea' id='block_1_57' title="bbox 322 5310 2031 5390">
    <p class='ocr_par' dir='ltr' id='par_1_57' title="bbox 322 5310 2031 5390">
     <span class='ocr_line' id='line_1_57' title="bbox 322 5310 2031 5390; baseline 0.013 -26"><span class='ocrx_word' id='word_1_433' title='bbox 322 5310 465 5374; x_wconf 89' lang='lat' dir='ltr'><strong>Quis</strong></span> <span class='ocrx_word' id='word_1_434' title='bbox 498 5316 692 5366; x_wconf 88' lang='lat' dir='ltr'><strong>autem</strong></span> <span class='ocrx_word' id='word_1_435' title='bbox 728 5329 840 5367; x_wconf 83' lang='lat' dir='ltr'><strong>non</strong></span> <span class='ocrx_word' id='word_1_436' title='bbox 864 5316 1057 5372; x_wconf 86' lang='lat' dir='ltr'><strong>videat</strong></span> <span class='ocrx_word' id='word_1_437' title='bbox 1090 5335 1265 5390; x_wconf 87' lang='lat' dir='ltr'><strong>quam</strong></span> <span class='ocrx_word' id='word_1_438' title='bbox 1298 5323 1375 5376; x_wconf 87' lang='lat' dir='ltr'><strong>sit</strong></span> <span class='ocrx_word' id='word_1_439' title='bbox 1406 5324 1722 5382; x_wconf 90' lang='lat' dir='ltr'><strong>absurdum</strong></span> <span class='ocrx_word' id='word_1_440' title='bbox 1745 5327 1827 5382; x_wconf 91' lang='lat' dir='ltr'><strong>eis</strong></span> <span class='ocrx_word' id='word_1_441' title='bbox 1858 5328 2031 5386; x_wconf 90' lang='lat' dir='ltr'><strong>licere</strong></span> 
     </span>
    </p>
   </div>
   <div class='ocr_carea' id='block_1_58' title="bbox 320 5404 2026 5489">
    <p class='ocr_par' dir='ltr' id='par_1_58' title="bbox 320 5404 2026 5489">
     <span class='ocr_line' id='line_1_58' title="bbox 320 5404 2026 5489; baseline 0.011 -33"><span class='ocrx_word' id='word_1_442' title='bbox 320 5417 677 5473; x_wconf 87' lang='lat' dir='ltr'><strong>quemquam</strong></span> <span class='ocrx_word' id='word_1_443' title='bbox 712 5404 1066 5476; x_wconf 79' lang='lat' dir='ltr'><strong>cruciﬁgere,</strong></span> <span class='ocrx_word' id='word_1_444' title='bbox 1101 5411 1313 5481; x_wconf 90' lang='lat' dir='ltr'><strong>quibus</strong></span> <span class='ocrx_word' id='word_1_445' title='bbox 1354 5430 1466 5469; x_wconf 91' lang='lat' dir='ltr'><strong>non</strong></span> <span class='ocrx_word' id='word_1_446' title='bbox 1505 5414 1639 5471; x_wconf 90' lang='lat' dir='ltr'><strong>licet</strong></span> <span class='ocrx_word' id='word_1_447' title='bbox 1670 5434 2026 5489; x_wconf 82' lang='lat' dir='ltr'><strong>quamquam</strong></span> 
     </span>
    </p>
   </div>
   <div class='ocr_carea' id='block_1_59' title="bbox 317 5489 2024 5572">
    <p class='ocr_par' dir='ltr' id='par_1_59' title="bbox 317 5489 2024 5572">
     <span class='ocr_line' id='line_1_59' title="bbox 317 5489 2024 5572; baseline 0.01 -23"><span class='ocrx_word' id='word_1_448' title='bbox 317 5489 685 5549; x_wconf 71' lang='lat' dir='ltr'><strong>interficere?</strong></span> <span class='ocrx_word' id='word_1_449' title='bbox 716 5493 862 5558; x_wconf 91' lang='lat' dir='ltr'><strong>Quid</strong></span> <span class='ocrx_word' id='word_1_450' title='bbox 897 5497 1052 5567; x_wconf 90' lang='lat' dir='ltr'><strong>quod</strong></span> <span class='ocrx_word' id='word_1_451' title='bbox 1100 5498 1225 5572; x_wconf 88' lang='lat' dir='ltr'><strong>ipse</strong></span> <span class='ocrx_word' id='word_1_452' title='bbox 1256 5501 1539 5561; x_wconf 88' lang='lat' dir='ltr'><strong>Dominus</strong></span> <span class='ocrx_word' id='word_1_453' title='bbox 1570 5507 1837 5563; x_wconf 90' lang='lat' dir='ltr'><strong>eamdem</strong></span> <span class='ocrx_word' id='word_1_454' title='bbox 1870 5524 2024 5567; x_wconf 86' lang='lat' dir='ltr'><strong>mor-</strong></span> 
     </span>
    </p>
   </div>
   <div class='ocr_carea' id='block_1_60' title="bbox 314 5580 2021 5659">
    <p class='ocr_par' dir='ltr' id='par_1_60' title="bbox 314 5580 2021 5659">
     <span class='ocr_line' id='line_1_60' title="bbox 314 5580 2021 5659; baseline 0.011 -20"><span class='ocrx_word' id='word_1_455' title='bbox 314 5591 435 5643; x_wconf 87' lang='lat' dir='ltr'><strong>tem</strong></span> <span class='ocrx_word' id='word_1_456' title='bbox 460 5596 650 5649; x_wconf 88' lang='lat' dir='ltr'><strong>suam,</strong></span> <span class='ocrx_word' id='word_1_457' title='bbox 672 5580 731 5636; x_wconf 91' lang='lat' dir='ltr'><strong>id</strong></span> <span class='ocrx_word' id='word_1_458' title='bbox 755 5587 843 5638; x_wconf 87' lang='lat' dir='ltr'><strong>est</strong></span> <span class='ocrx_word' id='word_1_459' title='bbox 864 5591 1105 5644; x_wconf 83' lang='lat' dir='ltr'><strong>mortem</strong></span> <span class='ocrx_word' id='word_1_460' title='bbox 1131 5592 1338 5659; x_wconf 87' lang='lat' dir='ltr'><strong>crucis,</strong></span> <span class='ocrx_word' id='word_1_461' title='bbox 1364 5594 1536 5650; x_wconf 89' lang='lat' dir='ltr'><strong>etiam</strong></span> <span class='ocrx_word' id='word_1_462' title='bbox 1561 5595 2021 5657; x_wconf 89' lang='lat' dir='ltr'><strong>interfectionem</strong></span> 
     </span>
    </p>
   </div>
   <div class='ocr_carea' id='block_1_61' title="bbox 1551 246 2796 319">
    <p class='ocr_par' dir='ltr' id='par_1_61' title="bbox 1551 246 2796 319">
     <span class='ocr_line' id='line_1_61' title="bbox 1551 246 2796 319; baseline 0.013 -17"><span class='ocrx_word' id='word_1_463' title='bbox 1551 246 2010 309; x_wconf 79' lang='lat' dir='ltr'><strong>&#39;I‘liACTA&#39;l‘US</strong></span> <span class='ocrx_word' id='word_1_464' title='bbox 2056 248 2224 310; x_wconf 86' lang='lat' dir='ltr'><strong>CXV.</strong></span> <span class='ocrx_word' id='word_1_465' title='bbox 2275 256 2534 318; x_wconf 79' lang='lat' dir='ltr'><strong>CAPUT</strong></span> <span class='ocrx_word' id='word_1_466' title='bbox 2581 259 2796 319; x_wconf 83' lang='lat' dir='ltr'><strong>XVIII.</strong></span> 
     </span>
    </p>
   </div>
   <div class='ocr_carea' id='block_1_62' title="bbox 3780 283 3937 343">
    <p class='ocr_par' dir='ltr' id='par_1_62' title="bbox 3780 283 3937 343">
     <span class='ocr_line' id='line_1_62' title="bbox 3780 283 3937 343; baseline 0.013 -2"><span class='ocrx_word' id='word_1_467' title='bbox 3780 283 3937 343; x_wconf 85' lang='grc'><strong>1638</strong></span> 
     </span>
    </p>
   </div>
   <div class='ocr_carea' id='block_1_63' title="bbox 2230 387 3938 472">
    <p class='ocr_par' dir='ltr' id='par_1_63' title="bbox 2230 387 3938 472">
     <span class='ocr_line' id='line_1_63' title="bbox 2230 387 3938 472; baseline 0.015 -36"><span class='ocrx_word' id='word_1_468' title='bbox 2230 394 2407 452; x_wconf 82' lang='lat' dir='ltr'><strong>vocat,</strong></span> <span class='ocrx_word' id='word_1_469' title='bbox 2437 387 2591 443; x_wconf 88' lang='lat' dir='ltr'><strong>sicut</strong></span> <span class='ocrx_word' id='word_1_470' title='bbox 2640 389 2885 462; x_wconf 87' lang='lat' dir='ltr'><strong>legimus</strong></span> <span class='ocrx_word' id='word_1_471' title='bbox 2933 394 3088 463; x_wconf 90' lang='lat' dir='ltr'><strong>apud</strong></span> <span class='ocrx_word' id='word_1_472' title='bbox 3133 400 3401 467; x_wconf 77' lang='lat' dir='ltr'><strong>Murcum,</strong></span> <span class='ocrx_word' id='word_1_473' title='bbox 3438 405 3534 457; x_wconf 84' lang='lat' dir='ltr'><strong>ubi</strong></span> <span class='ocrx_word' id='word_1_474' title='bbox 3569 408 3648 463; x_wconf 86' lang='lat' dir='ltr'><strong>ait</strong></span> <span class='ocrx_word' id='word_1_475' title='bbox 3682 428 3695 465; x_wconf 89' lang='lat'><strong>:</strong></span> <span class='ocrx_word' id='word_1_476' title='bbox 3730 434 3758 462; x_wconf 88' lang='grc'><strong>‹‹</strong></span> <span class='ocrx_word' id='word_1_477' title='bbox 3792 413 3938 472; x_wconf 88' lang='lat' dir='ltr'><strong>Ecce</strong></span> 
     </span>
    </p>
   </div>
   <div class='ocr_carea' id='block_1_64' title="bbox 2226 476 3937 560">
    <p class='ocr_par' dir='ltr' id='par_1_64' title="bbox 2226 476 3937 560">
     <span class='ocr_line' id='line_1_64' title="bbox 2226 476 3937 560; baseline 0.019 -32"><span class='ocrx_word' id='word_1_478' title='bbox 2226 477 2598 535; x_wconf 86' lang='lat' dir='ltr'><strong>ascendimus</strong></span> <span class='ocrx_word' id='word_1_479' title='bbox 2635 476 3357 551; x_wconf 81' lang='lat' dir='ltr'><strong>Jerosolymam,etFilius</strong></span> <span class='ocrx_word' id='word_1_480' title='bbox 3382 490 3637 553; x_wconf 89' lang='lat' dir='ltr'><strong>hominis</strong></span> <span class='ocrx_word' id='word_1_481' title='bbox 3674 504 3937 560; x_wconf 85' lang='lat' dir='ltr'><strong>tradetur</strong></span> 
     </span>
    </p>
   </div>
   <div class='ocr_carea' id='block_1_65' title="bbox 2226 565 3930 649">
    <p class='ocr_par' dir='ltr' id='par_1_65' title="bbox 2226 565 3930 649">
     <span class='ocr_line' id='line_1_65' title="bbox 2226 565 3930 649; baseline 0.019 -33"><span class='ocrx_word' id='word_1_482' title='bbox 2226 565 2589 637; x_wconf 92' lang='lat' dir='ltr'><strong>principibus</strong></span> <span class='ocrx_word' id='word_1_483' title='bbox 2612 571 2970 627; x_wconf 84' lang='lat' dir='ltr'><strong>sacerdotum</strong></span> <span class='ocrx_word' id='word_1_484' title='bbox 2999 579 3055 629; x_wconf 90' lang='lat' dir='ltr'><strong>et</strong></span> <span class='ocrx_word' id='word_1_485' title='bbox 3076 576 3313 648; x_wconf 91' lang='lat' dir='ltr'><strong>Scribis,</strong></span> <span class='ocrx_word' id='word_1_486' title='bbox 3339 585 3393 635; x_wconf 90' lang='lat' dir='ltr'><strong>et</strong></span> <span class='ocrx_word' id='word_1_487' title='bbox 3412 582 3777 645; x_wconf 87' lang='lat' dir='ltr'><strong>damnabunt</strong></span> <span class='ocrx_word' id='word_1_488' title='bbox 3798 608 3930 649; x_wconf 81' lang='lat' dir='ltr'><strong>eum</strong></span> 
     </span>
    </p>
   </div>
   <div class='ocr_carea' id='block_1_66' title="bbox 2224 659 3934 746">
    <p class='ocr_par' dir='ltr' id='par_1_66' title="bbox 2224 659 3934 746">
     <span class='ocr_line' id='line_1_66' title="bbox 2224 659 3934 746; baseline 0.018 -40"><span class='ocrx_word' id='word_1_489' title='bbox 2224 659 2428 723; x_wconf 90' lang='lat' dir='ltr'><strong>morte,</strong></span> <span class='ocrx_word' id='word_1_490' title='bbox 2462 662 2518 711; x_wconf 88' lang='lat' dir='ltr'><strong>et</strong></span> <span class='ocrx_word' id='word_1_491' title='bbox 2566 659 2796 714; x_wconf 90' lang='lat' dir='ltr'><strong>tradent</strong></span> <span class='ocrx_word' id='word_1_492' title='bbox 2845 677 2975 716; x_wconf 89' lang='lat' dir='ltr'><strong>eum</strong></span> <span class='ocrx_word' id='word_1_493' title='bbox 3027 663 3347 734; x_wconf 88' lang='lat' dir='ltr'><strong>Gentibus;</strong></span> <span class='ocrx_word' id='word_1_494' title='bbox 3381 673 3437 724; x_wconf 91' lang='lat' dir='ltr'><strong>et</strong></span> <span class='ocrx_word' id='word_1_495' title='bbox 3480 662 3725 731; x_wconf 84' lang='lat' dir='ltr'><strong>illudent</strong></span> <span class='ocrx_word' id='word_1_496' title='bbox 3772 680 3841 746; x_wconf 77' lang='lat' dir='ltr'><strong>ei,</strong></span> <span class='ocrx_word' id='word_1_497' title='bbox 3879 689 3934 737; x_wconf 85' lang='lat' dir='ltr'><strong>et</strong></span> 
     </span>
    </p>
   </div>
   <div class='ocr_carea' id='block_1_67' title="bbox 2225 750 3933 827">
    <p class='ocr_par' dir='ltr' id='par_1_67' title="bbox 2225 750 3933 827">
     <span class='ocr_line' id='line_1_67' title="bbox 2225 750 3933 827; baseline 0.017 -32"><span class='ocrx_word' id='word_1_498' title='bbox 2225 750 2547 812; x_wconf 86' lang='lat' dir='ltr'><strong>conspuent</strong></span> <span class='ocrx_word' id='word_1_499' title='bbox 2578 762 2734 815; x_wconf 89' lang='lat' dir='ltr'><strong>eum,</strong></span> <span class='ocrx_word' id='word_1_500' title='bbox 2768 754 2823 804; x_wconf 90' lang='lat' dir='ltr'><strong>et</strong></span> <span class='ocrx_word' id='word_1_501' title='bbox 2864 751 3245 823; x_wconf 82' lang='lat' dir='ltr'><strong>ﬂagellabant</strong></span> <span class='ocrx_word' id='word_1_502' title='bbox 3293 774 3448 827; x_wconf 91' lang='lat' dir='ltr'><strong>eum,</strong></span> <span class='ocrx_word' id='word_1_503' title='bbox 3485 766 3541 817; x_wconf 91' lang='lat' dir='ltr'><strong>et</strong></span> <span class='ocrx_word' id='word_1_504' title='bbox 3582 763 3933 824; x_wconf 89' lang='lat' dir='ltr'><strong>interlicient</strong></span> 
     </span>
    </p>
   </div>
   <div class='ocr_carea' id='block_1_68' title="bbox 2222 836 3929 925">
    <p class='ocr_par' dir='ltr' id='par_1_68' title="bbox 2222 836 3929 925">
     <span class='ocr_line' id='line_1_68' title="bbox 2222 836 3929 925; baseline 0.018 -41"><span class='ocrx_word' id='word_1_505' title='bbox 2222 845 2379 901; x_wconf 91' lang='lat' dir='ltr'><strong>eum,</strong></span> <span class='ocrx_word' id='word_1_506' title='bbox 2403 837 2460 887; x_wconf 90' lang='lat' dir='ltr'><strong>et</strong></span> <span class='ocrx_word' id='word_1_507' title='bbox 2491 836 2661 891; x_wconf 88' lang='lat' dir='ltr'><strong>tertia</strong></span> <span class='ocrx_word' id='word_1_508' title='bbox 2691 836 2783 892; x_wconf 91' lang='lat' dir='ltr'><strong>die</strong></span> <span class='ocrx_word' id='word_1_509' title='bbox 2815 851 3078 912; x_wconf 87' lang='lat' dir='ltr'><strong>resurget</strong></span> <span class='ocrx_word' id='word_1_510' title='bbox 3110 865 3137 893; x_wconf 85' lang='lat'><strong>»</strong></span> <span class='ocrx_word' id='word_1_511' title='bbox 3172 845 3359 917; x_wconf 83' lang='lat' dir='ltr'><strong>(Marc.</strong></span> <span class='ocrx_word' id='word_1_512' title='bbox 3394 867 3449 915; x_wconf 86' lang='lat' dir='ltr'><strong>x,</strong></span> <span class='ocrx_word' id='word_1_513' title='bbox 3469 850 3557 921; x_wconf 85' lang='lat'><strong>33,</strong></span> <span class='ocrx_word' id='word_1_514' title='bbox 3577 852 3669 925; x_wconf 83' lang='grc'><strong>34)</strong></span> <span class='ocrx_word' id='word_1_515' title='bbox 3695 855 3720 910; x_wconf 85' lang='lat'><strong>?</strong></span> <span class='ocrx_word' id='word_1_516' title='bbox 3746 857 3929 913; x_wconf 89' lang='lat' dir='ltr'><strong>Nimi-</strong></span> 
     </span>
    </p>
   </div>
   <div class='ocr_carea' id='block_1_69' title="bbox 2222 924 3929 1014">
    <p class='ocr_par' dir='ltr' id='par_1_69' title="bbox 2222 924 3929 1014">
     <span class='ocr_line' id='line_1_69' title="bbox 2222 924 3929 1014; baseline 0.018 -41"><span class='ocrx_word' id='word_1_517' title='bbox 2222 935 2340 975; x_wconf 90' lang='lat' dir='ltr'><strong>rum</strong></span> <span class='ocrx_word' id='word_1_518' title='bbox 2372 936 2507 994; x_wconf 90' lang='lat' dir='ltr'><strong>ergo</strong></span> <span class='ocrx_word' id='word_1_519' title='bbox 2535 924 2649 979; x_wconf 90' lang='lat' dir='ltr'><strong>ista</strong></span> <span class='ocrx_word' id='word_1_520' title='bbox 2672 927 2915 984; x_wconf 89' lang='lat' dir='ltr'><strong>dicendo</strong></span> <span class='ocrx_word' id='word_1_521' title='bbox 2947 930 3298 1002; x_wconf 89' lang='lat' dir='ltr'><strong>signiﬁcavit</strong></span> <span class='ocrx_word' id='word_1_522' title='bbox 3321 937 3605 998; x_wconf 90' lang='lat' dir='ltr'><strong>Dominus</strong></span> <span class='ocrx_word' id='word_1_523' title='bbox 3631 924 3744 1014; x_wconf 70' lang='lat' dir='ltr'><strong>Qua</strong></span> <span class='ocrx_word' id='word_1_524' title='bbox 3776 957 3929 1003; x_wconf 82' lang='lat' dir='ltr'><strong>esset</strong></span> 
     </span>
    </p>
   </div>
   <div class='ocr_carea' id='block_1_70' title="bbox 2219 1014 3925 1093">
    <p class='ocr_par' dir='ltr' id='par_1_70' title="bbox 2219 1014 3925 1093">
     <span class='ocr_line' id='line_1_70' title="bbox 2219 1014 3925 1093; baseline 0.017 -29"><span class='ocrx_word' id='word_1_525' title='bbox 2219 1015 2403 1069; x_wconf 90' lang='lat' dir='ltr'><strong>morte</strong></span> <span class='ocrx_word' id='word_1_526' title='bbox 2426 1014 2775 1073; x_wconf 85' lang='lat' dir='ltr'><strong>moriturus:</strong></span> <span class='ocrx_word' id='word_1_527' title='bbox 2813 1035 2925 1075; x_wconf 89' lang='lat' dir='ltr'><strong>non</strong></span> <span class='ocrx_word' id='word_1_528' title='bbox 2956 1023 3110 1091; x_wconf 91' lang='lat' dir='ltr'><strong>quod</strong></span> <span class='ocrx_word' id='word_1_529' title='bbox 3145 1023 3235 1078; x_wconf 90' lang='lat' dir='ltr'><strong>hic</strong></span> <span class='ocrx_word' id='word_1_530' title='bbox 3260 1032 3500 1085; x_wconf 89' lang='lat' dir='ltr'><strong>mortem</strong></span> <span class='ocrx_word' id='word_1_531' title='bbox 3537 1034 3725 1089; x_wconf 89' lang='lat' dir='ltr'><strong>crucis</strong></span> <span class='ocrx_word' id='word_1_532' title='bbox 3759 1036 3925 1093; x_wconf 88' lang='lat' dir='ltr'><strong>vellet</strong></span> 
     </span>
    </p>
   </div>
   <div class='ocr_carea' id='block_1_71' title="bbox 2215 1097 3928 1182">
    <p class='ocr_par' dir='ltr' id='par_1_71' title="bbox 2215 1097 3928 1182">
     <span class='ocr_line' id='line_1_71' title="bbox 2215 1097 3928 1182; baseline 0.018 -30"><span class='ocrx_word' id='word_1_533' title='bbox 2215 1097 2480 1173; x_wconf 91' lang='lat' dir='ltr'><strong>intelligi,</strong></span> <span class='ocrx_word' id='word_1_534' title='bbox 2507 1106 2606 1160; x_wconf 88' lang='lat' dir='ltr'><strong>sed</strong></span> <span class='ocrx_word' id='word_1_535' title='bbox 2643 1108 2797 1178; x_wconf 91' lang='lat' dir='ltr'><strong>quod</strong></span> <span class='ocrx_word' id='word_1_536' title='bbox 2839 1124 2976 1164; x_wconf 92' lang='lat' dir='ltr'><strong>eum</strong></span> <span class='ocrx_word' id='word_1_537' title='bbox 3009 1110 3197 1169; x_wconf 72' lang='lat' dir='ltr'><strong>Judaei</strong></span> <span class='ocrx_word' id='word_1_538' title='bbox 3229 1114 3475 1173; x_wconf 81' lang='lat' dir='ltr'><strong>fuissent</strong></span> <span class='ocrx_word' id='word_1_539' title='bbox 3498 1119 3781 1179; x_wconf 87' lang='lat' dir='ltr'><strong>Gentibus</strong></span> <span class='ocrx_word' id='word_1_540' title='bbox 3815 1129 3928 1182; x_wconf 85' lang='lat' dir='ltr'><strong>tra-</strong></span> 
     </span>
    </p>
   </div>
   <div class='ocr_carea' id='block_1_72' title="bbox 2214 1188 3919 1285">
    <p class='ocr_par' dir='ltr' id='par_1_72' title="bbox 2214 1188 3919 1285">
     <span class='ocr_line' id='line_1_72' title="bbox 2214 1188 3919 1285; baseline 0.017 -43"><span class='ocrx_word' id='word_1_541' title='bbox 2214 1188 2410 1259; x_wconf 90' lang='lat' dir='ltr'><strong>dituri,</strong></span> <span class='ocrx_word' id='word_1_542' title='bbox 2444 1193 2551 1249; x_wconf 88' lang='lat' dir='ltr'><strong>hoc</strong></span> <span class='ocrx_word' id='word_1_543' title='bbox 2584 1200 2671 1251; x_wconf 89' lang='lat' dir='ltr'><strong>est</strong></span> <span class='ocrx_word' id='word_1_544' title='bbox 2702 1197 2993 1255; x_wconf 84' lang='lat' dir='ltr'><strong>Romanis.</strong></span> <span class='ocrx_word' id='word_1_545' title='bbox 3022 1201 3167 1259; x_wconf 89' lang='lat' dir='ltr'><strong>Nam</strong></span> <span class='ocrx_word' id='word_1_546' title='bbox 3199 1205 3425 1262; x_wconf 86' lang='lat' dir='ltr'><strong>Pilatus</strong></span> <span class='ocrx_word' id='word_1_547' title='bbox 3449 1208 3745 1268; x_wconf 87' lang='lat' dir='ltr'><strong>Romanus</strong></span> <span class='ocrx_word' id='word_1_548' title='bbox 3777 1222 3919 1285; x_wconf 88' lang='lat' dir='ltr'><strong>erat,</strong></span> 
     </span>
    </p>
   </div>
   <div class='ocr_carea' id='block_1_73' title="bbox 2211 1282 3907 1364">
    <p class='ocr_par' dir='ltr' id='par_1_73' title="bbox 2211 1282 3907 1364">
     <span class='ocr_line' id='line_1_73' title="bbox 2211 1282 3907 1364; baseline 0.017 -33"><span class='ocrx_word' id='word_1_549' title='bbox 2211 1292 2460 1351; x_wconf 84' lang='lat' dir='ltr'><strong>eumque</strong></span> <span class='ocrx_word' id='word_1_550' title='bbox 2494 1282 2550 1336; x_wconf 92' lang='lat' dir='ltr'><strong>in</strong></span> <span class='ocrx_word' id='word_1_551' title='bbox 2581 1284 2845 1341; x_wconf 74' lang='lat' dir='ltr'><strong>Judaeum</strong></span> <span class='ocrx_word' id='word_1_552' title='bbox 2879 1289 3121 1346; x_wconf 89' lang='lat' dir='ltr'><strong>Romani</strong></span> <span class='ocrx_word' id='word_1_553' title='bbox 3154 1295 3460 1364; x_wconf 71' lang='lat' dir='ltr'><strong>prmsidem</strong></span> <span class='ocrx_word' id='word_1_554' title='bbox 3506 1299 3805 1357; x_wconf 89' lang='lat' dir='ltr'><strong>miserant.</strong></span> <span class='ocrx_word' id='word_1_555' title='bbox 3841 1282 3907 1360; x_wconf 88' lang='lat' dir='ltr'><strong>Ut</strong></span> 
     </span>
    </p>
   </div>
   <div class='ocr_carea' id='block_1_74' title="bbox 2210 1368 3913 1454">
    <p class='ocr_par' dir='ltr' id='par_1_74' title="bbox 2210 1368 3913 1454">
     <span class='ocr_line' id='line_1_74' title="bbox 2210 1368 3913 1454; baseline 0.016 -34"><span class='ocrx_word' id='word_1_556' title='bbox 2210 1379 2345 1438; x_wconf 87' lang='lat' dir='ltr'><strong>ergo</strong></span> <span class='ocrx_word' id='word_1_557' title='bbox 2393 1368 2502 1426; x_wconf 90' lang='lat' dir='ltr'><strong>iste</strong></span> <span class='ocrx_word' id='word_1_558' title='bbox 2533 1389 2719 1430; x_wconf 89' lang='lat' dir='ltr'><strong>sermo</strong></span> <span class='ocrx_word' id='word_1_559' title='bbox 2750 1376 2888 1432; x_wconf 87' lang='lat' dir='ltr'><strong>Jesu</strong></span> <span class='ocrx_word' id='word_1_560' title='bbox 2920 1377 3281 1450; x_wconf 88' lang='lat' dir='ltr'><strong>impleretur,</strong></span> <span class='ocrx_word' id='word_1_561' title='bbox 3315 1384 3374 1440; x_wconf 91' lang='lat' dir='ltr'><strong>id</strong></span> <span class='ocrx_word' id='word_1_562' title='bbox 3405 1390 3514 1454; x_wconf 89' lang='lat' dir='ltr'><strong>est,</strong></span> <span class='ocrx_word' id='word_1_563' title='bbox 3546 1393 3608 1444; x_wconf 89' lang='lat' dir='ltr'><strong>ut</strong></span> <span class='ocrx_word' id='word_1_564' title='bbox 3637 1406 3767 1447; x_wconf 92' lang='lat' dir='ltr'><strong>eum</strong></span> <span class='ocrx_word' id='word_1_565' title='bbox 3802 1392 3913 1447; x_wconf 88' lang='lat' dir='ltr'><strong>sibi</strong></span> 
     </span>
    </p>
   </div>
   <div class='ocr_carea' id='block_1_75' title="bbox 2205 1457 3907 1543">
    <p class='ocr_par' dir='ltr' id='par_1_75' title="bbox 2205 1457 3907 1543">
     <span class='ocr_line' id='line_1_75' title="bbox 2205 1457 3907 1543; baseline 0.015 -32"><span class='ocrx_word' id='word_1_566' title='bbox 2205 1457 2481 1516; x_wconf 87' lang='lat' dir='ltr'><strong>traditum</strong></span> <span class='ocrx_word' id='word_1_567' title='bbox 2533 1465 2742 1519; x_wconf 89' lang='lat' dir='ltr'><strong>Gentes</strong></span> <span class='ocrx_word' id='word_1_568' title='bbox 2787 1465 3196 1531; x_wconf 87' lang='lat' dir='ltr'><strong>interﬁcerent,</strong></span> <span class='ocrx_word' id='word_1_569' title='bbox 3231 1474 3381 1543; x_wconf 90' lang='lat' dir='ltr'><strong>quod</strong></span> <span class='ocrx_word' id='word_1_570' title='bbox 3428 1474 3600 1533; x_wconf 85' lang='lat' dir='ltr'><strong>Jesus</strong></span> <span class='ocrx_word' id='word_1_571' title='bbox 3648 1479 3907 1537; x_wconf 89' lang='lat' dir='ltr'><strong>futurum</strong></span> 
     </span>
    </p>
   </div>
   <div class='ocr_carea' id='block_1_76' title="bbox 2206 1552 3905 1634">
    <p class='ocr_par' dir='ltr' id='par_1_76' title="bbox 2206 1552 3905 1634">
     <span class='ocr_line' id='line_1_76' title="bbox 2206 1552 3905 1634; baseline 0.015 -33"><span class='ocrx_word' id='word_1_572' title='bbox 2206 1562 2326 1602; x_wconf 86' lang='lat' dir='ltr'><strong>esse</strong></span> <span class='ocrx_word' id='word_1_573' title='bbox 2375 1552 2750 1623; x_wconf 79' lang='lat' dir='ltr'><strong>praedixerat;</strong></span> <span class='ocrx_word' id='word_1_574' title='bbox 2798 1557 2925 1612; x_wconf 91' lang='lat' dir='ltr'><strong>ideo</strong></span> <span class='ocrx_word' id='word_1_575' title='bbox 2979 1558 3194 1616; x_wconf 87' lang='lat' dir='ltr'><strong>Pilatus</strong></span> <span class='ocrx_word' id='word_1_576' title='bbox 3236 1562 3331 1631; x_wconf 88' lang='lat' dir='ltr'><strong>qui</strong></span> <span class='ocrx_word' id='word_1_577' title='bbox 3372 1563 3558 1634; x_wconf 87' lang='lat' dir='ltr'><strong>judex</strong></span> <span class='ocrx_word' id='word_1_578' title='bbox 3606 1568 3905 1627; x_wconf 89' lang='lat' dir='ltr'><strong>Romanus</strong></span> 
     </span>
    </p>
   </div>
   <div class='ocr_carea' id='block_1_77' title="bbox 2206 1641 3906 1720">
    <p class='ocr_par' dir='ltr' id='par_1_77' title="bbox 2206 1641 3906 1720">
     <span class='ocr_line' id='line_1_77' title="bbox 2206 1641 3906 1720; baseline 0.015 -30"><span class='ocrx_word' id='word_1_579' title='bbox 2206 1641 2345 1702; x_wconf 90' lang='lat' dir='ltr'><strong>erat,</strong></span> <span class='ocrx_word' id='word_1_580' title='bbox 2380 1655 2512 1695; x_wconf 91' lang='lat' dir='ltr'><strong>cum</strong></span> <span class='ocrx_word' id='word_1_581' title='bbox 2547 1642 2713 1698; x_wconf 88' lang='lat' dir='ltr'><strong>vellet</strong></span> <span class='ocrx_word' id='word_1_582' title='bbox 2742 1662 2873 1700; x_wconf 87' lang='lat' dir='ltr'><strong>eum</strong></span> <span class='ocrx_word' id='word_1_583' title='bbox 2932 1649 3170 1705; x_wconf 90' lang='lat' dir='ltr'><strong>reddere</strong></span> <span class='ocrx_word' id='word_1_584' title='bbox 3218 1650 3455 1720; x_wconf 72' lang='lat' dir='ltr'><strong>Judazis,</strong></span> <span class='ocrx_word' id='word_1_585' title='bbox 3494 1658 3558 1709; x_wconf 91' lang='lat' dir='ltr'><strong>ut</strong></span> <span class='ocrx_word' id='word_1_586' title='bbox 3589 1661 3906 1716; x_wconf 89' lang='lat' dir='ltr'><strong>secundum</strong></span> 
     </span>
    </p>
   </div>
   <div class='ocr_carea' id='block_1_78' title="bbox 2206 1727 3911 1821">
    <p class='ocr_par' dir='ltr' id='par_1_78' title="bbox 2206 1727 3911 1821">
     <span class='ocr_line' id='line_1_78' title="bbox 2206 1727 3911 1821; baseline 0.015 -40"><span class='ocrx_word' id='word_1_587' title='bbox 2206 1727 2410 1798; x_wconf 86' lang='lat' dir='ltr'><strong>Legem</strong></span> <span class='ocrx_word' id='word_1_588' title='bbox 2440 1748 2603 1786; x_wconf 89' lang='lat' dir='ltr'><strong>suam</strong></span> <span class='ocrx_word' id='word_1_589' title='bbox 2625 1732 2958 1803; x_wconf 88' lang='lat' dir='ltr'><strong>judicarent</strong></span> <span class='ocrx_word' id='word_1_590' title='bbox 2980 1755 3133 1806; x_wconf 85' lang='lat' dir='ltr'><strong>eum,</strong></span> <span class='ocrx_word' id='word_1_591' title='bbox 3161 1742 3471 1799; x_wconf 90' lang='lat' dir='ltr'><strong>noluerunt</strong></span> <span class='ocrx_word' id='word_1_592' title='bbox 3492 1761 3625 1802; x_wconf 91' lang='lat' dir='ltr'><strong>eum</strong></span> <span class='ocrx_word' id='word_1_593' title='bbox 3651 1748 3911 1821; x_wconf 88' lang='lat' dir='ltr'><strong>accipere</strong></span> 
     </span>
    </p>
   </div>
   <div class='ocr_carea' id='block_1_79' title="bbox 2202 1816 3905 1907">
    <p class='ocr_par' dir='ltr' id='par_1_79' title="bbox 2202 1816 3905 1907">
     <span class='ocr_line' id='line_1_79' title="bbox 2202 1816 3905 1907; baseline 0.016 -38"><span class='ocrx_word' id='word_1_594' title='bbox 2202 1816 2485 1888; x_wconf 89' lang='lat' dir='ltr'><strong>dicentes,</strong></span> <span class='ocrx_word' id='word_1_595' title='bbox 2517 1823 2682 1878; x_wconf 80' lang='lat' dir='ltr'><strong>Nobis</strong></span> <span class='ocrx_word' id='word_1_596' title='bbox 2710 1841 2817 1880; x_wconf 85' lang='lat' dir='ltr'><strong>non</strong></span> <span class='ocrx_word' id='word_1_597' title='bbox 2850 1828 2974 1884; x_wconf 81' lang='lat' dir='ltr'><strong>licet</strong></span> <span class='ocrx_word' id='word_1_598' title='bbox 3003 1830 3301 1902; x_wconf 84' lang='lat' dir='ltr'><strong>interﬁcere</strong></span> <span class='ocrx_word' id='word_1_599' title='bbox 3328 1850 3675 1907; x_wconf 87' lang='lat' dir='ltr'><strong>quemquam.</strong></span> <span class='ocrx_word' id='word_1_600' title='bbox 3712 1816 3798 1896; x_wconf 76' lang='lat' dir='ltr'><strong>Ae</strong></span> <span class='ocrx_word' id='word_1_601' title='bbox 3822 1840 3905 1896; x_wconf 90' lang='lat' dir='ltr'><strong>sic</strong></span> 
     </span>
    </p>
   </div>
   <div class='ocr_carea' id='block_1_80' title="bbox 2198 1903 3898 1998">
    <p class='ocr_par' dir='ltr' id='par_1_80' title="bbox 2198 1903 3898 1998">
     <span class='ocr_line' id='line_1_80' title="bbox 2198 1903 3898 1998; baseline 0.016 -40"><span class='ocrx_word' id='word_1_602' title='bbox 2198 1903 2475 1977; x_wconf 88' lang='lat' dir='ltr'><strong>impletus</strong></span> <span class='ocrx_word' id='word_1_603' title='bbox 2498 1916 2583 1967; x_wconf 85' lang='lat' dir='ltr'><strong>est</strong></span> <span class='ocrx_word' id='word_1_604' title='bbox 2605 1929 2795 1970; x_wconf 88' lang='lat' dir='ltr'><strong>sermo</strong></span> <span class='ocrx_word' id='word_1_605' title='bbox 2817 1916 2978 1987; x_wconf 87' lang='lat' dir='ltr'><strong>Jesu,</strong></span> <span class='ocrx_word' id='word_1_606' title='bbox 2996 1936 3161 1990; x_wconf 90' lang='lat' dir='ltr'><strong>quem</strong></span> <span class='ocrx_word' id='word_1_607' title='bbox 3186 1920 3256 1976; x_wconf 89' lang='lat' dir='ltr'><strong>de</strong></span> <span class='ocrx_word' id='word_1_608' title='bbox 3278 1903 3383 1979; x_wconf 76' lang='lat' dir='ltr'><strong>sua</strong></span> <span class='ocrx_word' id='word_1_609' title='bbox 3406 1903 3588 1981; x_wconf 75' lang='lat' dir='ltr'><strong>morte</strong></span> <span class='ocrx_word' id='word_1_610' title='bbox 3614 1929 3898 1998; x_wconf 62' lang='lat' dir='ltr'><strong>praedixit,</strong></span> 
     </span>
    </p>
   </div>
   <div class='ocr_carea' id='block_1_81' title="bbox 2201 1999 3906 2084">
    <p class='ocr_par' dir='ltr' id='par_1_81' title="bbox 2201 1999 3906 2084">
     <span class='ocr_line' id='line_1_81' title="bbox 2201 1999 3906 2084; baseline 0.015 -37"><span class='ocrx_word' id='word_1_611' title='bbox 2201 2002 2261 2047; x_wconf 91' lang='lat' dir='ltr'><strong>ut</strong></span> <span class='ocrx_word' id='word_1_612' title='bbox 2292 2010 2423 2051; x_wconf 89' lang='lat' dir='ltr'><strong>eum</strong></span> <span class='ocrx_word' id='word_1_613' title='bbox 2458 2016 2487 2051; x_wconf 89' lang='lat' dir='ltr'><strong>a</strong></span> <span class='ocrx_word' id='word_1_614' title='bbox 2518 1999 2734 2057; x_wconf 69' lang='lat' dir='ltr'><strong>Judaiis</strong></span> <span class='ocrx_word' id='word_1_615' title='bbox 2768 2006 3045 2062; x_wconf 89' lang='lat' dir='ltr'><strong>traditum</strong></span> <span class='ocrx_word' id='word_1_616' title='bbox 3086 2008 3480 2068; x_wconf 88' lang='lat' dir='ltr'><strong>interﬁcerent</strong></span> <span class='ocrx_word' id='word_1_617' title='bbox 3513 2014 3756 2084; x_wconf 86' lang='lat' dir='ltr'><strong>Gentes;</strong></span> <span class='ocrx_word' id='word_1_618' title='bbox 3793 2018 3906 2072; x_wconf 87' lang='lat' dir='ltr'><strong>mi-</strong></span> 
     </span>
    </p>
   </div>
   <div class='ocr_carea' id='block_1_82' title="bbox 2200 2087 3903 2178">
    <p class='ocr_par' dir='ltr' id='par_1_82' title="bbox 2200 2087 3903 2178">
     <span class='ocr_line' id='line_1_82' title="bbox 2200 2087 3903 2178; baseline 0.015 -41"><span class='ocrx_word' id='word_1_619' title='bbox 2200 2099 2336 2140; x_wconf 90' lang='lat' dir='ltr'><strong>nore</strong></span> <span class='ocrx_word' id='word_1_620' title='bbox 2378 2087 2594 2145; x_wconf 89' lang='lat' dir='ltr'><strong>scelere</strong></span> <span class='ocrx_word' id='word_1_621' title='bbox 2637 2107 2811 2162; x_wconf 91' lang='lat' dir='ltr'><strong>quam</strong></span> <span class='ocrx_word' id='word_1_622' title='bbox 2862 2094 3073 2165; x_wconf 69' lang='lat' dir='ltr'><strong>Judaei,</strong></span> <span class='ocrx_word' id='word_1_623' title='bbox 3107 2098 3200 2168; x_wconf 90' lang='lat' dir='ltr'><strong>qui</strong></span> <span class='ocrx_word' id='word_1_624' title='bbox 3231 2116 3291 2154; x_wconf 90' lang='lat' dir='ltr'><strong>se</strong></span> <span class='ocrx_word' id='word_1_625' title='bbox 3322 2102 3435 2158; x_wconf 91' lang='lat' dir='ltr'><strong>isto</strong></span> <span class='ocrx_word' id='word_1_626' title='bbox 3470 2105 3637 2160; x_wconf 90' lang='lat' dir='ltr'><strong>modo</strong></span> <span class='ocrx_word' id='word_1_627' title='bbox 3672 2106 3742 2161; x_wconf 89' lang='lat' dir='ltr'><strong>ab</strong></span> <span class='ocrx_word' id='word_1_628' title='bbox 3775 2108 3903 2178; x_wconf 84' lang='lat' dir='ltr'><strong>ejus</strong></span> 
     </span>
    </p>
   </div>
   <div class='ocr_carea' id='block_1_83' title="bbox 2199 2173 3902 2261">
    <p class='ocr_par' dir='ltr' id='par_1_83' title="bbox 2199 2173 3902 2261">
     <span class='ocr_line' id='line_1_83' title="bbox 2199 2173 3902 2261; baseline 0.016 -36"><span class='ocrx_word' id='word_1_629' title='bbox 2199 2173 2598 2235; x_wconf 87' lang='lat' dir='ltr'><strong>interfectione</strong></span> <span class='ocrx_word' id='word_1_630' title='bbox 2628 2183 2783 2238; x_wconf 90' lang='lat' dir='ltr'><strong>velut</strong></span> <span class='ocrx_word' id='word_1_631' title='bbox 2832 2185 3054 2242; x_wconf 90' lang='lat' dir='ltr'><strong>alienos</strong></span> <span class='ocrx_word' id='word_1_632' title='bbox 3103 2189 3290 2245; x_wconf 85' lang='lat' dir='ltr'><strong>facere</strong></span> <span class='ocrx_word' id='word_1_633' title='bbox 3318 2191 3642 2261; x_wconf 89' lang='lat' dir='ltr'><strong>voluerunt,</strong></span> <span class='ocrx_word' id='word_1_634' title='bbox 3678 2212 3791 2251; x_wconf 90' lang='lat' dir='ltr'><strong>non</strong></span> <span class='ocrx_word' id='word_1_635' title='bbox 3841 2202 3902 2251; x_wconf 92' lang='lat' dir='ltr'><strong>ut</strong></span> 
     </span>
    </p>
   </div>
   <div class='ocr_carea' id='block_1_84' title="bbox 2196 2268 3803 2341">
    <p class='ocr_par' dir='ltr' id='par_1_84' title="bbox 2196 2268 3803 2341">
     <span class='ocr_line' id='line_1_84' title="bbox 2196 2268 3803 2341; baseline 0.014 -23"><span class='ocrx_word' id='word_1_636' title='bbox 2196 2278 2395 2322; x_wconf 90' lang='lat' dir='ltr'><strong>eorum</strong></span> <span class='ocrx_word' id='word_1_637' title='bbox 2428 2268 2775 2338; x_wconf 86' lang='lat' dir='ltr'><strong>innocentia,</strong></span> <span class='ocrx_word' id='word_1_638' title='bbox 2809 2274 2909 2329; x_wconf 92' lang='lat' dir='ltr'><strong>sed</strong></span> <span class='ocrx_word' id='word_1_639' title='bbox 2945 2282 3007 2330; x_wconf 89' lang='lat' dir='ltr'><strong>ut</strong></span> <span class='ocrx_word' id='word_1_640' title='bbox 3036 2277 3327 2335; x_wconf 88' lang='lat' dir='ltr'><strong>dementia</strong></span> <span class='ocrx_word' id='word_1_641' title='bbox 3360 2289 3803 2341; x_wconf 87' lang='lat' dir='ltr'><strong>monstraretur.</strong></span> 
     </span>
    </p>
   </div>
   <div class='ocr_carea' id='block_1_85' title="bbox 2754 2401 3377 2463">
    <p class='ocr_par' dir='ltr' id='par_1_85' title="bbox 2754 2401 3377 2463">
     <span class='ocr_line' id='line_1_85' title="bbox 2754 2401 3377 2463; baseline 0.01 -7"><span class='ocrx_word' id='word_1_642' title='bbox 2754 2401 3178 2461; x_wconf 85' lang='lat' dir='ltr'><strong>TRACTATUS</strong></span> <span class='ocrx_word' id='word_1_643' title='bbox 3219 2405 3377 2463; x_wconf 82' lang='lat' dir='ltr'><strong>CXV.</strong></span> 
     </span>
    </p>
   </div>
   <div class='ocr_carea' id='block_1_86' title="bbox 2193 2500 3895 2588">
    <p class='ocr_par' dir='ltr' id='par_1_86' title="bbox 2193 2500 3895 2588">
     <span class='ocr_line' id='line_1_86' title="bbox 2193 2500 3895 2588; baseline 0.013 -33"><span class='ocrx_word' id='word_1_644' title='bbox 2193 2500 2267 2557; x_wconf 84' lang='lat' dir='ltr'><strong>De</strong></span> <span class='ocrx_word' id='word_1_645' title='bbox 2284 2517 2344 2557; x_wconf 87' lang='lat' dir='ltr'><strong>eo</strong></span> <span class='ocrx_word' id='word_1_646' title='bbox 2364 2506 2504 2574; x_wconf 81' lang='lat' dir='ltr'><strong>quod</strong></span> <span class='ocrx_word' id='word_1_647' title='bbox 2523 2505 2750 2574; x_wconf 84' lang='lat' dir='ltr'><strong>dicitur,</strong></span> <span class='ocrx_word' id='word_1_648' title='bbox 2769 2508 3032 2566; x_wconf 89' lang='lat' dir='ltr'><strong>Introivit</strong></span> <span class='ocrx_word' id='word_1_649' title='bbox 3057 2527 3192 2585; x_wconf 89' lang='lat' dir='ltr'><strong>ergo</strong></span> <span class='ocrx_word' id='word_1_650' title='bbox 3223 2512 3433 2570; x_wconf 87' lang='lat' dir='ltr'><strong>iterum</strong></span> <span class='ocrx_word' id='word_1_651' title='bbox 3465 2515 3524 2570; x_wconf 92' lang='lat' dir='ltr'><strong>in</strong></span> <span class='ocrx_word' id='word_1_652' title='bbox 3559 2520 3895 2588; x_wconf 68' lang='lat' dir='ltr'><strong>praetorium</strong></span> 
     </span>
    </p>
   </div>
   <div class='ocr_carea' id='block_1_87' title="bbox 2262 2591 3896 2670">
    <p class='ocr_par' dir='ltr' id='par_1_87' title="bbox 2262 2591 3896 2670">
     <span class='ocr_line' id='line_1_87' title="bbox 2262 2591 3896 2670; baseline 0.012 -24"><span class='ocrx_word' id='word_1_653' title='bbox 2262 2591 2519 2663; x_wconf 89' lang='lat' dir='ltr'><strong>Pilatus;</strong></span> <span class='ocrx_word' id='word_1_654' title='bbox 2550 2612 2721 2669; x_wconf 76' lang='lat' dir='ltr'><strong>usque</strong></span> <span class='ocrx_word' id='word_1_655' title='bbox 2749 2599 2820 2654; x_wconf 87' lang='lat' dir='ltr'><strong>ad</strong></span> <span class='ocrx_word' id='word_1_656' title='bbox 2849 2598 2927 2670; x_wconf 81' lang='lat' dir='ltr'><strong>id,</strong></span> <span class='ocrx_word' id='word_1_657' title='bbox 2961 2601 3093 2657; x_wconf 89' lang='lat' dir='ltr'><strong>Erat</strong></span> <span class='ocrx_word' id='word_1_658' title='bbox 3141 2606 3338 2659; x_wconf 89' lang='lat' dir='ltr'><strong>autem</strong></span> <span class='ocrx_word' id='word_1_659' title='bbox 3387 2604 3683 2661; x_wconf 86' lang='lat' dir='ltr'><strong>Barabbas</strong></span> <span class='ocrx_word' id='word_1_660' title='bbox 3727 2607 3896 2667; x_wconf 90' lang='lat' dir='ltr'><strong>latro.</strong></span> 
     </span>
    </p>
   </div>
   <div class='ocr_carea' id='block_1_88' title="bbox 2267 2680 2910 2757">
    <p class='ocr_par' dir='ltr' id='par_1_88' title="bbox 2267 2680 2910 2757">
     <span class='ocr_line' id='line_1_88' title="bbox 2267 2680 2910 2757; baseline 0.016 -22"><span class='ocrx_word' id='word_1_661' title='bbox 2267 2680 2405 2754; x_wconf 85' lang='lat' dir='ltr'><strong>Cap.</strong></span> <span class='ocrx_word' id='word_1_662' title='bbox 2434 2700 2595 2757; x_wconf 81' lang='lat' dir='ltr'><strong>xvm,</strong></span> <span class='ocrx_word' id='word_1_663' title='bbox 2630 2688 2683 2755; x_wconf 60' lang='grc' dir='ltr'><strong>ᾖ.</strong></span> <span class='ocrx_word' id='word_1_664' title='bbox 2714 2688 2910 2745; x_wconf 80' lang='grc'>33-40.</span> 
     </span>
    </p>
   </div>
   <div class='ocr_carea' id='block_1_89' title="bbox 2264 2816 3894 2894">
    <p class='ocr_par' dir='ltr' id='par_1_89' title="bbox 2264 2816 3894 2894">
     <span class='ocr_line' id='line_1_89' title="bbox 2264 2816 3894 2894; baseline 0.007 -24"><span class='ocrx_word' id='word_1_665' title='bbox 2264 2818 2310 2871; x_wconf 94' lang='grc'><strong>1.</strong></span> <span class='ocrx_word' id='word_1_666' title='bbox 2346 2818 2489 2883; x_wconf 89' lang='lat' dir='ltr'><strong>Quid</strong></span> <span class='ocrx_word' id='word_1_667' title='bbox 2536 2816 2757 2874; x_wconf 87' lang='lat' dir='ltr'><strong>Pilatus</strong></span> <span class='ocrx_word' id='word_1_668' title='bbox 2804 2819 3011 2875; x_wconf 85' lang='lat' dir='ltr'><strong>dixerit</strong></span> <span class='ocrx_word' id='word_1_669' title='bbox 3056 2818 3306 2889; x_wconf 89' lang='lat' dir='ltr'><strong>Christo,</strong></span> <span class='ocrx_word' id='word_1_670' title='bbox 3341 2820 3550 2894; x_wconf 83' lang='lat' dir='ltr'><strong>quidve</strong></span> <span class='ocrx_word' id='word_1_671' title='bbox 3587 2821 3768 2881; x_wconf 86' lang='lat' dir='ltr'><strong>Pilato</strong></span> <span class='ocrx_word' id='word_1_672' title='bbox 3796 2824 3894 2882; x_wconf 88' lang='lat' dir='ltr'><strong>ille</strong></span> 
     </span>
    </p>
   </div>
   <div class='ocr_carea' id='block_1_90' title="bbox 2187 2910 3888 2986">
    <p class='ocr_par' dir='ltr' id='par_1_90' title="bbox 2187 2910 3888 2986">
     <span class='ocr_line' id='line_1_90' title="bbox 2187 2910 3888 2986; baseline 0.006 -23"><span class='ocrx_word' id='word_1_673' title='bbox 2187 2911 2571 2978; x_wconf 82' lang='lat' dir='ltr'><strong>responderit,</strong></span> <span class='ocrx_word' id='word_1_674' title='bbox 2604 2910 2714 2965; x_wconf 86' lang='lat' dir='ltr'><strong>isto</strong></span> <span class='ocrx_word' id='word_1_675' title='bbox 2746 2927 3014 2968; x_wconf 90' lang='lat' dir='ltr'><strong>sermone</strong></span> <span class='ocrx_word' id='word_1_676' title='bbox 3044 2914 3537 2969; x_wconf 87' lang='lat' dir='ltr'><strong>considerandum</strong></span> <span class='ocrx_word' id='word_1_677' title='bbox 3569 2922 3743 2986; x_wconf 85' lang='lat' dir='ltr'><strong>atque</strong></span> <span class='ocrx_word' id='word_1_678' title='bbox 3778 2926 3888 2973; x_wconf 84' lang='lat' dir='ltr'><strong>tra-</strong></span> 
     </span>
    </p>
   </div>
   <div class='ocr_carea' id='block_1_91' title="bbox 2187 2998 3891 3074">
    <p class='ocr_par' dir='ltr' id='par_1_91' title="bbox 2187 2998 3891 3074">
     <span class='ocr_line' id='line_1_91' title="bbox 2187 2998 3891 3074; baseline 0.005 -21"><span class='ocrx_word' id='word_1_679' title='bbox 2187 2998 2462 3053; x_wconf 89' lang='lat' dir='ltr'><strong>ctandum</strong></span> <span class='ocrx_word' id='word_1_680' title='bbox 2497 3005 2604 3054; x_wconf 86' lang='lat' dir='ltr'><strong>est.</strong></span> <span class='ocrx_word' id='word_1_681' title='bbox 2626 3001 2766 3055; x_wconf 89' lang='lat' dir='ltr'><strong>Cum</strong></span> <span class='ocrx_word' id='word_1_682' title='bbox 2793 3001 2945 3055; x_wconf 90' lang='lat' dir='ltr'><strong>enim</strong></span> <span class='ocrx_word' id='word_1_683' title='bbox 2972 3003 3193 3057; x_wconf 90' lang='lat' dir='ltr'><strong>dictum</strong></span> <span class='ocrx_word' id='word_1_684' title='bbox 3228 3014 3379 3060; x_wconf 87' lang='lat' dir='ltr'><strong>esset</strong></span> <span class='ocrx_word' id='word_1_685' title='bbox 3408 3003 3649 3074; x_wconf 68' lang='lat' dir='ltr'><strong>Judaais,</strong></span> <span class='ocrx_word' id='word_1_686' title='bbox 3675 3029 3701 3056; x_wconf 85' lang='grc'><strong>‹‹</strong></span> <span class='ocrx_word' id='word_1_687' title='bbox 3732 3009 3891 3062; x_wconf 77' lang='lat' dir='ltr'><strong>Acci-</strong></span> 
     </span>
    </p>
   </div>
   <div class='ocr_carea' id='block_1_92' title="bbox 2184 3084 3889 3161">
    <p class='ocr_par' dir='ltr' id='par_1_92' title="bbox 2184 3084 3889 3161">
     <span class='ocr_line' id='line_1_92' title="bbox 2184 3084 3889 3161; baseline 0.007 -22"><span class='ocrx_word' id='word_1_688' title='bbox 2184 3084 2299 3156; x_wconf 90' lang='lat' dir='ltr'><strong>pite</strong></span> <span class='ocrx_word' id='word_1_689' title='bbox 2330 3102 2463 3141; x_wconf 86' lang='lat' dir='ltr'><strong>eum</strong></span> <span class='ocrx_word' id='word_1_690' title='bbox 2495 3104 2616 3155; x_wconf 90' lang='lat' dir='ltr'><strong>vos,</strong></span> <span class='ocrx_word' id='word_1_691' title='bbox 2640 3101 2692 3145; x_wconf 85' lang='lat' dir='ltr'><strong>et</strong></span> <span class='ocrx_word' id='word_1_692' title='bbox 2732 3090 3056 3146; x_wconf 84' lang='lat' dir='ltr'><strong>secundum</strong></span> <span class='ocrx_word' id='word_1_693' title='bbox 3099 3092 3299 3161; x_wconf 78' lang='lat' dir='ltr'><strong>Legem</strong></span> <span class='ocrx_word' id='word_1_694' title='bbox 3344 3098 3593 3149; x_wconf 85' lang='lat' dir='ltr'><strong>vestram</strong></span> <span class='ocrx_word' id='word_1_695' title='bbox 3629 3096 3889 3161; x_wconf 82' lang='lat' dir='ltr'><strong>judicate</strong></span> 
     </span>
    </p>
   </div>
   <div class='ocr_carea' id='block_1_93' title="bbox 2181 3177 3886 3250">
    <p class='ocr_par' dir='ltr' id='par_1_93' title="bbox 2181 3177 3886 3250">
     <span class='ocr_line' id='line_1_93' title="bbox 2181 3177 3886 3250; baseline 0.006 -19"><span class='ocrx_word' id='word_1_696' title='bbox 2181 3192 2313 3231; x_wconf 91' lang='lat' dir='ltr'><strong>eum</strong></span> <span class='ocrx_word' id='word_1_697' title='bbox 2350 3199 2378 3226; x_wconf 82' lang='lat'><strong><em>»</em></strong></span> <span class='ocrx_word' id='word_1_698' title='bbox 2414 3184 2587 3249; x_wconf 88' lang='lat' dir='ltr'><strong>atque</strong></span> <span class='ocrx_word' id='word_1_699' title='bbox 2619 3177 2703 3233; x_wconf 91' lang='lat' dir='ltr'><strong>illi</strong></span> <span class='ocrx_word' id='word_1_700' title='bbox 2735 3179 3195 3250; x_wconf 66' lang='lat' dir='ltr'><strong>respondissent,</strong></span> <span class='ocrx_word' id='word_1_701' title='bbox 3223 3181 3452 3238; x_wconf 83' lang='lat' dir='ltr'><strong>«Nobis</strong></span> <span class='ocrx_word' id='word_1_702' title='bbox 3484 3199 3596 3238; x_wconf 91' lang='lat' dir='ltr'><strong>non</strong></span> <span class='ocrx_word' id='word_1_703' title='bbox 3633 3184 3764 3240; x_wconf 81' lang='lat' dir='ltr'><strong>licet</strong></span> <span class='ocrx_word' id='word_1_704' title='bbox 3797 3203 3886 3241; x_wconf 65' lang='grc' dir='ltr'><strong>(νος</strong></span> 
     </span>
    </p>
   </div>
   <div class='ocr_carea' id='block_1_94' title="bbox 2180 3267 3881 3341">
    <p class='ocr_par' dir='ltr' id='par_1_94' title="bbox 2180 3267 3881 3341">
     <span class='ocr_line' id='line_1_94' title="bbox 2180 3267 3881 3341; baseline 0.004 -19"><span class='ocrx_word' id='word_1_705' title='bbox 2180 3267 2370 3323; x_wconf 90' lang='lat' dir='ltr'><strong>cidere</strong></span> <span class='ocrx_word' id='word_1_706' title='bbox 2401 3284 2756 3339; x_wconf 85' lang='lat' dir='ltr'><strong>quemquam</strong></span> <span class='ocrx_word' id='word_1_707' title='bbox 2785 3285 2799 3335; x_wconf 95' lang='lat'><strong>;</strong></span> <span class='ocrx_word' id='word_1_708' title='bbox 2826 3269 3083 3324; x_wconf 89' lang='lat' dir='ltr'><strong>introivit</strong></span> <span class='ocrx_word' id='word_1_709' title='bbox 3106 3269 3315 3323; x_wconf 86' lang='lat' dir='ltr'><strong>iterum</strong></span> <span class='ocrx_word' id='word_1_710' title='bbox 3342 3271 3399 3325; x_wconf 91' lang='lat' dir='ltr'><strong>in</strong></span> <span class='ocrx_word' id='word_1_711' title='bbox 3426 3273 3757 3341; x_wconf 69' lang='lat' dir='ltr'><strong>praetorium</strong></span> <span class='ocrx_word' id='word_1_712' title='bbox 3785 3276 3881 3328; x_wconf 85' lang='lat' dir='ltr'><strong>Pi-</strong></span> 
     </span>
    </p>
   </div>
   <div class='ocr_carea' id='block_1_95' title="bbox 2175 3356 3881 3425">
    <p class='ocr_par' dir='ltr' id='par_1_95' title="bbox 2175 3356 3881 3425">
     <span class='ocr_line' id='line_1_95' title="bbox 2175 3356 3881 3425; baseline 0.002 -12"><span class='ocrx_word' id='word_1_713' title='bbox 2175 3356 2345 3425; x_wconf 85' lang='lat' dir='ltr'><strong>latus,</strong></span> <span class='ocrx_word' id='word_1_714' title='bbox 2380 3364 2431 3414; x_wconf 89' lang='lat' dir='ltr'><strong>et</strong></span> <span class='ocrx_word' id='word_1_715' title='bbox 2480 3360 2698 3415; x_wconf 79' lang='lat' dir='ltr'><strong>voeavit</strong></span> <span class='ocrx_word' id='word_1_716' title='bbox 2725 3358 2947 3422; x_wconf 90' lang='lat' dir='ltr'><strong>Jesum,</strong></span> <span class='ocrx_word' id='word_1_717' title='bbox 2982 3363 3037 3413; x_wconf 90' lang='lat' dir='ltr'><strong>et</strong></span> <span class='ocrx_word' id='word_1_718' title='bbox 3069 3357 3212 3413; x_wconf 87' lang='lat' dir='ltr'><strong>dixit</strong></span> <span class='ocrx_word' id='word_1_719' title='bbox 3260 3358 3309 3413; x_wconf 91' lang='lat' dir='ltr'><strong>ei</strong></span> <span class='ocrx_word' id='word_1_720' title='bbox 3345 3373 3359 3413; x_wconf 88' lang='lat'><strong>:</strong></span> <span class='ocrx_word' id='word_1_721' title='bbox 3402 3360 3487 3415; x_wconf 92' lang='lat' dir='ltr'><strong>Tu</strong></span> <span class='ocrx_word' id='word_1_722' title='bbox 3531 3375 3593 3416; x_wconf 87' lang='lat' dir='ltr'><strong>es</strong></span> <span class='ocrx_word' id='word_1_723' title='bbox 3641 3379 3732 3417; x_wconf 82' lang='lat' dir='ltr'><strong>rex</strong></span> <span class='ocrx_word' id='word_1_724' title='bbox 3777 3363 3881 3417; x_wconf 87' lang='lat' dir='ltr'><strong>Ju-</strong></span> 
     </span>
    </p>
   </div>
   <div class='ocr_carea' id='block_1_96' title="bbox 2175 3447 3876 3520">
    <p class='ocr_par' dir='ltr' id='par_1_96' title="bbox 2175 3447 3876 3520">
     <span class='ocr_line' id='line_1_96' title="bbox 2175 3447 3876 3520; baseline 0.001 -17"><span class='ocrx_word' id='word_1_725' title='bbox 2175 3449 2478 3504; x_wconf 77' lang='lat' dir='ltr'><strong>dssorum?</strong></span> <span class='ocrx_word' id='word_1_726' title='bbox 2510 3450 2575 3504; x_wconf 89' lang='lat' dir='ltr'><strong>Et</strong></span> <span class='ocrx_word' id='word_1_727' title='bbox 2608 3447 3091 3520; x_wconf 88' lang='lat' dir='ltr'><strong>responditJesus</strong></span> <span class='ocrx_word' id='word_1_728' title='bbox 3114 3466 3127 3503; x_wconf 92' lang='lat'><strong>:</strong></span> <span class='ocrx_word' id='word_1_729' title='bbox 3154 3450 3199 3503; x_wconf 84' lang='lat' dir='ltr'><strong>A</strong></span> <span class='ocrx_word' id='word_1_730' title='bbox 3233 3449 3536 3520; x_wconf 88' lang='lat' dir='ltr'><strong>temetipso</strong></span> <span class='ocrx_word' id='word_1_731' title='bbox 3569 3448 3678 3503; x_wconf 89' lang='lat' dir='ltr'><strong>hoc</strong></span> <span class='ocrx_word' id='word_1_732' title='bbox 3710 3451 3876 3520; x_wconf 82' lang='lat' dir='ltr'><strong>dicis,</strong></span> 
     </span>
    </p>
   </div>
   <div class='ocr_carea' id='block_1_97' title="bbox 2173 3537 3877 3610">
    <p class='ocr_par' dir='ltr' id='par_1_97' title="bbox 2173 3537 3877 3610">
     <span class='ocr_line' id='line_1_97' title="bbox 2173 3537 3877 3610; baseline -0.001 -15"><span class='ocrx_word' id='word_1_733' title='bbox 2173 3557 2245 3595; x_wconf 89' lang='lat' dir='ltr'><strong>an</strong></span> <span class='ocrx_word' id='word_1_734' title='bbox 2271 3539 2370 3594; x_wconf 92' lang='lat' dir='ltr'><strong>alii</strong></span> <span class='ocrx_word' id='word_1_735' title='bbox 2395 3539 2494 3593; x_wconf 88' lang='lat' dir='ltr'><strong>tibi</strong></span> <span class='ocrx_word' id='word_1_736' title='bbox 2520 3540 2790 3594; x_wconf 84' lang='lat' dir='ltr'><strong>dixerunt</strong></span> <span class='ocrx_word' id='word_1_737' title='bbox 2814 3539 2884 3595; x_wconf 91' lang='lat' dir='ltr'><strong>de</strong></span> <span class='ocrx_word' id='word_1_738' title='bbox 2909 3538 3038 3594; x_wconf 82' lang='lat' dir='ltr'><strong>me?</strong></span> <span class='ocrx_word' id='word_1_739' title='bbox 3066 3561 3094 3588; x_wconf 85' lang='lat'>»</span> <span class='ocrx_word' id='word_1_740' title='bbox 3116 3538 3346 3594; x_wconf 85' lang='lat' dir='ltr'><strong>Sciebat</strong></span> <span class='ocrx_word' id='word_1_741' title='bbox 3377 3539 3576 3610; x_wconf 87' lang='lat' dir='ltr'><strong>utique</strong></span> <span class='ocrx_word' id='word_1_742' title='bbox 3599 3537 3877 3594; x_wconf 82' lang='lat' dir='ltr'><strong>Dominus</strong></span> 
     </span>
    </p>
   </div>
   <div class='ocr_carea' id='block_1_98' title="bbox 2170 3628 3875 3701">
    <p class='ocr_par' dir='ltr' id='par_1_98' title="bbox 2170 3628 3875 3701">
     <span class='ocr_line' id='line_1_98' title="bbox 2170 3628 3875 3701; baseline -0.001 -17"><span class='ocrx_word' id='word_1_743' title='bbox 2170 3634 2227 3685; x_wconf 91' lang='lat' dir='ltr'><strong>et</strong></span> <span class='ocrx_word' id='word_1_744' title='bbox 2259 3629 2413 3700; x_wconf 88' lang='lat' dir='ltr'><strong>quod</strong></span> <span class='ocrx_word' id='word_1_745' title='bbox 2460 3630 2587 3700; x_wconf 86' lang='lat' dir='ltr'><strong>ipse</strong></span> <span class='ocrx_word' id='word_1_746' title='bbox 2620 3629 3013 3700; x_wconf 81' lang='lat' dir='ltr'><strong>interrogavit,</strong></span> <span class='ocrx_word' id='word_1_747' title='bbox 3044 3634 3101 3684; x_wconf 89' lang='lat' dir='ltr'><strong>et</strong></span> <span class='ocrx_word' id='word_1_748' title='bbox 3141 3630 3291 3701; x_wconf 90' lang='lat' dir='ltr'><strong>quod</strong></span> <span class='ocrx_word' id='word_1_749' title='bbox 3343 3628 3440 3684; x_wconf 89' lang='lat' dir='ltr'><strong>ille</strong></span> <span class='ocrx_word' id='word_1_750' title='bbox 3487 3644 3875 3700; x_wconf 84' lang='lat' dir='ltr'><strong>responsurus</strong></span> 
     </span>
    </p>
   </div>
   <div class='ocr_carea' id='block_1_99' title="bbox 2168 3718 3875 3790">
    <p class='ocr_par' dir='ltr' id='par_1_99' title="bbox 2168 3718 3875 3790">
     <span class='ocr_line' id='line_1_99' title="bbox 2168 3718 3875 3790; baseline -0.001 -16"><span class='ocrx_word' id='word_1_751' title='bbox 2168 3719 2314 3787; x_wconf 85' lang='lat' dir='ltr'><strong>fuit;</strong></span> <span class='ocrx_word' id='word_1_752' title='bbox 2342 3721 2437 3775; x_wconf 90' lang='lat' dir='ltr'><strong>sed</strong></span> <span class='ocrx_word' id='word_1_753' title='bbox 2464 3726 2652 3775; x_wconf 89' lang='lat' dir='ltr'><strong>tamen</strong></span> <span class='ocrx_word' id='word_1_754' title='bbox 2675 3719 2787 3774; x_wconf 90' lang='lat' dir='ltr'><strong>dici</strong></span> <span class='ocrx_word' id='word_1_755' title='bbox 2818 3719 3017 3783; x_wconf 80' lang='lat' dir='ltr'><strong>voluit.</strong></span> <span class='ocrx_word' id='word_1_756' title='bbox 3046 3735 3160 3774; x_wconf 87' lang='lat' dir='ltr'><strong>non</strong></span> <span class='ocrx_word' id='word_1_757' title='bbox 3204 3723 3269 3773; x_wconf 89' lang='lat' dir='ltr'><strong>ut</strong></span> <span class='ocrx_word' id='word_1_758' title='bbox 3308 3719 3432 3790; x_wconf 89' lang='lat' dir='ltr'><strong>ipse</strong></span> <span class='ocrx_word' id='word_1_759' title='bbox 3456 3718 3651 3786; x_wconf 91' lang='lat' dir='ltr'><strong>sciret,</strong></span> <span class='ocrx_word' id='word_1_760' title='bbox 3678 3719 3776 3773; x_wconf 85' lang='lat' dir='ltr'><strong>sed</strong></span> <span class='ocrx_word' id='word_1_761' title='bbox 3815 3725 3875 3773; x_wconf 91' lang='lat' dir='ltr'><strong>ut</strong></span> 
     </span>
    </p>
   </div>
   <div class='ocr_carea' id='block_1_100' title="bbox 2167 3808 3874 3881">
    <p class='ocr_par' dir='ltr' id='par_1_100' title="bbox 2167 3808 3874 3881">
     <span class='ocr_line' id='line_1_100' title="bbox 2167 3808 3874 3881; baseline -0.001 -16"><span class='ocrx_word' id='word_1_762' title='bbox 2167 3808 2520 3865; x_wconf 88' lang='lat' dir='ltr'><strong>scriberetur</strong></span> <span class='ocrx_word' id='word_1_763' title='bbox 2552 3811 2705 3881; x_wconf 86' lang='lat' dir='ltr'><strong>quod</strong></span> <span class='ocrx_word' id='word_1_764' title='bbox 2741 3826 2842 3865; x_wconf 90' lang='lat' dir='ltr'><strong>nos</strong></span> <span class='ocrx_word' id='word_1_765' title='bbox 2865 3809 3047 3865; x_wconf 90' lang='lat' dir='ltr'><strong>voluit</strong></span> <span class='ocrx_word' id='word_1_766' title='bbox 3079 3813 3141 3864; x_wconf 87' lang='lat' dir='ltr'><strong>ut</strong></span> <span class='ocrx_word' id='word_1_767' title='bbox 3161 3810 3463 3865; x_wconf 83' lang='lat' dir='ltr'><strong>sciremus.</strong></span> <span class='ocrx_word' id='word_1_768' title='bbox 3509 3830 3533 3862; x_wconf 75' lang='grc' dir='ltr'><strong>ι</strong></span> <span class='ocrx_word' id='word_1_769' title='bbox 3558 3809 3874 3881; x_wconf 79' lang='lat' dir='ltr'><strong>Respondit</strong></span> 
     </span>
    </p>
   </div>
   <div class='ocr_carea' id='block_1_101' title="bbox 2168 3896 3875 3969">
    <p class='ocr_par' dir='ltr' id='par_1_101' title="bbox 2168 3896 3875 3969">
     <span class='ocr_line' id='line_1_101' title="bbox 2168 3896 3875 3969; baseline -0.002 -16"><span class='ocrx_word' id='word_1_770' title='bbox 2168 3898 2384 3953; x_wconf 89' lang='lat' dir='ltr'><strong>Pilatus</strong></span> <span class='ocrx_word' id='word_1_771' title='bbox 2411 3914 2424 3952; x_wconf 91' lang='lat'><strong>:</strong></span> <span class='ocrx_word' id='word_1_772' title='bbox 2451 3897 2743 3969; x_wconf 84' lang='lat' dir='ltr'><strong>Numquid</strong></span> <span class='ocrx_word' id='word_1_773' title='bbox 2770 3913 2875 3969; x_wconf 86' lang='lat' dir='ltr'><strong>ego</strong></span> <span class='ocrx_word' id='word_1_774' title='bbox 2896 3896 3133 3952; x_wconf 84' lang='lat' dir='ltr'><strong>Judaeus</strong></span> <span class='ocrx_word' id='word_1_775' title='bbox 3154 3913 3282 3952; x_wconf 88' lang='lat' dir='ltr'><strong>sum</strong></span> <span class='ocrx_word' id='word_1_776' title='bbox 3303 3896 3332 3950; x_wconf 86' lang='lat'><strong>?</strong></span> <span class='ocrx_word' id='word_1_777' title='bbox 3352 3896 3507 3953; x_wconf 89' lang='lat' dir='ltr'><strong>Gens</strong></span> <span class='ocrx_word' id='word_1_778' title='bbox 3528 3902 3626 3952; x_wconf 90' lang='lat' dir='ltr'><strong>tua</strong></span> <span class='ocrx_word' id='word_1_779' title='bbox 3648 3900 3703 3951; x_wconf 88' lang='lat' dir='ltr'><strong>et</strong></span> <span class='ocrx_word' id='word_1_780' title='bbox 3727 3912 3875 3966; x_wconf 83' lang='lat' dir='ltr'><strong>pon—</strong></span> 
     </span>
    </p>
   </div>
   <div class='ocr_carea' id='block_1_102' title="bbox 2167 3986 3873 4058">
    <p class='ocr_par' dir='ltr' id='par_1_102' title="bbox 2167 3986 3873 4058">
     <span class='ocr_line' id='line_1_102' title="bbox 2167 3986 3873 4058; baseline -0.003 -14"><span class='ocrx_word' id='word_1_781' title='bbox 2167 3988 2355 4044; x_wconf 86' lang='lat' dir='ltr'><strong>tifices</strong></span> <span class='ocrx_word' id='word_1_782' title='bbox 2388 3988 2748 4043; x_wconf 89' lang='lat' dir='ltr'><strong>tradiderunt</strong></span> <span class='ocrx_word' id='word_1_783' title='bbox 2779 3993 2833 4044; x_wconf 89' lang='lat' dir='ltr'><strong>te</strong></span> <span class='ocrx_word' id='word_1_784' title='bbox 2867 3986 3009 4042; x_wconf 88' lang='lat' dir='ltr'><strong>mihi</strong></span> <span class='ocrx_word' id='word_1_785' title='bbox 3046 4003 3059 4043; x_wconf 92' lang='lat'><strong>:</strong></span> <span class='ocrx_word' id='word_1_786' title='bbox 3093 3987 3248 4058; x_wconf 91' lang='lat' dir='ltr'><strong>quod</strong></span> <span class='ocrx_word' id='word_1_787' title='bbox 3283 3987 3516 4043; x_wconf 87' lang='lat' dir='ltr'><strong>fecisti?</strong></span> <span class='ocrx_word' id='word_1_788' title='bbox 3555 3986 3873 4057; x_wconf 80' lang='lat' dir='ltr'><strong>Respondit</strong></span> 
     </span>
    </p>
   </div>
   <div class='ocr_carea' id='block_1_103' title="bbox 2168 4075 3869 4150">
    <p class='ocr_par' dir='ltr' id='par_1_103' title="bbox 2168 4075 3869 4150">
     <span class='ocr_line' id='line_1_103' title="bbox 2168 4075 3869 4150; baseline -0.005 -14"><span class='ocrx_word' id='word_1_789' title='bbox 2168 4079 2339 4136; x_wconf 87' lang='lat' dir='ltr'><strong>Jesus</strong></span> <span class='ocrx_word' id='word_1_790' title='bbox 2374 4096 2387 4135; x_wconf 90' lang='lat'><strong>:</strong></span> <span class='ocrx_word' id='word_1_791' title='bbox 2423 4078 2687 4150; x_wconf 79' lang='lat' dir='ltr'><strong>Regnum</strong></span> <span class='ocrx_word' id='word_1_792' title='bbox 2723 4094 2919 4134; x_wconf 91' lang='lat' dir='ltr'><strong>meum</strong></span> <span class='ocrx_word' id='word_1_793' title='bbox 2954 4095 3065 4133; x_wconf 89' lang='lat' dir='ltr'><strong>non</strong></span> <span class='ocrx_word' id='word_1_794' title='bbox 3097 4082 3185 4133; x_wconf 90' lang='lat' dir='ltr'><strong>est</strong></span> <span class='ocrx_word' id='word_1_795' title='bbox 3216 4077 3286 4132; x_wconf 91' lang='lat' dir='ltr'><strong>de</strong></span> <span class='ocrx_word' id='word_1_796' title='bbox 3317 4076 3425 4133; x_wconf 88' lang='lat' dir='ltr'><strong>hoc</strong></span> <span class='ocrx_word' id='word_1_797' title='bbox 3460 4078 3696 4132; x_wconf 88' lang='lat' dir='ltr'><strong>mundo.</strong></span> <span class='ocrx_word' id='word_1_798' title='bbox 3721 4075 3778 4130; x_wconf 89' lang='lat' dir='ltr'><strong>Si</strong></span> <span class='ocrx_word' id='word_1_799' title='bbox 3806 4093 3869 4129; x_wconf 76' lang='lat' dir='ltr'><strong>ex</strong></span> 
     </span>
    </p>
   </div>
   <div class='ocr_carea' id='block_1_104' title="bbox 2166 4166 3869 4241">
    <p class='ocr_par' dir='ltr' id='par_1_104' title="bbox 2166 4166 3869 4241">
     <span class='ocr_line' id='line_1_104' title="bbox 2166 4166 3869 4241; baseline -0.004 -17"><span class='ocrx_word' id='word_1_800' title='bbox 2166 4168 2275 4226; x_wconf 85' lang='lat' dir='ltr'><strong>hoc</strong></span> <span class='ocrx_word' id='word_1_801' title='bbox 2301 4169 2515 4225; x_wconf 89' lang='lat' dir='ltr'><strong>mundo</strong></span> <span class='ocrx_word' id='word_1_802' title='bbox 2536 4178 2682 4225; x_wconf 86' lang='lat' dir='ltr'><strong>esset</strong></span> <span class='ocrx_word' id='word_1_803' title='bbox 2704 4184 2944 4241; x_wconf 80' lang='lat' dir='ltr'><strong>regnum</strong></span> <span class='ocrx_word' id='word_1_804' title='bbox 2977 4183 3197 4236; x_wconf 88' lang='lat' dir='ltr'><strong>meum,</strong></span> <span class='ocrx_word' id='word_1_805' title='bbox 3224 4166 3480 4223; x_wconf 90' lang='lat' dir='ltr'><strong>ministri</strong></span> <span class='ocrx_word' id='word_1_806' title='bbox 3522 4166 3636 4220; x_wconf 91' lang='lat' dir='ltr'><strong>mei</strong></span> <span class='ocrx_word' id='word_1_807' title='bbox 3671 4166 3869 4235; x_wconf 84' lang='lat' dir='ltr'><strong>utique</strong></span> 
     </span>
    </p>
   </div>
   <div class='ocr_carea' id='block_1_105' title="bbox 2162 4258 3865 4327">
    <p class='ocr_par' dir='ltr' id='par_1_105' title="bbox 2162 4258 3865 4327">
     <span class='ocr_line' id='line_1_105' title="bbox 2162 4258 3865 4327; baseline -0.005 -11"><span class='ocrx_word' id='word_1_808' title='bbox 2162 4260 2539 4327; x_wconf 88' lang='lat' dir='ltr'><strong>decertarent,</strong></span> <span class='ocrx_word' id='word_1_809' title='bbox 2565 4266 2625 4316; x_wconf 87' lang='lat' dir='ltr'><strong>ut</strong></span> <span class='ocrx_word' id='word_1_810' title='bbox 2656 4276 2772 4316; x_wconf 91' lang='lat' dir='ltr'><strong>non</strong></span> <span class='ocrx_word' id='word_1_811' title='bbox 2793 4261 3048 4315; x_wconf 88' lang='lat' dir='ltr'><strong>traderer</strong></span> <span class='ocrx_word' id='word_1_812' title='bbox 3075 4258 3292 4314; x_wconf 66' lang='lat' dir='ltr'><strong>Judaeis</strong></span> <span class='ocrx_word' id='word_1_813' title='bbox 3326 4272 3340 4312; x_wconf 89' lang='lat'><strong>:</strong></span> <span class='ocrx_word' id='word_1_814' title='bbox 3375 4270 3531 4312; x_wconf 90' lang='lat' dir='ltr'><strong>nunc</strong></span> <span class='ocrx_word' id='word_1_815' title='bbox 3552 4259 3741 4310; x_wconf 86' lang='lat' dir='ltr'><strong>autem</strong></span> <span class='ocrx_word' id='word_1_816' title='bbox 3780 4270 3865 4308; x_wconf 84' lang='lat' dir='ltr'><strong>re-</strong></span> 
     </span>
    </p>
   </div>
   <div class='ocr_carea' id='block_1_106' title="bbox 2161 4344 3865 4421">
    <p class='ocr_par' dir='ltr' id='par_1_106' title="bbox 2161 4344 3865 4421">
     <span class='ocr_line' id='line_1_106' title="bbox 2161 4344 3865 4421; baseline -0.005 -15"><span class='ocrx_word' id='word_1_817' title='bbox 2161 4365 2342 4421; x_wconf 85' lang='lat' dir='ltr'><strong>gnum</strong></span> <span class='ocrx_word' id='word_1_818' title='bbox 2367 4366 2563 4407; x_wconf 88' lang='lat' dir='ltr'><strong>meum</strong></span> <span class='ocrx_word' id='word_1_819' title='bbox 2584 4366 2696 4406; x_wconf 92' lang='lat' dir='ltr'><strong>non</strong></span> <span class='ocrx_word' id='word_1_820' title='bbox 2721 4358 2800 4405; x_wconf 90' lang='lat' dir='ltr'><strong>est</strong></span> <span class='ocrx_word' id='word_1_821' title='bbox 2824 4349 2980 4404; x_wconf 89' lang='lat' dir='ltr'><strong>hinc.</strong></span> <span class='ocrx_word' id='word_1_822' title='bbox 3009 4368 3033 4399; x_wconf 78' lang='grc'><strong>»</strong></span> <span class='ocrx_word' id='word_1_823' title='bbox 3064 4347 3182 4403; x_wconf 90' lang='lat' dir='ltr'><strong>Hoc</strong></span> <span class='ocrx_word' id='word_1_824' title='bbox 3212 4353 3298 4403; x_wconf 90' lang='lat' dir='ltr'><strong>est</strong></span> <span class='ocrx_word' id='word_1_825' title='bbox 3333 4346 3488 4418; x_wconf 91' lang='lat' dir='ltr'><strong>quod</strong></span> <span class='ocrx_word' id='word_1_826' title='bbox 3529 4344 3717 4399; x_wconf 90' lang='lat' dir='ltr'><strong>bonus</strong></span> <span class='ocrx_word' id='word_1_827' title='bbox 3750 4359 3865 4397; x_wconf 82' lang='lat' dir='ltr'><strong>ma~</strong></span> 
     </span>
    </p>
   </div>
   <div class='ocr_carea' id='block_1_107' title="bbox 2159 4431 3863 4508">
    <p class='ocr_par' dir='ltr' id='par_1_107' title="bbox 2159 4431 3863 4508">
     <span class='ocr_line' id='line_1_107' title="bbox 2159 4431 3863 4508; baseline -0.004 -17"><span class='ocrx_word' id='word_1_828' title='bbox 2159 4439 2333 4508; x_wconf 84' lang='lat' dir='ltr'><strong>gister</strong></span> <span class='ocrx_word' id='word_1_829' title='bbox 2363 4438 2510 4495; x_wconf 88' lang='lat' dir='ltr'><strong>scire</strong></span> <span class='ocrx_word' id='word_1_830' title='bbox 2534 4455 2638 4494; x_wconf 91' lang='lat' dir='ltr'><strong>nos</strong></span> <span class='ocrx_word' id='word_1_831' title='bbox 2658 4437 2839 4493; x_wconf 87' lang='lat' dir='ltr'><strong>voluit</strong></span> <span class='ocrx_word' id='word_1_832' title='bbox 2863 4454 2876 4493; x_wconf 87' lang='lat'><strong>:</strong></span> <span class='ocrx_word' id='word_1_833' title='bbox 2905 4438 3003 4492; x_wconf 82' lang='lat' dir='ltr'><strong>sed</strong></span> <span class='ocrx_word' id='word_1_834' title='bbox 3030 4435 3193 4507; x_wconf 89' lang='lat' dir='ltr'><strong>prius</strong></span> <span class='ocrx_word' id='word_1_835' title='bbox 3215 4434 3380 4490; x_wconf 92' lang='lat' dir='ltr'><strong>nobis</strong></span> <span class='ocrx_word' id='word_1_836' title='bbox 3403 4431 3863 4488; x_wconf 82' lang='lat' dir='ltr'><strong>demonstranda</strong></span> 
     </span>
    </p>
   </div>
   <div class='ocr_carea' id='block_1_108' title="bbox 2159 4518 3861 4595">
    <p class='ocr_par' dir='ltr' id='par_1_108' title="bbox 2159 4518 3861 4595">
     <span class='ocr_line' id='line_1_108' title="bbox 2159 4518 3861 4595; baseline -0.004 -14"><span class='ocrx_word' id='word_1_837' title='bbox 2159 4528 2346 4581; x_wconf 85' lang='lat' dir='ltr'><strong>fuerat</strong></span> <span class='ocrx_word' id='word_1_838' title='bbox 2376 4543 2521 4582; x_wconf 86' lang='lat' dir='ltr'><strong>vana</strong></span> <span class='ocrx_word' id='word_1_839' title='bbox 2553 4526 2860 4582; x_wconf 84' lang='lat' dir='ltr'><strong>hominum</strong></span> <span class='ocrx_word' id='word_1_840' title='bbox 2885 4526 2955 4579; x_wconf 92' lang='lat' dir='ltr'><strong>de</strong></span> <span class='ocrx_word' id='word_1_841' title='bbox 2987 4540 3163 4595; x_wconf 90' lang='lat' dir='ltr'><strong>regno</strong></span> <span class='ocrx_word' id='word_1_842' title='bbox 3186 4524 3313 4594; x_wconf 82' lang='lat' dir='ltr'><strong>ejus</strong></span> <span class='ocrx_word' id='word_1_843' title='bbox 3337 4520 3552 4593; x_wconf 89' lang='lat' dir='ltr'><strong>opinio,</strong></span> <span class='ocrx_word' id='word_1_844' title='bbox 3574 4518 3694 4575; x_wconf 90' lang='lat' dir='ltr'><strong>sive</strong></span> <span class='ocrx_word' id='word_1_845' title='bbox 3717 4519 3861 4575; x_wconf 87' lang='lat' dir='ltr'><strong>Gen-</strong></span> 
     </span>
    </p>
   </div>
   <div class='ocr_carea' id='block_1_109' title="bbox 2159 4610 3854 4710">
    <p class='ocr_par' dir='ltr' id='par_1_109' title="bbox 2159 4610 3854 4710">
     <span class='ocr_line' id='line_1_109' title="bbox 2159 4610 3854 4710; baseline -0.004 -40"><span class='ocrx_word' id='word_1_846' title='bbox 2159 4616 2323 4686; x_wconf 88' lang='lat' dir='ltr'><strong>tium,</strong></span> <span class='ocrx_word' id='word_1_847' title='bbox 2356 4616 2473 4671; x_wconf 91' lang='lat' dir='ltr'><strong>sive</strong></span> <span class='ocrx_word' id='word_1_848' title='bbox 2517 4617 2872 4682; x_wconf 62' lang='lat' dir='ltr'><strong>Judeorum,</strong></span> <span class='ocrx_word' id='word_1_849' title='bbox 2907 4631 2937 4669; x_wconf 92' lang='lat' dir='ltr'><strong>a</strong></span> <span class='ocrx_word' id='word_1_850' title='bbox 2968 4614 3180 4685; x_wconf 89' lang='lat' dir='ltr'><strong>quibus</strong></span> <span class='ocrx_word' id='word_1_851' title='bbox 3210 4614 3265 4667; x_wconf 91' lang='lat' dir='ltr'><strong>id</strong></span> <span class='ocrx_word' id='word_1_852' title='bbox 3304 4610 3526 4668; x_wconf 86' lang='lat' dir='ltr'><strong>Pilatus</strong></span> <span class='ocrx_word' id='word_1_853' title='bbox 3559 4610 3854 4710; x_wconf 68' lang='lat' dir='ltr'><strong>audierat;</strong></span> 
     </span>
    </p>
   </div>
   <div class='ocr_carea' id='block_1_110' title="bbox 2155 4699 3858 4779">
    <p class='ocr_par' dir='ltr' id='par_1_110' title="bbox 2155 4699 3858 4779">
     <span class='ocr_line' id='line_1_110' title="bbox 2155 4699 3858 4779; baseline -0.005 -19"><span class='ocrx_word' id='word_1_854' title='bbox 2155 4704 2318 4776; x_wconf 89' lang='lat' dir='ltr'><strong>quasi</strong></span> <span class='ocrx_word' id='word_1_855' title='bbox 2353 4710 2655 4779; x_wconf 87' lang='lat' dir='ltr'><strong>propterea</strong></span> <span class='ocrx_word' id='word_1_856' title='bbox 2688 4714 2867 4761; x_wconf 90' lang='lat' dir='ltr'><strong>morte</strong></span> <span class='ocrx_word' id='word_1_857' title='bbox 2891 4705 3100 4760; x_wconf 87' lang='lat' dir='ltr'><strong>fuisset</strong></span> <span class='ocrx_word' id='word_1_858' title='bbox 3130 4700 3491 4776; x_wconf 89' lang='lat' dir='ltr'><strong>plectendus,</strong></span> <span class='ocrx_word' id='word_1_859' title='bbox 3516 4701 3668 4773; x_wconf 90' lang='lat' dir='ltr'><strong>quod</strong></span> <span class='ocrx_word' id='word_1_860' title='bbox 3695 4699 3858 4753; x_wconf 90' lang='lat' dir='ltr'><strong>illici-</strong></span> 
     </span>
    </p>
   </div>
   <div class='ocr_carea' id='block_1_111' title="bbox 2154 4790 3857 4867">
    <p class='ocr_par' dir='ltr' id='par_1_111' title="bbox 2154 4790 3857 4867">
     <span class='ocr_line' id='line_1_111' title="bbox 2154 4790 3857 4867; baseline -0.004 -16"><span class='ocrx_word' id='word_1_861' title='bbox 2154 4800 2279 4851; x_wconf 89' lang='lat' dir='ltr'><strong>tum</strong></span> <span class='ocrx_word' id='word_1_862' title='bbox 2313 4795 2662 4852; x_wconf 81' lang='lat' dir='ltr'><strong>atfectaverit</strong></span> <span class='ocrx_word' id='word_1_863' title='bbox 2693 4811 2969 4867; x_wconf 85' lang='lat' dir='ltr'><strong>regnum;</strong></span> <span class='ocrx_word' id='word_1_864' title='bbox 3005 4794 3088 4850; x_wconf 90' lang='lat' dir='ltr'><strong>vel</strong></span> <span class='ocrx_word' id='word_1_865' title='bbox 3118 4795 3391 4865; x_wconf 89' lang='lat' dir='ltr'><strong>quoniam</strong></span> <span class='ocrx_word' id='word_1_866' title='bbox 3438 4790 3625 4849; x_wconf 89' lang='lat' dir='ltr'><strong>solent</strong></span> <span class='ocrx_word' id='word_1_867' title='bbox 3654 4804 3857 4861; x_wconf 80' lang='lat' dir='ltr'><strong>regna-</strong></span> 
     </span>
    </p>
   </div>
   <div class='ocr_carea' id='block_1_112' title="bbox 2152 4881 3857 4958">
    <p class='ocr_par' dir='ltr' id='par_1_112' title="bbox 2152 4881 3857 4958">
     <span class='ocr_line' id='line_1_112' title="bbox 2152 4881 3857 4958; baseline -0.004 -19"><span class='ocrx_word' id='word_1_868' title='bbox 2152 4885 2297 4941; x_wconf 89' lang='lat' dir='ltr'><strong>turis</strong></span> <span class='ocrx_word' id='word_1_869' title='bbox 2338 4885 2595 4942; x_wconf 88' lang='lat' dir='ltr'><strong>invidere</strong></span> <span class='ocrx_word' id='word_1_870' title='bbox 2637 4889 2965 4958; x_wconf 87' lang='lat' dir='ltr'><strong>regnantes,</strong></span> <span class='ocrx_word' id='word_1_871' title='bbox 2998 4889 3055 4940; x_wconf 91' lang='lat' dir='ltr'><strong>et</strong></span> <span class='ocrx_word' id='word_1_872' title='bbox 3084 4883 3350 4941; x_wconf 88' lang='lat' dir='ltr'><strong>videlicet</strong></span> <span class='ocrx_word' id='word_1_873' title='bbox 3380 4881 3700 4938; x_wconf 90' lang='lat' dir='ltr'><strong>cavendum</strong></span> <span class='ocrx_word' id='word_1_874' title='bbox 3734 4883 3857 4933; x_wconf 88' lang='lat' dir='ltr'><strong>erat</strong></span> 
     </span>
    </p>
   </div>
   <div class='ocr_carea' id='block_1_113' title="bbox 2149 4967 3855 5049">
    <p class='ocr_par' dir='ltr' id='par_1_113' title="bbox 2149 4967 3855 5049">
     <span class='ocr_line' id='line_1_113' title="bbox 2149 4967 3855 5049; baseline -0.005 -18"><span class='ocrx_word' id='word_1_875' title='bbox 2149 4992 2221 5031; x_wconf 90' lang='lat' dir='ltr'><strong>ne</strong></span> <span class='ocrx_word' id='word_1_876' title='bbox 2252 4977 2379 5048; x_wconf 87' lang='lat' dir='ltr'><strong>ejus</strong></span> <span class='ocrx_word' id='word_1_877' title='bbox 2411 4993 2653 5049; x_wconf 87' lang='lat' dir='ltr'><strong>regnum</strong></span> <span class='ocrx_word' id='word_1_878' title='bbox 2689 4978 2808 5032; x_wconf 87' lang='lat' dir='ltr'><strong>sive</strong></span> <span class='ocrx_word' id='word_1_879' title='bbox 2840 4976 3137 5043; x_wconf 88' lang='lat' dir='ltr'><strong>Romanis,</strong></span> <span class='ocrx_word' id='word_1_880' title='bbox 3172 4974 3292 5031; x_wconf 85' lang='lat' dir='ltr'><strong>sive</strong></span> <span class='ocrx_word' id='word_1_881' title='bbox 3324 4971 3540 5029; x_wconf 81' lang='lat' dir='ltr'><strong>Judasis</strong></span> <span class='ocrx_word' id='word_1_882' title='bbox 3570 4971 3721 5026; x_wconf 85' lang='lat' dir='ltr'><strong>esset</strong></span> <span class='ocrx_word' id='word_1_883' title='bbox 3749 4967 3855 5023; x_wconf 89' lang='lat' dir='ltr'><strong>ad-</strong></span> 
     </span>
    </p>
   </div>
   <div class='ocr_carea' id='block_1_114' title="bbox 2147 5059 3850 5133">
    <p class='ocr_par' dir='ltr' id='par_1_114' title="bbox 2147 5059 3850 5133">
     <span class='ocr_line' id='line_1_114' title="bbox 2147 5059 3850 5133; baseline -0.005 -13"><span class='ocrx_word' id='word_1_884' title='bbox 2147 5081 2398 5122; x_wconf 90' lang='lat' dir='ltr'><strong>versum.</strong></span> <span class='ocrx_word' id='word_1_885' title='bbox 2434 5066 2665 5123; x_wconf 90' lang='lat' dir='ltr'><strong>Poterat</strong></span> <span class='ocrx_word' id='word_1_886' title='bbox 2712 5070 2908 5121; x_wconf 89' lang='lat' dir='ltr'><strong>autem</strong></span> <span class='ocrx_word' id='word_1_887' title='bbox 2962 5064 3243 5121; x_wconf 91' lang='lat' dir='ltr'><strong>Dominus</strong></span> <span class='ocrx_word' id='word_1_888' title='bbox 3276 5061 3431 5133; x_wconf 90' lang='lat' dir='ltr'><strong>quod</strong></span> <span class='ocrx_word' id='word_1_889' title='bbox 3473 5059 3574 5127; x_wconf 91' lang='lat' dir='ltr'><strong>ait,</strong></span> <span class='ocrx_word' id='word_1_890' title='bbox 3606 5059 3850 5126; x_wconf 83' lang='lat' dir='ltr'><strong>Regnum</strong></span> 
     </span>
    </p>
   </div>
   <div class='ocr_carea' id='block_1_115' title="bbox 2142 5146 3852 5223">
    <p class='ocr_par' dir='ltr' id='par_1_115' title="bbox 2142 5146 3852 5223">
     <span class='ocr_line' id='line_1_115' title="bbox 2142 5146 3852 5223; baseline -0.006 -13"><span class='ocrx_word' id='word_1_891' title='bbox 2142 5170 2319 5210; x_wconf 85' lang='lat' dir='ltr'><strong>meum</strong></span> <span class='ocrx_word' id='word_1_892' title='bbox 2350 5170 2457 5211; x_wconf 87' lang='lat' dir='ltr'><strong>non</strong></span> <span class='ocrx_word' id='word_1_893' title='bbox 2489 5164 2567 5211; x_wconf 81' lang='lat' dir='ltr'><strong>est</strong></span> <span class='ocrx_word' id='word_1_894' title='bbox 2594 5156 2658 5211; x_wconf 89' lang='lat' dir='ltr'><strong>de</strong></span> <span class='ocrx_word' id='word_1_895' title='bbox 2686 5155 2784 5211; x_wconf 82' lang='lat' dir='ltr'><strong>hoc</strong></span> <span class='ocrx_word' id='word_1_896' title='bbox 2812 5155 3036 5221; x_wconf 85' lang='lat' dir='ltr'><strong>mundo,</strong></span> <span class='ocrx_word' id='word_1_897' title='bbox 3062 5158 3196 5221; x_wconf 88' lang='lat' dir='ltr'><strong>etc.,</strong></span> <span class='ocrx_word' id='word_1_898' title='bbox 3226 5152 3295 5206; x_wconf 89' lang='lat' dir='ltr'><strong>ad</strong></span> <span class='ocrx_word' id='word_1_899' title='bbox 3329 5150 3580 5223; x_wconf 89' lang='lat' dir='ltr'><strong>primam</strong></span> <span class='ocrx_word' id='word_1_900' title='bbox 3609 5146 3852 5202; x_wconf 86' lang='lat' dir='ltr'><strong>interro-</strong></span> 
     </span>
    </p>
   </div>
   <div class='ocr_carea' id='block_1_116' title="bbox 2142 5235 3847 5315">
    <p class='ocr_par' dir='ltr' id='par_1_116' title="bbox 2142 5235 3847 5315">
     <span class='ocr_line' id='line_1_116' title="bbox 2142 5235 3847 5315; baseline -0.005 -18"><span class='ocrx_word' id='word_1_901' title='bbox 2142 5244 2432 5315; x_wconf 85' lang='lat' dir='ltr'><strong>gationem</strong></span> <span class='ocrx_word' id='word_1_902' title='bbox 2465 5243 2732 5315; x_wconf 70' lang='lat' dir='ltr'><strong>praesidis</strong></span> <span class='ocrx_word' id='word_1_903' title='bbox 2764 5242 3136 5314; x_wconf 87' lang='lat' dir='ltr'><strong>respondere,</strong></span> <span class='ocrx_word' id='word_1_904' title='bbox 3163 5240 3261 5295; x_wconf 89' lang='lat' dir='ltr'><strong>ubi</strong></span> <span class='ocrx_word' id='word_1_905' title='bbox 3293 5238 3343 5292; x_wconf 90' lang='lat' dir='ltr'><strong>ei</strong></span> <span class='ocrx_word' id='word_1_906' title='bbox 3375 5236 3537 5307; x_wconf 81' lang='lat' dir='ltr'><strong>dixit,</strong></span> <span class='ocrx_word' id='word_1_907' title='bbox 3567 5235 3641 5291; x_wconf 85' lang='lat' dir='ltr'><strong>Tu</strong></span> <span class='ocrx_word' id='word_1_908' title='bbox 3663 5250 3717 5291; x_wconf 87' lang='lat' dir='ltr'><strong>es</strong></span> <span class='ocrx_word' id='word_1_909' title='bbox 3747 5249 3847 5290; x_wconf 83' lang='lat' dir='ltr'><strong>rex</strong></span> 
     </span>
    </p>
   </div>
   <div class='ocr_carea' id='block_1_117' title="bbox 2138 5324 3845 5400">
    <p class='ocr_par' dir='ltr' id='par_1_117' title="bbox 2138 5324 3845 5400">
     <span class='ocr_line' id='line_1_117' title="bbox 2138 5324 3845 5400; baseline -0.003 -12"><span class='ocrx_word' id='word_1_910' title='bbox 2138 5333 2498 5390; x_wconf 61' lang='lat' dir='ltr'><strong>Iudaeorum?</strong></span> <span class='ocrx_word' id='word_1_911' title='bbox 2528 5335 2626 5390; x_wconf 90' lang='lat' dir='ltr'><strong>sed</strong></span> <span class='ocrx_word' id='word_1_912' title='bbox 2661 5350 2793 5389; x_wconf 91' lang='lat' dir='ltr'><strong>eum</strong></span> <span class='ocrx_word' id='word_1_913' title='bbox 2825 5332 3076 5388; x_wconf 90' lang='lat' dir='ltr'><strong>vicissim</strong></span> <span class='ocrx_word' id='word_1_914' title='bbox 3109 5330 3472 5400; x_wconf 86' lang='lat' dir='ltr'><strong>interrogans</strong></span> <span class='ocrx_word' id='word_1_915' title='bbox 3502 5330 3699 5382; x_wconf 87' lang='lat' dir='ltr'><strong>utrum</strong></span> <span class='ocrx_word' id='word_1_916' title='bbox 3736 5324 3845 5383; x_wconf 87' lang='lat' dir='ltr'><strong>hoc</strong></span> 
     </span>
    </p>
   </div>
   <div class='ocr_carea' id='block_1_118' title="bbox 2140 5417 3840 5493">
    <p class='ocr_par' dir='ltr' id='par_1_118' title="bbox 2140 5417 3840 5493">
     <span class='ocr_line' id='line_1_118' title="bbox 2140 5417 3840 5493; baseline -0.004 -16"><span class='ocrx_word' id='word_1_917' title='bbox 2140 5438 2174 5477; x_wconf 88' lang='lat' dir='ltr'><strong>a</strong></span> <span class='ocrx_word' id='word_1_918' title='bbox 2203 5423 2513 5493; x_wconf 88' lang='lat' dir='ltr'><strong>semetipso</strong></span> <span class='ocrx_word' id='word_1_919' title='bbox 2546 5424 2781 5490; x_wconf 88' lang='lat' dir='ltr'><strong>diceret,</strong></span> <span class='ocrx_word' id='word_1_920' title='bbox 2808 5439 2879 5477; x_wconf 91' lang='lat' dir='ltr'><strong>an</strong></span> <span class='ocrx_word' id='word_1_921' title='bbox 2914 5420 3173 5477; x_wconf 81' lang='lat' dir='ltr'><strong>audisset</strong></span> <span class='ocrx_word' id='word_1_922' title='bbox 3197 5420 3269 5475; x_wconf 90' lang='lat' dir='ltr'><strong>ab</strong></span> <span class='ocrx_word' id='word_1_923' title='bbox 3298 5418 3454 5485; x_wconf 90' lang='lat' dir='ltr'><strong>aliis,</strong></span> <span class='ocrx_word' id='word_1_924' title='bbox 3478 5417 3577 5472; x_wconf 90' lang='lat' dir='ltr'><strong>illo</strong></span> <span class='ocrx_word' id='word_1_925' title='bbox 3599 5432 3840 5488; x_wconf 87' lang='lat' dir='ltr'><strong>respon-</strong></span> 
     </span>
    </p>
   </div>
   <div class='ocr_carea' id='block_1_119' title="bbox 2138 5506 3839 5583">
    <p class='ocr_par' dir='ltr' id='par_1_119' title="bbox 2138 5506 3839 5583">
     <span class='ocr_line' id='line_1_119' title="bbox 2138 5506 3839 5583; baseline -0.004 -16"><span class='ocrx_word' id='word_1_926' title='bbox 2138 5512 2312 5568; x_wconf 89' lang='lat' dir='ltr'><strong>dente</strong></span> <span class='ocrx_word' id='word_1_927' title='bbox 2343 5513 2645 5569; x_wconf 86' lang='lat' dir='ltr'><strong>ostendere</strong></span> <span class='ocrx_word' id='word_1_928' title='bbox 2674 5512 2859 5568; x_wconf 89' lang='lat' dir='ltr'><strong>voluit</strong></span> <span class='ocrx_word' id='word_1_929' title='bbox 2906 5511 3014 5567; x_wconf 89' lang='lat' dir='ltr'><strong>hoc</strong></span> <span class='ocrx_word' id='word_1_930' title='bbox 3046 5510 3157 5567; x_wconf 91' lang='lat' dir='ltr'><strong>sibi</strong></span> <span class='ocrx_word' id='word_1_931' title='bbox 3208 5509 3361 5583; x_wconf 88' lang='lat' dir='ltr'><strong>apud</strong></span> <span class='ocrx_word' id='word_1_932' title='bbox 3394 5508 3559 5566; x_wconf 89' lang='lat' dir='ltr'><strong>illum</strong></span> <span class='ocrx_word' id='word_1_933' title='bbox 3593 5506 3776 5564; x_wconf 86' lang='lat' dir='ltr'><strong>fuisse</strong></span> <span class='ocrx_word' id='word_1_934' title='bbox 3806 5523 3839 5561; x_wconf 90' lang='lat' dir='ltr'><strong>a</strong></span> 
     </span>
    </p>
   </div>
   <div class='ocr_carea' id='block_1_120' title="bbox 2134 5598 3834 5675">
    <p class='ocr_par' dir='ltr' id='par_1_120' title="bbox 2134 5598 3834 5675">
     <span class='ocr_line' id='line_1_120' title="bbox 2134 5598 3834 5675; baseline -0.002 -19"><span class='ocrx_word' id='word_1_935' title='bbox 2134 5599 2351 5658; x_wconf 74' lang='lat' dir='ltr'><strong>Judtsis</strong></span> <span class='ocrx_word' id='word_1_936' title='bbox 2372 5602 2528 5659; x_wconf 91' lang='lat' dir='ltr'><strong>velut</strong></span> <span class='ocrx_word' id='word_1_937' title='bbox 2549 5602 2771 5660; x_wconf 86' lang='lat' dir='ltr'><strong>crimen</strong></span> <span class='ocrx_word' id='word_1_938' title='bbox 2801 5601 3094 5673; x_wconf 85' lang='lat' dir='ltr'><strong>objectum</strong></span> <span class='ocrx_word' id='word_1_939' title='bbox 3119 5616 3132 5659; x_wconf 90' lang='lat'><strong>:</strong></span> <span class='ocrx_word' id='word_1_940' title='bbox 3158 5601 3514 5675; x_wconf 85' lang='lat' dir='ltr'><strong>patefaciens</strong></span> <span class='ocrx_word' id='word_1_941' title='bbox 3544 5598 3715 5657; x_wconf 88' lang='lat' dir='ltr'><strong>nobis</strong></span> <span class='ocrx_word' id='word_1_942' title='bbox 3745 5613 3834 5654; x_wconf 90' lang='lat' dir='ltr'><strong>co-</strong></span> 
     </span>
    </p>
   </div>
  </div>
