4182 6198
354 304 505 363 1939

351 434 662 505 gitationes
684 429 1306 503 hominum,quasipse
1322 436 1573 501 noverat,
1601 431 1873 503 quoniam
1901 446 2058 485 vanm

352 528 490 579 sunt
523 523 692 595 (Psat.
736 520 1048 591 xcm,11);
1093 520 1293 591 eisque
1328 528 1459 593 post
1500 520 1936 594 responsionem
1972 518 2060 573 Pi-

350 611 474 678 lati,
512 612 637 681 jam
665 611 890 667 Judaais
920 620 973 666 et
1003 610 1283 665 Gentibus
1317 610 1705 682 opportunius
1749 610 2063 681 aptiusque

350 700 735 772 respondens,
772 702 1015 770 Regnum
1060 717 1239 756 meum
1289 715 1396 754 non
1444 703 1523 755 est
1571 700 1633 755 de
1685 700 1788 755 hoc
1837 700 2061 753 mundo.

348 791 513 854 Quod
545 791 594 845 si
628 789 1023 862 interrogandi
1069 789 1252 845 Pilato
1300 792 1577 847 continuo
1624 789 2063 861 respondisset;

351 896 468 935 nun
500 879 673 936 etiam
706 879 940 945 Iudaeis,
972 879 1071 934 sed
1096 878 1232 935 solis
1269 879 1558 935 Gentibus
1599 879 1708 935 hoc
1746 879 1813 935 de
1852 895 1913 933 se
1944 876 2067 947 cpi-

356 970 635 1025 nantibus
669 968 1039 1041 respondisse
1067 968 1378 1024 videretur.
1413 968 1580 1024 Nunc
1613 985 1744 1024 vero
1791 966 2067 1039 quoniam

356 1060 648 1131 respondit
678 1060 923 1126 Pilatus,
948 1059 1223 1131 Numquid
1255 1076 1352 1129 ego
1383 1059 1602 1115 Iudaeus
1631 1062 1791 1115 sum?
1813 1058 1945 1113 Gens
1975 1063 2069 1113 tua

356 1150 710 1223 etpontiﬁces
742 1150 1088 1205 tradiderunt
1111 1157 1162 1206 te
1188 1150 1359 1212 milii;
1384 1150 1622 1206 abstulit
1644 1168 1676 1205 a
1699 1166 1759 1205 se
1792 1148 2072 1221 suspicio-

358 1257 517 1307 nem,
542 1258 658 1313 qua
696 1245 894 1313 posset
917 1240 1105 1313 putari
1136 1258 1169 1296 a
1196 1241 1505 1311 semetipso
1538 1239 1755 1295 dixisse
1788 1240 1939 1310 quod
1970 1239 2071 1295 Je—

353 1348 488 1387 sum
516 1347 710 1403 regem
738 1331 961 1386 dixerat
988 1346 1116 1385 esse
1138 1330 1498 1396 Judaaorum,
1517 1330 1573 1383 id
1602 1347 1661 1385 se
1684 1347 1716 1385 a
1737 1330 1955 1385 Judaeis
1978 1345 2073 1383 au-

356 1421 512 1477 disse
570 1421 1002 1476 demonstrans.
1060 1419 1275 1475 Deinde
1327 1420 1592 1484 dicendo,
1645 1419 1784 1487 Quid
1830 1420 2013 1488 fecisti
2048 1421 2074 1471 γ

362 1510 505 1566 satis
523 1510 782 1565 ostendit
804 1509 948 1563 illud
972 1509 1021 1564 ei
1046 1525 1148 1579 pro
1173 1508 1413 1564 crimine
1436 1509 1727 1578 objectum
1755 1524 1768 1563 :
1798 1513 2071 1579 tanquam

366 1601 605 1669 diceret,
629 1598 686 1653 Si
724 1614 917 1671 regem
950 1604 1005 1653 te
1051 1616 1247 1669 negas,
1278 1600 1413 1669 quid
1445 1598 1630 1654 fecisti
1673 1601 1731 1653 ut
1764 1597 2073 1653 tradereris

368 1688 515 1744 mihi
533 1687 560 1741 ‘?
582 1689 757 1755 Quasi
783 1690 997 1744 mirum
1024 1706 1141 1744 non
1165 1694 1318 1744 esset
1341 1690 1388 1743 si
1414 1688 1944 1761 puniendusjudiei
1964 1693 2076 1743 tra-

364 1780 619 1845 deretur,
653 1778 751 1850 qui
782 1795 843 1834 se
874 1779 1093 1835 diceret
1124 1795 1317 1851 regem
1355 1796 1369 1837 :
1405 1781 1453 1835 si
1484 1783 1674 1834 autem
1711 1780 1817 1834 hoc
1843 1796 1955 1833 non
1989 1778 2077 1833 di-

364 1871 931 1939 ceret,qua3rendum
956 1869 1025 1926 ab
1058 1869 1157 1925 illo
1194 1870 1506 1942 essetquid
1547 1870 1701 1927 aliud
1742 1871 1885 1926 forte
1910 1870 2075 1927 fecis-

364 1964 475 2026 set,
510 1961 663 2015 unde
687 1960 838 2015 tradi
864 1960 1052 2029 judici
1085 1961 1298 2032 dignus
1329 1965 1506 2017 esset.

434 2050 487 2103 2.
523 2051 729 2107 Audite
760 2068 919 2123 ergo,
951 2051 1135 2105 Judaei
1170 2057 1226 2106 et
1273 2052 1482 2107 Gentes
1517 2069 1532 2121 ;
1564 2052 1723 2119 audi,
1767 2051 2075 2107 circumci-

371 2138 498 2206 sio;
530 2140 689 2209 audi,
722 2140 1071 2212 praeputium
1100 2159 1113 2209 ;
1139 2141 1358 2209 audite,
1384 2142 1575 2196 omnia
1600 2158 1777 2213 regna
1808 2146 2073 2197 terrena:

370 2228 496 2283 Non
531 2228 785 2302 impedio
817 2231 1274 2285 dominationem
1307 2236 1556 2287 vestram
1589 2234 1648 2286 in
1692 2232 1799 2287 hoc
1832 2232 2073 2300 mundo,

371 2317 617 2389 Regnum
659 2336 843 2376 meum
870 2338 977 2377 non
1008 2328 1086 2377 est
1117 2322 1182 2377 de
1214 2323 1313 2377 hoc
1342 2322 1561 2378 mundo.
1590 2322 1778 2378 Nolite
1822 2328 2077 2379 metuere

370 2416 529 2466 metu
556 2411 869 2468 vanissimo
893 2428 1003 2481 quo
1024 2411 1277 2468 Herodes
1306 2412 1400 2467 ille
1424 2414 1631 2483 major,
1656 2430 1788 2468 cum
1815 2413 2079 2469 Christus

366 2506 537 2556 natus
568 2502 957 2569 nuntiaretur,
979 2504 1230 2573 expavit,
1252 2508 1309 2558 et
1339 2507 1429 2558 tot
1458 2502 1709 2558 infantes
1743 2510 1805 2558 ut
1837 2505 1908 2559 ad
1944 2520 2075 2559 eum

362 2604 521 2645 mors
572 2591 919 2659 perveniret,
951 2591 1162 2647 occidit
1210 2592 1425 2661 (Matth.
1460 2609 1523 2661 ii,
1564 2592 1617 2658 3,
1656 2592 1771 2661 16),
1818 2593 2077 2649 timendo

366 2680 551 2737 magis
609 2695 789 2750 quam
847 2679 1150 2736 irascendo
1205 2681 1513 2749 crudelior,
1566 2683 1825 2752 Regnum,
1861 2682 2073 2753 inquit,

367 2783 550 2822 meum
596 2782 703 2823 non
745 2776 821 2823 est
864 2767 929 2821 de
970 2769 1068 2823 hoc
1107 2769 1331 2823 mundo.
1366 2770 1511 2835 Quid
1556 2770 1731 2825 vultis
1781 2771 2079 2841 amplius?

375 2856 573 2913 Venite
596 2857 663 2911 ad
692 2872 929 2925 regnum
955 2857 1108 2928 quod
1137 2874 1250 2913 non
1274 2863 1363 2913 est
1384 2860 1453 2914 de
1475 2858 1581 2914 hoc
1614 2860 1867 2926 mundo;
1893 2858 2079 2915 venite

372 2946 682 3014 credendo,
718 2952 774 3003 et
805 2946 983 3002 nolite
1001 2948 1201 3005 saevire
1234 2951 1560 3005 metuendo.
1590 2951 1991 3023 Dicitquidum
2018 2952 2076 3007 in

368 3037 677 3110 prophetia
716 3038 787 3092 de
830 3037 947 3093 Deo
991 3040 1178 3106 Patre,
1213 3041 1319 3108 Ego
1359 3045 1542 3096 autem
1585 3043 1908 3097 constitutus
1958 3058 2080 3097 sum

364 3142 465 3181 reri:
490 3129 557 3181 ab
580 3142 643 3182 eo
664 3143 835 3197 super
865 3126 997 3182 Sion
1030 3136 1267 3183 montem
1300 3139 1545 3184 sanetum
1576 3133 1697 3200 ejus
1718 3129 1895 3202 (Psat.
1918 3147 1977 3198 Il,
2003 3130 2078 3201 6);

368 3218 466 3272 sed
518 3217 654 3272 Sion
702 3216 803 3272 illa
851 3222 909 3272 et
960 3233 1128 3273 mons
1182 3217 1278 3273 ille
1326 3235 1441 3275 non
1472 3225 1561 3275 est
1594 3221 1661 3275 de
1695 3220 1801 3275 hoc
1838 3221 2077 3276 mundo.

376 3307 537 3371 Quod
572 3311 657 3362 est
701 3307 855 3362 enim
900 3308 1027 3377 ejus
1078 3323 1317 3379 regnum
1360 3309 1471 3363 nisi
1506 3310 1803 3365 credentes
1834 3310 1891 3364 in
1922 3326 2078 3375 eum,

375 3395 587 3467 quibus
620 3394 781 3463 dicit,
810 3396 880 3451 De
910 3398 1111 3451 mundo
1143 3413 1249 3451 non
1282 3398 1433 3463 estis,
1459 3401 1597 3454 sicut
1621 3405 1669 3453 et
1699 3416 1793 3467 ego
1826 3414 1933 3453 non
1960 3414 2081 3452 sum

372 3486 439 3540 de
469 3487 709 3542 mundo?
739 3486 1012 3550 Quamvis
1042 3503 1139 3542 eos
1171 3503 1296 3543 esse
1329 3486 1499 3543 vellet
1539 3489 1597 3543 in
1643 3490 1858 3544 mundo
1895 3506 1908 3545 :
1946 3505 2076 3560 pro-

374 3583 496 3648 pter
527 3580 675 3646 quod
711 3576 782 3632 de
815 3577 932 3632 illis
964 3580 1105 3632 dixit
1136 3580 1205 3633 ad
1240 3578 1484 3645 Patrem,
1520 3579 1635 3633 Non
1674 3596 1798 3649 rogo
1831 3590 1887 3634 ut
1920 3581 2080 3634 tollas

362 3680 448 3719 eos
488 3664 552 3718 de
586 3665 913 3731 mundo,sed
936 3677 991 3720 ut
1028 3682 1203 3721 serves
1227 3683 1311 3722 eos
1332 3683 1401 3722 ex
1437 3672 1582 3722 moto
1605 3671 1794 3739 (Joan.
1823 3685 1961 3734 xvn,
1991 3670 2076 3729 16,

375 3756 478 3823 15).
514 3754 677 3810 Unde
710 3764 766 3809 et
796 3756 888 3809 hic
924 3773 1034 3809 non
1070 3758 1174 3821 ait,
1210 3760 1451 3825 Regnum
1500 3775 1679 3811 meum
1732 3775 1837 3813 non
1888 3764 1965 3813 est
2018 3759 2074 3812 in

368 3842 475 3895 hoc
510 3845 756 3908 mundo;
794 3847 917 3909 sed,
951 3858 1055 3896 non
1085 3848 1159 3897 est
1192 3845 1255 3897 de
1284 3847 1382 3900 hoc
1411 3847 1632 3900 man-Io.
1672 3848 1735 3900 Et
1784 3864 1918 3902 cum
1974 3849 2076 3902 hoc

360 3930 625 3999 probaret
655 3931 874 3998 dicens,
899 3933 957 3984 Si
986 3948 1055 3985 ea:
1085 3932 1181 3985 hoc
1208 3934 1408 3988 munito
1439 3945 1569 3989 esset
1600 3952 1831 4005 regnum
1862 3954 2066 4003 meum,

364 4020 614 4072 ministri
633 4018 740 4072 mei
764 4023 951 4089 utique
972 4021 1332 4088 decertarent,
1348 4028 1409 4076 ut
1430 4039 1537 4076 non
1563 4025 1810 4080 traderer
1826 4026 2031 4081 Iudaeis
2053 4044 2075 4081 :

372 4126 488 4164 non
522 4112 622 4171 ait,
657 4114 814 4167 Nunc
843 4116 1026 4166 autem
1059 4128 1285 4182 regnum
1316 4130 1499 4167 meum
1532 4130 1643 4169 non
1667 4120 1755 4170 est
1790 4116 1913 4184 hic;
1950 4118 2071 4185 sed,

370 4214 479 4257 non
500 4206 580 4256 est
601 4202 747 4255 hinc.
773 4200 875 4256 Hic
899 4205 987 4257 est
1010 4202 1162 4257 enim
1197 4218 1442 4275 regnum
1466 4204 1593 4273 ejus
1619 4221 1795 4275 usque
1819 4205 1875 4260 in
1903 4208 2073 4262 tinem

369 4292 590 4360 seculi,
624 4292 845 4348 habens
896 4294 1047 4350 inter
1092 4310 1151 4349 se
1190 4296 1502 4350 commixta
1531 4296 1750 4351 zizania
1784 4313 1969 4368 usque
2002 4298 2070 4351 ad

371 4398 658 4450 messem;
693 4382 898 4438 messis
930 4387 1084 4438 enim
1120 4384 1251 4440 finis
1282 4390 1369 4441 est
1402 4385 1617 4453 szeculi,
1650 4386 1882 4457 quando
1918 4402 2073 4441 mes-

370 4489 531 4528 sores
556 4472 805 4539 venient,
831 4474 887 4528 id
911 4480 999 4528 est
1021 4474 1247 4546 Angeli,
1272 4483 1323 4529 et
1359 4474 1631 4545 colligant
1652 4475 1720 4530 de
1748 4492 1923 4547 regno
1947 4479 2073 4545 ejus

370 4564 568 4619 omnia
598 4564 873 4619 scandala
904 4562 1112 4634 (Matth.
1146 4580 1268 4624 xm,
1301 4562 1511 4636 38-41);
1545 4566 1695 4635 quod
1729 4566 1925 4637 utique
1958 4582 2072 4621 non

373 4655 554 4721 tieret,
588 4654 636 4709 si
671 4670 913 4724 regnum
943 4654 1068 4723 ejus
1104 4670 1216 4709 non
1250 4660 1405 4710 esset
1437 4655 1547 4712 hic.
1584 4657 1692 4712 Sed
1731 4662 1920 4713 tamen
1959 4675 2069 4713 non

368 4748 455 4797 est
503 4742 672 4809 hinc;
709 4743 843 4813 quia
893 4744 1294 4815 peregrinatur
1344 4745 1404 4799 in
1456 4747 1672 4800 mundo
1707 4764 1720 4802 :
1757 4763 1933 4818 regno
1965 4765 2072 4803 suo

367 4830 576 4903 quippe
607 4831 766 4901 dicit,
800 4832 872 4887 De
903 4838 1110 4888 man/Io
1153 4848 1258 4887 non
1292 4836 1440 4901 estis,
1474 4835 1565 4889 sed
1595 4851 1691 4903 ego
1725 4852 1809 4891 vos
1841 4836 1983 4905 elegi
2012 4838 2073 4892 de

367 4924 569 4979 mundo
593 4923 773 4996 (Joitn.
808 4938 902 4988 xv,
939 4924 1046 4994 19).
1085 4923 1260 4978 Erant
1294 4940 1428 4996 ergo
1463 4926 1533 4981 de
1567 4928 1807 4993 mundo,
1839 4930 2069 4997 quando

365 5031 606 5086 regnum
640 5016 767 5085 ejus
803 5031 915 5069 non
947 5018 1133 5080 erant,
1157 5016 1256 5069 sed
1283 5014 1352 5068 ad
1380 5016 1575 5069 mundi
1601 5016 1918 5086 principem
1946 5034 2071 5088 per-

370 5106 651 5161 tinebant.
690 5107 763 5160 De
816 5106 1036 5160 mundo
1067 5109 1155 5159 est
1186 5120 1320 5175 ergo
1360 5105 1639 5175 quidquid
1692 5104 1997 5163 hominum
2041 5128 2071 5163 a

368 5214 498 5254 vero
531 5198 769 5269 quidem
804 5197 919 5253 Deo
953 5197 1348 5257 creatum,sed
1376 5213 1441 5250 ex
1466 5198 1644 5252 Adam
1671 5198 1866 5252 vitiata
1897 5204 2071 5270 atque

365 5289 638 5343 damnata
663 5286 845 5357 stirpe
877 5295 1216 5358 generatum
1251 5296 1374 5340 est:
1404 5286 1617 5341 factum
1647 5292 1731 5341 est
1763 5300 1951 5343 autem
1988 5305 2069 5343 re-

367 5392 545 5447 gnum
583 5393 696 5432 nun
738 5378 857 5445 jam
891 5377 961 5433 de
994 5376 1231 5443 mundo,
1266 5376 1547 5447 quidquid
1584 5376 1716 5432 inde
1749 5377 1805 5431 in
1840 5377 2068 5433 Christo

367 5472 767 5535 regeneratum
809 5474 919 5523 est.
952 5468 1044 5524 Sic
1084 5468 1240 5525 enim
1286 5484 1391 5524 nos
1432 5467 1585 5523 Deus
1631 5469 1781 5523 eruit
1810 5471 1877 5522 de
1912 5474 2066 5538 pote-

366 5562 516 5613 state
549 5560 937 5628 tenebrarum,
962 5569 1011 5615 et
1035 5560 1341 5616 transtulit
1364 5560 1419 5614 in
1444 5575 1688 5629 regnum
1717 5559 1846 5614 Filii
1869 5561 2067 5616 Chari-

368 5646 500 5705 titis
532 5663 651 5703 suae
682 5645 907 5719 (Cotoss.
940 5664 983 5718 ι,
1017 5649 1103 5719 13)
1130 5664 1144 5703 :
1175 5649 1245 5703 de
1276 5664 1391 5717 quo
1426 5664 1603 5719 regno
1638 5648 1795 5717 dicit,
1829 5650 2069 5720 Regnum

1304 298 1395 358 IN
1440 299 1765 360 JOANNIS
1814 295 2357 369 EVANGELIUM,
2402 296 2465 357 S.
2514 296 2936 361 AUGUSTINI

3727 300 3882 359 1940

2174 446 2358 485 meum
2391 446 2496 486 non
2529 435 2605 486 est
2636 430 2702 485 de
2732 429 2829 485 hoc
2858 426 3099 489 mundo;
3130 426 3241 494 vel,
3270 428 3515 499 Regnum
3552 445 3733 488 meum
3773 448 3881 488 non

2176 526 2256 574 est
2289 521 2438 578 hinc.

2246 609 2299 666 3.
2330 609 2479 664 Dixit
2510 610 2692 680 itaque
2720 609 2772 665 ei
2805 607 3022 664 Pilatus
3053 624 3072 664 :
3107 610 3247 677 Ergo
3290 625 3391 664 rex
3427 626 3480 665 es
3520 614 3621 667 lu?
3662 612 3888 674 Respon-

2176 699 2256 753 dit
2285 700 2436 754 Iesus
2458 715 2477 754 :
2510 698 2580 753 Tu
2610 698 2748 753 dicis
2777 699 2908 768 quia
2939 714 3040 754 rex
3069 714 3186 753 sum
3220 714 3336 769 ego.
3368 697 3492 754 Non
3525 700 3658 771 quia
3691 716 3885 772 regem

2178 805 2238 845 se
2272 790 2470 844 timuit
2522 788 2822 857 confiteri;
2858 789 2956 844 sed
2995 788 3067 843 Tu
3097 788 3232 844 dicis
3265 790 3343 844 ita
3374 788 3649 845 libratum
3682 796 3793 856 est,
3828 795 3890 847 ut

2180 896 2364 951 neque
2388 896 2450 935 se
2474 894 2663 950 regem
2690 888 2855 951 neget
2879 878 3002 951 (rex
3024 884 3109 934 est
3131 879 3285 934 enim
3311 879 3478 950 cujus
3501 895 3747 951 regnum
3772 897 3885 937 non

2179 976 2267 1026 est
2290 974 2357 1025 de
2391 970 2498 1025 hoc
2530 970 2798 1041 mundo),
2824 986 3009 1041 neque
3038 985 3230 1042 regem
3258 969 3432 1026 talem
3464 987 3525 1027 se
3554 986 3683 1027 esse
3715 970 3888 1026 taleae

2179 1064 2295 1125 tur,
2327 1061 2498 1130 cujus
2548 1075 2791 1131 regnum
2839 1064 3075 1128 putetur
3105 1074 3235 1114 esse
3266 1060 3335 1114 de
3373 1058 3481 1115 hoc
3517 1060 3756 1115 mundo.
3789 1060 3891 1115 Ta-

2178 1150 2292 1205 lem
2321 1150 2534 1223 quippe
2564 1149 2658 1204 ille
2689 1148 2975 1204 sentiebat
3006 1149 3101 1220 qui
3136 1150 3376 1218 dixerat,
3412 1148 3549 1220 Ergo
3580 1165 3681 1205 rex
3708 1166 3762 1207 es
3791 1152 3890 1205 lu.’

2182 1240 2273 1294 cui
2306 1255 2651 1312 responsum
2684 1244 2791 1302 est,
2822 1240 2893 1293 Tu
2914 1238 3053 1294 dicis
3072 1240 3206 1311 quia
3235 1255 3336 1294 rex
3365 1256 3487 1294 sum
3516 1255 3635 1309 ego.
3668 1239 3890 1295 Dictum

2183 1335 2271 1386 est
2292 1330 2468 1397 enim,
2494 1330 2564 1385 Tu
2594 1328 2758 1399 dicis,
2784 1345 2847 1384 ac
2881 1329 2929 1386 si
2957 1329 3174 1386 dictum
3206 1334 3383 1401 esset,
3406 1329 3653 1387 carnalis
3684 1346 3893 1386 carna-

2184 1420 2315 1476 liter
2346 1420 2513 1477 dicis.

2256 1512 2305 1567 4.
2342 1511 2561 1567 Deinde
2599 1512 2903 1584 subjungit
2939 1527 2953 1567 :
2986 1513 3094 1581 Ego
3128 1510 3185 1566 in
3218 1510 3312 1566 hoc
3355 1519 3527 1567 natus
3556 1527 3698 1580 sum,
3730 1515 3785 1566 et
3814 1510 3895 1566 ad

2185 1600 2282 1656 hoc
2298 1602 2421 1658 veni
2441 1602 2499 1657 in
2519 1603 2808 1673 mundum,
2824 1612 2884 1658 ut
2899 1603 3273 1658 testimonium
3307 1601 3626 1673 perhibeam
3646 1600 3896 1657 veritati.

2187 1690 2310 1749 Non
2344 1696 2428 1747 est
2460 1692 2832 1763 producenda
2862 1691 3042 1763 hujus
3072 1690 3434 1763 pronominis
3466 1690 3710 1763 syllaba,
3737 1690 3893 1762 quod

2185 1783 2283 1849 ait,
2316 1784 2375 1838 In
2410 1783 2509 1839 hoc
2532 1789 2695 1839 natus
2725 1802 2867 1851 sum,
2902 1788 3174 1854 tanquam
3205 1782 3433 1854 dixerit,
3470 1781 3533 1837 In
3565 1782 3671 1837 hac
3706 1798 3765 1838 re
3793 1800 3902 1837 na-

2187 1878 2281 1929 tus
2315 1890 2446 1929 sum
2474 1891 2487 1931 :
2512 1875 2608 1930 sed
2642 1873 3025 1946 corripienda,
3058 1876 3342 1945 tanquam
3370 1871 3601 1938 dixerit,
3624 1872 3711 1927 Ad
3746 1871 3899 1929 hanc

2188 1980 2308 2019 rem
2338 1968 2509 2020 natus
2541 1980 2695 2033 sum,
2729 1963 2817 2020 vel
2851 1963 2923 2019 ad
2954 1964 3063 2019 hoc
3094 1968 3268 2019 natus
3301 1978 3465 2030 sum;
3499 1962 3649 2017 sicut
3679 1962 3780 2029 ait,
3815 1962 3895 2016 Ad

2187 2053 2283 2109 hoc
2305 2055 2504 2109 veniin
2528 2055 2897 2109 mundum.ln
2935 2070 3119 2126 graeco
3160 2069 3417 2125 namque
3457 2052 3767 2124 Evangelio
3809 2051 3899 2107 ni-

2188 2145 2268 2200 hil
2302 2150 2390 2201 est
2420 2146 2593 2217 hujus
2624 2145 2932 2202 locutionis
2965 2145 3305 2217 ambiguum
3327 2142 3426 2215 (a).
3452 2142 3615 2199 Unde
3647 2143 3898 2199 manife-

2187 2243 2341 2291 stum
2363 2240 2450 2291 est
2471 2252 2601 2291 eum
2632 2234 3009 2307 temporalem
3037 2236 3397 2291 nativitatem
3422 2251 3589 2289 suam
3614 2233 3709 2289 hic
3733 2249 3862 2289 com
3880 2263 3899 2274 ο

2189 2340 2564 2393 memorasse,
2597 2342 2710 2396 qua
2759 2324 3095 2381 incarnatus
3128 2323 3285 2378 venit
3316 2322 3373 2376 in
3409 2323 3734 2390 mundum;
3780 2337 3899 2377 non

2188 2413 2349 2470 illam
2384 2415 2509 2470 sine
2540 2414 2707 2471 initio
2725 2432 2842 2487 qua
2873 2414 3025 2471 Deus
3056 2418 3198 2480 erat,
3225 2432 3326 2487 per
3349 2430 3520 2486 quem
3554 2414 3722 2468 Pater
3751 2429 3899 2468 con-

2189 2504 2334 2559 didit
2385 2504 2695 2560 mundum.
2730 2505 2791 2558 In
2837 2504 2943 2558 hoc
2972 2519 3104 2574 ergo
3154 2519 3215 2559 se
3266 2502 3410 2557 dixit
3459 2506 3681 2569 natum,
3716 2501 3773 2556 id
3807 2506 3908 2557 est

2190 2599 2422 2665 propter
2472 2595 2580 2651 hoc
2631 2598 2859 2665 natum,
2892 2600 2947 2650 et
2978 2596 3045 2649 ad
3087 2593 3195 2650 hoc
3228 2594 3459 2650 venisse
3494 2593 3549 2649 in
3585 2593 3909 2658 mundum,

2188 2685 2389 2756 utique
2422 2687 2711 2743 nascendo
2757 2686 2827 2741 de
2885 2685 3143 2758 Virgine,
3169 2690 3234 2740 ut
3264 2684 3669 2741 testimonium
3706 2684 3902 2756 perhi-

2188 2776 2322 2833 beat
2370 2777 2618 2834 veritati.
2667 2778 2777 2833 Sed
2826 2776 2958 2846 quia
3009 2793 3123 2832 non
3176 2775 3439 2832 omnium
3490 2780 3578 2831 est
3627 2775 3773 2830 fides
3821 2776 3902 2847 (ιι

2190 2867 2367 2924 Thess.
2400 2869 2598 2939 iii,2),
2628 2868 2917 2936 adjunxit,
2953 2871 3123 2939 atque
3168 2868 3248 2922 ait
3280 2883 3294 2922 :
3331 2866 3519 2921 Omnis
3564 2866 3659 2937 qui
3706 2874 3784 2921 est
3833 2881 3907 2920 ea:

2190 2958 2443 3026 veritate,
2469 2960 2638 3013 audit
2664 2973 2845 3013 meam
2870 2973 3068 3013 vocem.
3093 2957 3270 3011 Audit
3296 2956 3496 3028 utique
3529 2954 3910 3011 interioribus

2190 3047 2455 3113 auribus,
2486 3047 2539 3101 id
2577 3051 2684 3114 est,
2719 3046 2960 3102 obaudit
2992 3062 3132 3101 mea:
3165 3046 3283 3101 voci
3311 3062 3324 3101 :
3351 3046 3499 3117 quod
3536 3044 3906 3100 tantumdem

2190 3137 2405 3192 valeret
2437 3138 2483 3192 si
2512 3136 2751 3205 diceret,
2784 3136 2975 3191 Credit
3008 3136 3173 3190 mihi.
3209 3137 3347 3191 Cum
3400 3136 3596 3206 itaque
3629 3134 3910 3190 Christus

2190 3226 2597 3282 testimonium
2632 3226 2895 3296 perhibet
2925 3224 3171 3291 veritati,
3208 3225 3461 3296 profectu
3496 3223 3907 3279 testimonium

2190 3316 2454 3384 perhibet
2484 3316 2593 3371 sibi
2629 3331 2641 3370 :
2679 3316 2806 3386 ejus
2838 3317 3051 3387 quippe
3082 3332 3187 3371 vox
3219 3320 3329 3383 cst,
3365 3317 3471 3387 Ego
3520 3333 3639 3370 sum
3692 3315 3907 3370 veritas

2192 3406 2369 3476 (Joan.
2404 3422 2520 3476 xvr,
2553 3407 2605 3475 6)
2642 3422 2654 3460 :
2690 3412 2747 3462 et
2778 3407 2922 3461 dixit
2971 3405 3083 3461 alio
3134 3421 3362 3478 quoque
3412 3406 3556 3472 loco,
3592 3405 3696 3476 Ego
3747 3408 3909 3461 testi-

2191 3497 2436 3551 monium
2486 3496 2742 3567 periti/reo
2774 3498 2839 3550 de
2882 3512 2963 3551 me
2989 3495 3092 3570 (ltt.
3126 3511 3252 3565 vm,
3290 3496 3396 3568 18).
3432 3496 3591 3562 Quod
3623 3512 3759 3551 vero
3794 3496 3902 3563 ait,

2191 3584 2376 3639 Omnis
2409 3587 2505 3657 qui
2534 3594 2613 3640 est
2642 3600 2711 3640 ea:
2744 3586 2988 3652 veritate,
3023 3586 3183 3641 audit
3212 3602 3387 3642 vocem
3423 3601 3615 3653 meam,
3648 3584 3907 3655 gratiam

2188 3675 2617 3729 commendavit
2666 3692 2781 3746 qua
2834 3678 3147 3731 secundum
3202 3675 3560 3746 propositum
3600 3680 3786 3730 vocat.
3820 3674 3909 3732 De

2187 3782 2299 3833 quo
2334 3766 2630 3837 pr0pusito
2662 3765 2802 3820 dicit
2832 3765 3170 3837 Apostolus,
3206 3765 3417 3821 Scimus
3448 3767 3577 3837 quia
3606 3763 3911 3836 diligenti-

2188 3856 2284 3909 bus
2314 3856 2479 3909 Deum
2510 3857 2696 3910 omnia
2728 3862 3095 3924 coeperantur
3126 3858 3185 3911 in
3215 3858 3436 3924 bovum,
3470 3856 3552 3909 his
3584 3857 3679 3923 qui
3704 3871 3910 3910 secun-

2184 3943 2313 3998 dum
2367 3948 2703 4015 prepositum
2753 3944 2849 3998 Dei
2880 3945 3056 3999 vocati
3087 3953 3210 4000 sunt
3238 3944 3417 4017 (Rom.
3448 3961 3569 4011 viii,
3600 3943 3725 4013 28);
3761 3962 3905 4015 pro-

2185 4036 2439 4105 positum
2476 4035 2699 4090 scilicet
2731 4034 3008 4102 vocantis,
3033 4053 3149 4091 non
3173 4040 3503 4091 vocatorum
3533 4051 3545 4088 :
3572 4036 3726 4105 quod
3756 4034 3907 4090 alibi

2184 4126 2442 4197 apertius
2464 4126 2541 4180 ita
2569 4126 2819 4197 positum
2834 4131 2941 4193 est,
2958 4126 3263 4183 Cotlabora
3282 4126 3575 4194 Evangelia
3595 4125 3903 4180 secundum

2182 4217 2446 4272 virtutem
2479 4217 2594 4286 Dei,
2627 4218 2801 4273 salvos
2833 4234 2930 4273 nos
2960 4219 3227 4285 facientis
3259 4226 3308 4274 et
3342 4218 3584 4275 vocantis
3616 4219 3908 4272 vocatione

2181 4325 2283 4364 sua
2303 4317 2493 4363 sancta
2516 4324 2537 4373 ;
2575 4324 2683 4362 non
2720 4308 3016 4363 secundum
3059 4324 3223 4379 opera
3244 4312 3455 4374 nostra,
3479 4306 3570 4363 sed
3596 4306 3908 4362 secundum

2181 4416 2346 4454 suum
2383 4400 2719 4470 propositum
2761 4403 2811 4453 et
2842 4400 3091 4469 gratiam
3122 4397 3197 4471 (II
3230 4398 3367 4454 Tim.
3402 4414 3441 4465 i,
3474 4397 3529 4462 8,
3559 4395 3634 4467 9).
3670 4394 3812 4451 Nam
3854 4396 3904 4451 si

2184 4496 2452 4546 naturam
2484 4490 2809 4560 cogitemus
2834 4489 2891 4543 in
2917 4506 3034 4561 qua
3057 4492 3233 4545 creati
3268 4505 3495 4556 sumus,
3521 4504 3652 4544 cum
3686 4503 3903 4543 omnes

2182 4585 2395 4635 veritas
2428 4579 2723 4645 creaverit,
2758 4578 2887 4649 quis
2918 4596 3029 4634 non
3064 4584 3153 4635 est
3182 4596 3250 4635 ex
3281 4576 3561 4634 veritate?
3609 4578 3723 4632 Sed
3777 4593 3899 4635 non

2183 4686 2386 4725 omnes
2429 4676 2565 4724 sunt
2600 4670 2814 4740 quibus
2847 4675 2908 4724 ut
2936 4669 3177 4725 audiant
3206 4669 3530 4734 veritatem,
3564 4666 3673 4722 hoc
3708 4672 3798 4722 est
3836 4672 3903 4722 ut

2182 4759 2500 4815 obaudiunt
2532 4759 2786 4820 veritati.
2822 4765 2878 4814 et
2908 4760 3146 4816 credant
3194 4759 3255 4815 in
3298 4757 3617 4821 veritatem.
3651 4773 3719 4813 ex
3772 4757 3904 4827 ipsa

2182 4850 2422 4906 veritate
2452 4853 2799 4921 praestatur;
2833 4850 3011 4907 nullis
3063 4849 3254 4921 procul
3293 4850 3469 4905 dubio
3522 4847 3901 4920 praecedenti-

2182 4942 2292 4997 bus
2328 4942 2566 5009 meritis,
2603 4959 2674 4999 ne
2716 4944 2902 5015 gratia
2936 4960 3047 4999 non
3082 4943 3155 4999 sit
3183 4943 3389 5015 gratia.
3428 4942 3487 4998 Si
3518 4941 3676 4997 enim
3711 4940 3901 4995 dixis-

2182 5036 2289 5099 set,
2325 5030 2527 5087 Omnis
2559 5032 2657 5102 qui
2704 5034 2869 5087 audit
2912 5050 3097 5089 meam
3133 5049 3352 5099 vocem,
3388 5048 3457 5087 ex
3489 5030 3727 5085 veritate
3759 5037 3849 5085 est
3885 5044 3901 5083 ι

2180 5119 2309 5175 ideo
2350 5120 2541 5175 dictus
2582 5138 2649 5176 ex
2682 5122 2921 5178 veritate
2973 5128 3311 5194 putaretur:
3347 5121 3483 5192 quia
3531 5119 3899 5188 obtemperat

2178 5210 2409 5265 veritati
2476 5224 2491 5267 :
2556 5226 2671 5267 non
2709 5215 2899 5266 autem
2946 5210 3052 5266 hoc
3095 5213 3204 5277 ait;
3266 5212 3365 5266 sed
3407 5210 3508 5278 ait,
3569 5208 3759 5264 Omnis
3801 5206 3902 5278 qui

2180 5307 2255 5354 est
2334 5314 2403 5353 ea:
2493 5301 2747 5367 veritate,
2807 5301 2961 5356 audit
3002 5318 3180 5357 meam
3220 5316 3420 5356 vocem.
3480 5300 3558 5353 Ae
3621 5313 3720 5369 per
3774 5296 3888 5352 hoc

2182 5403 2296 5442 non
2331 5388 2458 5443 ideo
2491 5397 2577 5443 est
2603 5406 2670 5445 ex
2700 5391 2956 5457 veritate,
2990 5390 3128 5462 quia
3155 5391 3282 5462 ejus
3316 5389 3478 5445 audit
3510 5402 3747 5453 vocem;
3780 5385 3886 5439 sed

2184 5477 2313 5534 ideo
2377 5482 2559 5548 audit,
2621 5483 2757 5552 quia
2813 5499 2879 5537 ex
2936 5484 3177 5539 veritate
3208 5486 3313 5551 est,
3346 5479 3407 5537 id
3460 5483 3563 5547 est,
3598 5477 3737 5550 quia
3776 5474 3887 5531 hoc

2180 5566 2267 5623 illi
2322 5570 2541 5626 donum
2594 5586 2661 5626 ex
2706 5573 2948 5630 veritate
2979 5571 3255 5629 collatum
3289 5577 3397 5629 est.
3431 5568 3590 5637 Quod
3628 5565 3765 5639 quid
3806 5567 3901 5619 est

2240 5666 2314 5731 (a)
2345 5665 2535 5727 Gram,
2566 5667 2642 5717 eis
2674 5669 2829 5720 todto.
