4182 6198
323 301 473 361 1941

1515 305 1981 367 TBACTATUS
2027 305 2228 366 CXVI.
2277 308 2536 371 CAPUT
2582 311 2684 373 ΧΙ.

3689 315 3845 378 1942

316 436 500 504 aliud,
554 452 728 506 quam
777 437 1025 491 donante
1085 437 1311 493 Christo
1373 437 1553 492 credit
1608 438 1664 492 in
1696 436 2039 492 Christum?
2148 438 2291 493 Hinc
2340 449 2581 512 apparet
2630 456 2742 497 non
2792 441 3098 512 ignorante
3129 440 3312 496 Pilato
3346 442 3462 496 llmt‘
3498 460 3528 497 a
3563 443 3849 502 militibus

481 526 633 581 Dixit
654 525 707 580 ei
730 526 943 580 Pilatus
966 543 983 581 :
1007 526 1145 593 Quid
1166 534 1245 581 est
1270 528 1512 581 veritas?
1537 527 1651 582 Nec
1681 525 2039 598 exspectavit
2145 526 2317 597 facta,
2351 529 2467 584 sive
2502 530 2748 599 jusserit
2778 546 2865 598 ea,
2898 529 3018 585 sive
3068 529 3429 600 permiserit;
3483 530 3581 584 illa
3629 532 3848 588 scilicet

322 613 529 669 audire
558 630 942 685 responsum;
968 615 1067 671 sed
1097 631 1220 671 cum
1248 621 1345 671 hoc
1365 615 1612 684 dixisset,
1635 617 1835 672 iterum
1861 614 2034 669 exivit

325 704 403 759 ad
432 704 668 772 Iudaeos,
700 711 751 759 et
783 704 924 759 dixit
951 706 1027 760 eis
1056 721 1075 759 :
1107 707 1215 777 Ego
1246 706 1461 761 nullam
1495 704 1715 761 invenio
1746 706 1805 760 in
1828 720 1886 759 eo
1908 720 2035 759 cau-

321 810 461 848 sam.
488 795 576 849 Est
604 802 790 849 autem
816 794 1147 850 consuetudo
1178 796 1327 850 vobis
1348 802 1410 849 ut
1438 813 1607 850 unum
1640 795 1914 850 dimittam
1939 809 2033 849 vo-

321 885 399 938 bis
432 884 491 938 in
531 884 777 946 Pascha;
806 885 971 939 vultis
1019 900 1145 954 ergo
1189 885 1466 939 dimittam
1518 882 1667 940 vobis
1715 898 1891 954 regem
1935 884 2028 937 lus

315 972 604 1029 decorum?
626 974 805 1029 Credo
826 991 960 1029 curn
992 973 1231 1029 dixisset
1262 974 1500 1042 Pilatus,
1528 972 1667 1041 Quid
1690 977 1771 1027 est
1792 972 2030 1026 veritas?

314 1064 375 1118 in
412 1067 667 1120 mentem
709 1063 791 1118 illi
827 1065 1054 1120 venisse
1086 1063 1364 1119 continuo
1409 1061 1890 1120 consuetudinem
1925 1060 2030 1116 Ju-

316 1154 595 1222 dzeorum,
632 1170 748 1224 qua
780 1154 1006 1210 solebat
1037 1154 1120 1211 eis
1154 1154 1369 1209 dimitti
1403 1169 1554 1209 unus
1584 1153 1645 1209 in
1676 1152 1898 1207 Pascha
1928 1167 1940 1207 ε
1974 1155 2030 1207 et

317 1249 449 1303 ideo
475 1264 586 1303 non
610 1247 963 1319 exspectavit
989 1250 1052 1303 ut
1085 1247 1461 1318 responderet
1488 1246 1535 1301 ei
1567 1246 1742 1300 Jesus
1776 1244 1909 1315 quid
1943 1249 2029 1297 est

314 1337 553 1401 veritas,
583 1352 655 1392 ne
686 1352 847 1391 mora
878 1337 1062 1404 fieret,
1095 1352 1228 1391 cum
1264 1334 1600 1391 recoluisset
1650 1348 1866 1387 morem
1912 1347 2025 1402 quo

316 1432 517 1497 posset
565 1426 649 1482 eis
699 1444 801 1497 per
850 1427 1068 1481 Pascha
1098 1425 1349 1488 dimitti;
1385 1426 1537 1495 quod
1571 1440 1702 1478 eum
1737 1421 1904 1477 valde
1936 1438 2029 1477 vo-

312 1516 499 1573 luisse
550 1517 927 1572 manifestum
977 1522 1086 1572 est.
1117 1516 1297 1571 Avelli
1332 1520 1527 1571 tamen
1580 1531 1647 1571 ex
1694 1514 1821 1583 ejus
1853 1514 2027 1568 corde

314 1623 431 1661 non
487 1606 673 1677 potuit
720 1606 920 1663 Jesum
963 1622 1152 1679 regem
1192 1621 1319 1661 esse
1348 1605 1711 1670 Judaeorum,
1747 1614 2025 1673 tanquam

312 1696 426 1751 hoc
477 1697 577 1762 ibi,
612 1696 766 1752 sicut
810 1697 868 1752 in
920 1697 1118 1767 titulo,
1149 1697 1279 1769 ipsa
1326 1696 1537 1752 veritas
1578 1693 1785 1762 ﬁxerit;
1816 1695 1885 1749 de
1914 1710 2027 1764 qua

314 1787 461 1859 quid
497 1791 648 1843 esset
676 1786 1073 1858 interrogavit.
1107 1787 1217 1843 Sed
1252 1787 1359 1843 hoc
1389 1787 1607 1852 audito,
1641 1784 2028 1840 Ctamaverunt

308 1894 541 1933 rursum
589 1894 774 1934 omnes
830 1878 1069 1934 dicentes
1120 1892 1140 1933 :
1186 1879 1299 1934 Non
1350 1879 1515 1944 hunc,
1560 1879 1653 1933 sed
1699 1875 2025 1931 Barabbam.

312 1970 449 2023 Erat
503 1975 689 2023 autem
736 1968 1017 2023 Barabbas
1067 1969 1229 2026 latro.
1279 1968 1402 2025 Non
1454 1966 1955 2039 reprehendimus,
1996 1982 2028 2021 0

306 2057 520 2126 Judaei,
545 2058 698 2129 quod
732 2074 833 2130 per
864 2058 1082 2114 Pascha
1114 2057 1371 2114 liberatis
1404 2062 1726 2125 nocentem,
1750 2056 1850 2111 sed
1873 2056 2028 2127 quod

311 2147 582 2201 occiditis
616 2147 981 2203 innocentem
1014 2163 1027 2202 :
1059 2148 1211 2218 quod
1246 2152 1439 2203 tamen
1472 2146 1584 2202 nisi
1619 2147 1799 2211 ﬁeret,
1824 2161 2025 2200 verum

313 2236 537 2292 Pascha
582 2253 696 2293 non
739 2237 920 2295 fieret.
954 2237 1063 2293 Sed
1107 2238 1315 2293 umbra
1344 2238 1603 2293 veritatis
1634 2252 1667 2291 a
1696 2235 1908 2291 Judteis
1935 2252 2026 2291 er-

308 2327 583 2381 rantibus
614 2328 945 2394 tenebatur,
977 2334 1032 2383 et
1064 2326 1319 2382 mirabili
1363 2326 1792 2397 dispensatione
1823 2325 2026 2380 divina:

313 2415 614 2487 sapientia:
648 2433 748 2487 per
777 2416 1044 2472 homines
1082 2417 1313 2473 fallaces
1345 2415 1605 2487 ejusdem
1640 2415 1860 2471 umbrae
1886 2416 2027 2470 veri-

304 2508 398 2559 tas
429 2503 811 2574 implebatur;
839 2507 976 2577 quia
1000 2509 1059 2560 ut
1082 2522 1284 2561 verum
1308 2505 1529 2561 Pascha
1552 2506 1734 2571 fieret,
1759 2503 2026 2559 Christus

309 2591 474 2648 velut
501 2593 625 2649 ovis
655 2592 1092 2651 immolabatur.
1126 2596 1271 2650 Hinc
1302 2611 1371 2651 ea
1414 2602 1744 2665 sequuntur
1782 2610 1906 2663 quae
1936 2592 2023 2647 in-

296 2684 529 2753 juriosa
578 2683 804 2740 Christo
853 2684 1076 2741 Pilatus
1106 2689 1163 2741 et
1192 2684 1403 2741 cohors
1433 2688 1560 2757 ejus
1614 2683 1891 2756 ingessit;
1924 2683 2025 2739 sed

308 2773 428 2829 alia
459 2774 853 2847 disputatione
886 2776 1188 2831 tractanda
1220 2780 1378 2831 sunt.

848 2865 1264 2921 TRACTATUS
1302 2864 1474 2921 CXVI

309 2954 373 3009 In
408 2953 467 3009 id
494 2955 636 3026 quod
680 2955 953 3028 sequitur,
985 2960 1144 3012 Tunc
1194 2972 1328 3028 ergo
1378 2953 1764 3027 apprehendit
1810 2953 2026 3011 Pilatus

380 3032 609 3099 Jesum,
633 3038 688 3089 et
719 3033 1064 3107 ﬂagellavit:
1100 3050 1269 3107 usque
1292 3034 1361 3090 ad
1388 3034 1466 3099 id,
1498 3034 1894 3104 Susceperunt
1924 3049 2025 3088 au-

377 3120 498 3173 tem
527 3114 753 3183 Jesum,
785 3121 843 3171 et
873 3116 1217 3172 eduxerunt.
1254 3117 1381 3187 Cap.
1416 3132 1531 3183 xxx,
1568 3115 1620 3183 ᾖ.
1660 3114 1818 3169 1-16.

376 3234 426 3288 1.
458 3232 603 3287 Cum
627 3232 813 3288 Judaei
842 3232 1221 3301 clamassent,
1247 3250 1360 3289 non
1394 3232 1597 3288 Jesum
1631 3229 1744 3287 sibi
1776 3248 1807 3285 a
1839 3229 2022 3286 Pilato

295 3322 518 3377 dimitti
566 3322 710 3378 velle
765 3339 870 3395 per
922 3324 1173 3392 Pascha,
1209 3325 1303 3379 sed
1352 3322 1671 3378 Barabbam
1702 3321 2020 3389 latronem;

302 3427 424 3467 non
488 3411 857 3479 salvatorem,
919 3414 1018 3469 sed
1077 3414 1541 3475 interfectorem;
1595 3428 1707 3468 non
1761 3412 2022 3467 datorem

302 3499 458 3569 vitae,
485 3502 577 3556 sed
612 3502 1009 3573 ademptorem
1046 3517 1060 3557 :
1090 3503 1232 3557 Tunc
1260 3500 1623 3573 apprehendit
1672 3502 1889 3555 Pilatus
1936 3500 2023 3555 Je-

300 3606 449 3657 sum,
484 3600 533 3645 et
562 3590 896 3663 ﬂagellauit.
928 3595 1047 3649 Hoc
1081 3592 1298 3647 Pilatus
1343 3608 1456 3646 non
1489 3592 1559 3646 ob
1602 3590 1761 3646 aliud
1812 3590 2020 3645 fecisse

298 3681 629 3735 credendus
662 3686 767 3748 est,
797 3680 908 3735 nisi
942 3689 1003 3735 ut
1034 3682 1161 3752 ejus
1194 3681 1428 3752 injuriis
1460 3680 1643 3736 Judaei
1675 3679 1871 3737 satiati
1899 3680 2019 3735 suf—

304 3770 478 3825 ficere
527 3769 641 3825 sibi
691 3771 1106 3836 existimarent,
1140 3775 1196 3827 et
1247 3786 1435 3842 usque
1482 3772 1552 3825 ad
1603 3771 1730 3840 ejus
1771 3775 2018 3825 mortem

300 3862 506 3915 saevire
532 3860 904 3917 desisterent.
924 3863 1007 3917 Ad
1034 3862 1132 3919 hoc
1156 3864 1406 3934 pertinet
1433 3863 1583 3934 quod
1616 3862 1772 3917 idem
1807 3878 2019 3933 praises

302 3949 603 4006 cohortem
630 3968 797 4006 suam
823 3952 994 4007 etiam
1020 3952 1285 4024 permisit
1311 3953 1494 4009 facere
1516 3968 1641 4023 quae
1664 3960 2018 4024 sequuntur;

302 4042 410 4094 aut
445 4040 708 4095 fortassis
743 4046 795 4095 et
819 4041 1019 4111 jussit,
1054 4040 1323 4112 quamvis
1373 4042 1480 4097 hoc
1523 4042 1897 4113 Evangelista
1926 4046 2024 4097 ta—

299 4128 510 4184 cuerit.
545 4129 701 4185 Dixit
737 4129 893 4185 enim
928 4129 1066 4202 quid
1098 4130 1307 4187 deinde
1340 4132 1579 4187 fecerint
1609 4132 1852 4201 milites;
1877 4132 2023 4187 Pila—

306 4223 439 4274 tum
484 4222 677 4275 tamen
710 4219 766 4275 id
795 4219 1042 4290 jussisse
1092 4236 1205 4276 non
1258 4220 1424 4277 dixit.
1457 4223 1521 4275 Et
1553 4222 1778 4289 milites,
1809 4220 2017 4292 inquit,

303 4309 601 4381 ptectentes
626 4326 889 4367 coronam
912 4310 976 4366 de
995 4310 1173 4380 spinis
1196 4312 1575 4383 imposuerunt
1602 4312 1779 4382 capiti
1797 4312 1939 4381 ejus,
1963 4316 2018 4365 et

297 4407 443 4456 veste
489 4416 738 4473 purpure
786 4401 1260 4458 circumdederunt
1308 4419 1454 4458 eum.
1498 4403 1563 4458 Et
1612 4400 1895 4458 ueniebant
1943 4400 2019 4457 ad

293 4508 425 4547 eum
479 4497 529 4546 et
579 4490 877 4545 dicebant:
913 4491 1036 4561 Ai'e,
1078 4507 1180 4547 rea:
1228 4492 1566 4549 Iudaeorum.
1614 4493 1676 4547 Et
1723 4491 1924 4547 dabant
1968 4495 2020 4548 ei

294 4582 516 4652 alapas.
548 4581 642 4637 Sic
676 4580 1074 4652 implebantur
1104 4598 1227 4653 quae
1260 4584 1329 4638 de
1370 4598 1431 4638 se
1481 4581 1817 4655 praedixerat
1848 4581 2018 4637 Chri-

295 4676 429 4727 stus
456 4688 469 4724 :
492 4671 575 4727 sic
598 4678 881 4740 martyres
904 4671 1375 4727 informabantur
1404 4674 1472 4728 ad
1495 4674 1693 4729 omnia
1724 4689 1848 4745 qua:
1887 4689 2015 4744 per-

290 4766 595 4820 secutores
628 4760 898 4817 libuisset
931 4762 1131 4827 facere,
1185 4764 1557 4832 perferenda;
1593 4762 1677 4818 sic
1724 4762 2018 4835 paulisper

294 4854 595 4912 occultata
655 4852 955 4908 tremenda
986 4854 1267 4924 potentia,
1300 4853 1823 4910 commendabatur
1855 4855 2016 4926 prius

288 4943 583 5002 imitanda
616 4942 935 5013 patientia;
970 4942 1055 4999 sic
1087 4959 1334 5014 regnum
1367 4944 1521 5017 quod
1554 4946 1623 4998 de
1655 4942 1764 4999 hoc
1798 4945 2016 5001 mundo

291 5037 573 5101 nouerat,
590 5032 905 5103 superbum
923 5033 1207 5089 mundum
1228 5051 1342 5089 non
1372 5034 1670 5090 atrocitate
1692 5035 2014 5105 pugnandi,

291 5125 399 5184 sed
448 5121 707 5195 patiendi
754 5121 1083 5179 humilitate
1112 5125 1410 5192 vincebat;
1446 5124 1530 5181 sic
1580 5124 1722 5180 illud
1768 5141 2012 5194 granum

293 5213 815 5286 multiplicandum
839 5214 1240 5271 seminabatur
1262 5215 1526 5271 horribili
1554 5215 1927 5285 contumelia,
1952 5220 2017 5270 ut

296 5303 557 5363 mirabili
592 5300 985 5374 pullularetin
1019 5302 1231 5373 gloria.

370 5400 423 5452 2.
463 5394 616 5449 Exiit
664 5390 866 5446 iterum
909 5392 1121 5449 Pilatus
1150 5398 1319 5464 lorus,
1352 5403 1402 5450 et
1430 5394 1565 5449 dicit
1594 5394 1674 5446 eis
1705 5408 1724 5447 :
1756 5394 1885 5448 Ecce
1917 5394 2016 5449 ad-

295 5488 434 5545 duco
474 5500 599 5541 eum
637 5484 810 5552 foras,
836 5485 893 5536 ut
924 5486 1261 5553 cognoscatis
1291 5486 1427 5557 quia
1457 5483 1515 5539 in
1549 5498 1611 5539 eo
1639 5483 1855 5538 nullam
1884 5500 2015 5541 cau-

293 5595 413 5635 sam
440 5573 686 5632 inuenio.
712 5570 866 5627 Exiit
886 5587 1012 5640 ergo
1036 5574 1190 5630 Jesus
1219 5581 1451 5647 portans
1476 5572 1727 5645 spineam
1758 5588 2013 5631 coronam

295 5679 348 5727 et
397 5679 747 5741 purpureum
792 5661 1195 5721 vestimentum.
1230 5668 1295 5723 Et
1335 5666 1466 5722 dicit
1496 5666 1576 5720 eis
1610 5679 1625 5717 :
1660 5664 1787 5720 Ecce
1830 5664 2009 5724 homo.

2144 632 2342 687 causa,
2395 634 2572 690 quam
2624 636 2795 691 supra
2840 618 3120 687 diximus,
3154 622 3218 673 ut
3266 616 3387 673 haec
3427 618 3553 687 ejus
3599 618 3849 675 ludibria

2142 704 2363 761 inimici
2394 704 2785 765 libentissime
2818 708 3104 773 biberent,
3137 710 3192 762 et
3224 706 3466 763 ulterius
3497 708 3843 779 sanguinem

2141 811 2256 850 non
2289 796 2539 853 sitirent.
2566 797 2877 869 Egreditur
2898 798 2969 853 ad
2993 812 3091 853 eos
3111 796 3285 852 Jesus
3309 800 3548 867 portans
3581 797 3843 869 spineam

2140 900 2414 940 coronam
2438 890 2495 942 et
2527 902 2887 959 purpureum
2920 885 3355 952 vestimentum,
3381 901 3496 942 non
3519 885 3713 943 clarus
3734 886 3846 942 im-

2139 975 2320 1044 perio,
2371 976 2469 1029 sed
2522 975 2729 1046 plenus
2788 974 3136 1048 opprobrio;
3189 978 3246 1030 et
3296 974 3514 1031 dicitur
3560 975 3666 1043 eis,
3716 976 3847 1032 Ecce

2137 1062 2298 1119 homo
2329 1081 2349 1120 :
2379 1065 2427 1120 si
2458 1066 2580 1136 regi
2610 1066 2905 1135 invidetis,
2935 1067 3057 1137 jam
3106 1066 3343 1136 parcite,
3377 1065 3516 1137 quia
3553 1065 3843 1136 dejectum

2135 1152 2343 1207 videtis
2360 1178 2373 1220 ;
2390 1153 2716 1225 flagellatus
2738 1158 2847 1224 est,
2865 1155 3055 1228 spinis
3075 1160 3385 1211 coronatus
3400 1158 3510 1222 est,
3525 1153 3847 1211 ludibriosa

2134 1245 2291 1297 veste
2319 1242 2563 1298 amictus
2593 1249 2700 1313 est,
2734 1245 2946 1301 amaris
2977 1244 3253 1301 conviciis
3284 1245 3497 1301 illusus
3522 1249 3630 1313 est,
3660 1242 3845 1315 alapis

2137 1347 2321 1388 cessus
2352 1336 2439 1387 est
2477 1349 2490 1399 ;
2527 1334 2703 1389 fervet
2755 1334 3092 1405 ignominia,
3144 1335 3416 1405 frigescat
3461 1332 3701 1391 invidia.
3733 1334 3843 1389 Sed

2138 1438 2253 1478 non
2287 1423 2566 1493 frigescit,
2599 1424 2918 1481 inardescit
2950 1424 3141 1495 potius
3169 1429 3223 1480 et
3256 1424 3552 1482 increscit.

2206 1512 2259 1565 3.
2294 1534 2322 1561 «
2348 1512 2489 1567 Cum
2514 1530 2645 1581 ergo
2669 1514 2954 1570 vidissent
2985 1530 3116 1570 eum
3150 1514 3453 1585 pontiﬁces
3474 1518 3532 1571 et
3570 1511 3843 1583 ministri,

2138 1603 2463 1660 clamabant
2514 1609 2776 1662 dicentes
2810 1623 2825 1662 :
2859 1608 3165 1680 Cruciﬁge,
3200 1607 3476 1679 crucifige
3505 1623 3662 1664 eum.
3696 1606 3847 1663 Dicit

2138 1694 2220 1749 eis
2266 1694 2531 1750 Pilatus:
2568 1696 2827 1766 Accipite
2878 1714 3011 1753 eum
3053 1713 3174 1767 vos,
3228 1703 3285 1753 et
3333 1698 3689 1768 crucifigite;
3738 1713 3843 1769 ego

2136 1785 2289 1841 enim
2326 1801 2440 1840 non
2474 1785 2704 1842 invenio
2726 1787 2783 1842 in
2810 1803 2875 1843 eo
2899 1804 3159 1845 causam.
3184 1789 3627 1860 Responderunt
3656 1788 3707 1844 ei
3735 1787 3844 1843 Ju-

2139 1874 2244 1931 daei
2272 1891 2284 1929 :
2308 1874 2423 1931 Nos
2462 1875 2667 1948 Legem
2701 1878 3007 1945 habemus,
3041 1883 3098 1934 et
3130 1880 3457 1935 secundum
3503 1883 3709 1949 Legem
3740 1878 3842 1933 de-

2140 1966 2235 2020 bet
2266 1967 2434 2032 mori,
2459 1968 2594 2036 quia
2626 1967 2837 2023 Filium
2869 1967 2967 2023 Dei
3001 1984 3063 2024 se
3090 1968 3241 2025 fecit.
3272 1989 3303 2020 »
3334 1968 3479 2026 Ecce
3511 1969 3691 2025 altera
3720 1983 3842 2024 ma-

2133 2054 2227 2123 jor
2275 2054 2506 2110 invidia.
2542 2055 2721 2111 Parva
2750 2058 2967 2129 quippe
3016 2057 3112 2112 illa
3144 2057 3471 2127 videbatur,
3500 2057 3659 2114 velut
3701 2056 3843 2113 atie-

2138 2148 2305 2200 ctatae
2328 2143 2527 2200 illicito
2551 2162 2720 2212 ausu,
2737 2147 2902 2218 regias
2928 2146 3230 2218 potestatis
3247 2164 3258 2201 :
3274 2153 3331 2203 et
3353 2151 3549 2204 tamen
3571 2153 3842 2203 neutrum

2137 2233 2249 2289 sibi
2271 2234 2443 2291 Jesus
2469 2237 2828 2292 mendaciter
2850 2238 3180 2308 usurpavit;
3204 2240 3305 2295 sed
3321 2242 3843 2309 utrumqueverum

2138 2328 2243 2389 est,
2268 2329 2324 2379 et
2356 2324 2693 2396 unigenitus
2723 2335 2810 2381 est
2839 2325 2938 2381 Dei
2974 2325 3179 2393 Filius,
3212 2332 3269 2383 et
3299 2344 3395 2383 rex
3425 2327 3497 2383 ab
3526 2341 3593 2382 eo
3624 2325 3845 2383 consti-

2135 2416 2303 2468 tutus
2325 2429 2503 2485 super
2522 2413 2660 2469 Sion
2685 2418 2943 2471 montem
2968 2420 3236 2471 sanctum
3263 2416 3390 2486 ejus
3417 2433 3429 2471 :
3453 2422 3506 2471 et
3529 2420 3842 2486 utrumque

2137 2520 2293 2559 nunc
2341 2504 2856 2571 demonstraretur,
2907 2504 3020 2561 nisi
3076 2510 3296 2578 quanto
3353 2510 3477 2562 erat
3534 2506 3840 2577 potentior,

2136 2596 2297 2649 tanto
2330 2593 2532 2649 mallet
2561 2609 2687 2649 esse
2720 2594 3046 2664 patientior.

2207 2682 2259 2736 4.
2311 2682 2445 2737 Cum
2487 2698 2613 2753 ergo
2667 2681 2911 2739 audisset
2966 2683 3180 2739 Pilatus
3229 2683 3327 2741 hoc
3371 2682 3618 2752 uerbum,
3668 2683 3843 2752 magis

2136 2771 2361 2834 timuit;
2392 2782 2442 2827 et
2474 2771 2749 2843 ingressus
2790 2778 2869 2830 est
2914 2777 3240 2845 pratorium
3282 2775 3506 2842 iterum,
3536 2775 3586 2829 et
3615 2771 3746 2828 dicit
3775 2770 3846 2828 ad

2133 2866 2318 2921 Iesum
2341 2880 2359 2920 :
2386 2864 2534 2921 Unde
2549 2866 2729 2920 estu?
2758 2866 2913 2921 Jesus
2961 2870 3147 2922 autem
3191 2881 3507 2937 responsum
3546 2880 3658 2921 non
3693 2862 3845 2920 dedit

2134 2957 2201 3010 ei.
2235 2958 2354 3009 Hoc
2386 2954 2687 3010 silentium
2722 2954 2954 3011 Domini
2986 2955 3170 3012 nostri
3197 2956 3335 3012 Jesu
3364 2955 3576 3013 Christi
3609 2970 3726 3010 non
3767 2970 3844 3009 se-

2134 3044 2246 3101 mel
2280 3044 2519 3105 factum,
2553 3042 2777 3101 collatis
2809 3046 3070 3102 omnium
3122 3046 3621 3118 Evangelistarum
3650 3061 3845 3101 narra-

2135 3133 2397 3191 tionibus
2426 3134 2733 3205 reperitur,
2767 3138 2825 3190 et
2858 3135 3012 3206 apud
3045 3136 3337 3208 principes
3366 3137 3755 3205 sacerdotum,
3789 3140 3845 3190 et

2134 3224 2291 3295 apud
2318 3223 2618 3288 Herodem,
2645 3238 2757 3294 quo
2779 3239 2938 3290 eum,
2962 3223 3112 3280 sicut
3134 3225 3321 3281 Lucas
3343 3224 3585 3291 indicat,
3608 3222 3845 3280 miserat

2134 3313 2357 3370 Pilatus
2412 3313 2789 3382 audiendum,
2826 3319 2883 3369 et
2928 3314 3084 3385 apud
3118 3313 3310 3384 ipsum
3345 3314 3591 3370 Pilatum
3623 3314 3838 3384 (Matth.

2132 3419 2285 3472 xxvr,
2318 3403 2409 3472 63,
2441 3419 2620 3469 xxvu,
2647 3403 2747 3473 tt;
2799 3401 2962 3460 Marc.
2994 3418 3107 3469 xiv,
3143 3402 3233 3474 61,
3264 3418 3357 3471 xv,
3388 3403 3456 3470 5;
3508 3403 3635 3457 Luc.
3679 3418 3839 3471 xxiii,

2131 3492 2256 3563 7-9,
2289 3498 2342 3548 et
2369 3494 2531 3549 Joan.
2564 3509 2679 3559 χιι,
2703 3493 2755 3562 9)
2782 3509 2796 3548 :
2820 3500 2879 3549 ut
2910 3509 3025 3549 non
3059 3493 3276 3550 frustra
3306 3492 3375 3549 de
3408 3491 3507 3547 illo
3538 3489 3841 3562 prophetia

2131 3583 2509 3653 praecesserit,
2557 3582 2709 3637 Sicut
2760 3598 2935 3654 agnus
2982 3597 3166 3638 coram
3220 3580 3473 3638 tondente
3499 3595 3556 3637 se
3579 3580 3695 3651 fuit
3720 3582 3839 3635 sine

2129 3686 2275 3740 voce,
2306 3673 2382 3727 sic
2410 3686 2519 3727 non
2549 3670 2773 3740 aperuit
2800 3688 2858 3727 os
2886 3687 3048 3727 suum
3079 3672 3227 3743 (Isai.
3262 3688 3383 3741 ωιι,
3412 3670 3503 3742 7);
3538 3675 3680 3725 tunc
3721 3668 3836 3725 uti-

2130 3778 2242 3834 que
2273 3762 2505 3833 quando
2537 3761 3042 3835 interrogantibus
3074 3779 3191 3820 non
3223 3759 3836 3834 respondit.Quamvis

2129 3850 2285 3907 enim
2311 3853 2666 3922 quibusdam
2692 3852 3250 3924 interrogationibus
3271 3868 3423 3925 saepe
3446 3850 3837 3924 responderit;

2128 3945 2325 3997 tamen
2375 3951 2609 4015 propter
2638 3940 2741 3998 illa
2769 3942 2829 3998 in
2862 3943 3073 4013 quibus
3124 3941 3315 3999 noluit
3361 3940 3737 4014 respondere,
3769 3940 3838 3996 ad

2131 4030 2241 4088 hoc
2272 4033 2409 4089 data
2438 4037 2527 4089 est
2556 4035 2626 4089 de
2658 4050 2807 4105 agno
2851 4033 3201 4105 similitudo,
3233 4038 3299 4090 ut
3349 4034 3409 4090 in
3459 4049 3563 4089 suo
3612 4030 3844 4088 silentio

2134 4138 2248 4178 non
2282 4139 2438 4191 reus,
2471 4126 2571 4179 sed
2606 4124 2888 4181 innocens
2917 4124 3251 4181 haberetur.
3282 4122 3428 4179 Cum
3459 4138 3596 4193 ergo
3622 4120 3843 4192 judica-

2133 4218 2314 4285 retur,
2348 4215 2696 4287 ubicumque
2730 4232 2845 4272 non
2890 4216 3115 4286 aperuit
3147 4232 3211 4273 os
3241 4230 3435 4285 suum,
3470 4213 3623 4269 sicut
3666 4227 3845 4282 agnus

2132 4320 2249 4361 non
2282 4306 2506 4376 aperuit
2531 4324 2546 4375 ;
2572 4306 2631 4360 id
2660 4310 2769 4372 est,
2795 4322 2911 4362 non
2942 4306 3093 4361 sicut
3122 4305 3271 4362 male
3303 4303 3416 4361 sibi
3448 4300 3716 4359 conscius
3744 4302 3845 4373 qui

2132 4395 2203 4451 de
2234 4397 2484 4467 peccatis
2516 4396 2967 4452 convincebatur
2999 4395 3147 4463 suis,
3179 4396 3281 4451 sed
3308 4394 3465 4451 sicut
3495 4397 3845 4448 mansuetus

2134 4487 2231 4557 qui
2267 4504 2369 4558 pro
2406 4486 2656 4559 peccatis
2687 4484 3104 4542 immolabatur
3134 4485 3361 4543 alienis.

2293 4577 2434 4632 Dicit
2463 4593 2589 4645 ergo
2620 4580 2673 4632 ei
2702 4577 2925 4632 Pilatus
2952 4592 2973 4632 :
3006 4576 3139 4632 lllihi
3178 4593 3286 4633 non
3336 4574 3616 4648 loqueris?
3659 4572 3844 4632 Nescis

2129 4667 2260 4736 quia
2290 4669 2609 4735 potestatem
2632 4664 2801 4720 habeo
2820 4666 3145 4736 cruciﬁgere
3167 4676 3238 4737 te,
3261 4674 3311 4722 et
3337 4672 3649 4738 potestatem
3678 4665 3845 4720 habeo

2129 4754 2413 4811 dimittere
2444 4767 2495 4811 te
2514 4757 2544 4809 ?
2592 4754 2885 4826 Respondit
2914 4756 3067 4811 Jesus
3096 4771 3116 4813 .°
3146 4757 3263 4812 Non
3306 4756 3532 4811 haberes
3560 4755 3846 4812 adversum

2128 4860 2215 4900 me
2262 4849 2577 4916 potestatem
2625 4845 2831 4915 ullam,
2873 4847 2990 4902 nisi
3034 4847 3137 4901 tibi
3182 4846 3373 4903 datum
3416 4857 3549 4902 esset
3573 4846 3848 4916 desuper:

2135 4941 2423 5007 propterea
2455 4940 2552 5009 qui
2590 4953 2675 4993 me
2704 4936 2933 4993 tradidit
2965 4938 3088 5003 tibi,
3120 4939 3298 5010 majus
3341 4946 3619 5009 peceatum
3666 4935 3845 4990 habet.

2134 5026 2275 5081 Ecce
2308 5028 2628 5097 respondit,
2663 5032 2720 5082 et
2755 5032 2948 5083 tamen
2982 5028 3339 5099 ubicumque
3373 5042 3487 5081 non
3520 5022 3843 5095 respondit.

2130 5132 2244 5171 non
2279 5116 2433 5173 sicut
2464 5134 2600 5173 reus
2623 5117 2741 5172 sive
2764 5117 3019 5183 delusus,
3042 5118 3141 5173 sed
3176 5120 3330 5173 sicut
3358 5130 3566 5187 agnus,
3594 5113 3704 5169 hoc
3734 5118 3843 5181 est,

2128 5206 2277 5262 sicut
2323 5207 2570 5277 simplex
2608 5218 2783 5279 atque
2822 5208 3100 5263 innocens
3130 5225 3244 5263 non
3278 5205 3503 5278 aperuit
3544 5220 3609 5259 os
3643 5219 3843 5261 suum.

2127 5298 2377 5354 Proinde
2411 5297 2508 5353 ubi
2541 5315 2656 5354 non
2693 5298 3103 5369 respondebat,
3129 5298 3282 5353 sicut
3311 5297 3436 5353 ovis
3466 5293 3703 5363 silebat;
3740 5295 3839 5351 ubi

2128 5390 2533 5462 respondebat,
2594 5388 2742 5444 sicut
2800 5394 2997 5459 pastor
3054 5390 3315 5445 docebat.
3355 5388 3657 5444 Itiscamus
3706 5402 3842 5459 ergo

2130 5482 2285 5553 quod
2309 5481 2474 5550 dixit,
2497 5479 2651 5552 quod
2677 5483 2734 5533 et
2755 5494 2855 5550 per
2875 5480 3218 5551 Apostolum
3244 5479 3612 5551 docuit,quia
3632 5493 3745 5536 non
3762 5485 3843 5535 est

2124 5579 2373 5646 potestas
2402 5574 2515 5628 nisi
2543 5589 2578 5627 a
2608 5571 2712 5628 Deo
2742 5570 2915 5642 (Rom.
2943 5588 3071 5641 xm,
3104 5574 3187 5643 i);
3222 5578 3278 5631 et
3308 5572 3449 5646 quia
3478 5572 3611 5644 plus
3642 5574 3841 5644 peccat

2128 5667 2233 5742 qui
2279 5663 2547 5740 potestati
2596 5662 2967 5723 innocentem
3012 5664 3397 5723 occidendum
3430 5662 3610 5719 livore
3641 5662 3839 5729 tradit,
