  <div class='ocr_page' id='page_1' title='image "/cluster/home/n/w/nwhite01/storage/ocr_20150623/35/hvd.32044054170956/321.png"; bbox 0 0 4182 6198; ppageno 0'>
   <div class='ocr_carea' id='block_1_1' title="bbox 395 291 551 353">
    <p class='ocr_par' dir='ltr' id='par_1_1' title="bbox 395 291 551 353">
     <span class='ocr_line' id='line_1_1' title="bbox 395 291 551 353; baseline -0.013 0"><span class='ocrx_word' id='word_1_1' title='bbox 395 291 551 353; x_wconf 69' lang='grc'><strong>1943</strong></span> 
     </span>
    </p>
   </div>
   <div class='ocr_carea' id='block_1_2' title="bbox 395 418 2101 497">
    <p class='ocr_par' dir='ltr' id='par_1_2' title="bbox 395 418 2101 497">
     <span class='ocr_line' id='line_1_2' title="bbox 395 418 2101 497; baseline 0 -16"><span class='ocrx_word' id='word_1_2' title='bbox 395 440 575 497; x_wconf 84' lang='lat' dir='ltr'><strong>quam</strong></span> <span class='ocrx_word' id='word_1_3' title='bbox 625 422 882 494; x_wconf 78' lang='lat' dir='ltr'><strong>potestas</strong></span> <span class='ocrx_word' id='word_1_4' title='bbox 915 418 1042 489; x_wconf 88' lang='lat' dir='ltr'><strong>ipsa</strong></span> <span class='ocrx_word' id='word_1_5' title='bbox 1064 418 1112 473; x_wconf 88' lang='lat' dir='ltr'><strong>si</strong></span> <span class='ocrx_word' id='word_1_6' title='bbox 1143 434 1277 473; x_wconf 88' lang='lat' dir='ltr'><strong>eum</strong></span> <span class='ocrx_word' id='word_1_7' title='bbox 1326 418 1527 474; x_wconf 90' lang='lat' dir='ltr'><strong>timore</strong></span> <span class='ocrx_word' id='word_1_8' title='bbox 1572 420 1814 476; x_wconf 88' lang='lat' dir='ltr'><strong>alterius</strong></span> <span class='ocrx_word' id='word_1_9' title='bbox 1864 424 2101 493; x_wconf 79' lang='lat' dir='ltr'><strong>majoris</strong></span> 
     </span>
    </p>
   </div>
   <div class='ocr_carea' id='block_1_3' title="bbox 397 506 2100 585">
    <p class='ocr_par' dir='ltr' id='par_1_3' title="bbox 397 506 2100 585">
     <span class='ocr_line' id='line_1_3' title="bbox 397 506 2100 585; baseline 0 -18"><span class='ocrx_word' id='word_1_10' title='bbox 397 512 704 585; x_wconf 77' lang='lat' dir='ltr'><strong>potestatis</strong></span> <span class='ocrx_word' id='word_1_11' title='bbox 734 508 961 564; x_wconf 89' lang='lat' dir='ltr'><strong>occidit.</strong></span> <span class='ocrx_word' id='word_1_12' title='bbox 996 506 1196 562; x_wconf 89' lang='lat' dir='ltr'><strong>Talem</strong></span> <span class='ocrx_word' id='word_1_13' title='bbox 1230 506 1443 578; x_wconf 88' lang='lat' dir='ltr'><strong>quippe</strong></span> <span class='ocrx_word' id='word_1_14' title='bbox 1476 508 1655 564; x_wconf 85' lang='lat' dir='ltr'><strong>Pilato</strong></span> <span class='ocrx_word' id='word_1_15' title='bbox 1690 510 1840 566; x_wconf 90' lang='lat' dir='ltr'><strong>Deus</strong></span> <span class='ocrx_word' id='word_1_16' title='bbox 1868 513 2100 567; x_wconf 85' lang='lat' dir='ltr'><strong>dederat</strong></span> 
     </span>
    </p>
   </div>
   <div class='ocr_carea' id='block_1_4' title="bbox 394 596 2097 674">
    <p class='ocr_par' dir='ltr' id='par_1_4' title="bbox 394 596 2097 674">
     <span class='ocr_line' id='line_1_4' title="bbox 394 596 2097 674; baseline 0.001 -18"><span class='ocrx_word' id='word_1_17' title='bbox 394 605 761 674; x_wconf 84' lang='lat' dir='ltr'><strong>potestatem,</strong></span> <span class='ocrx_word' id='word_1_18' title='bbox 812 602 874 652; x_wconf 91' lang='lat' dir='ltr'><strong>ut</strong></span> <span class='ocrx_word' id='word_1_19' title='bbox 920 596 1093 651; x_wconf 89' lang='lat' dir='ltr'><strong>etiam</strong></span> <span class='ocrx_word' id='word_1_20' title='bbox 1142 605 1289 651; x_wconf 90' lang='lat' dir='ltr'><strong>esset</strong></span> <span class='ocrx_word' id='word_1_21' title='bbox 1338 598 1447 651; x_wconf 88' lang='lat' dir='ltr'><strong>sub</strong></span> <span class='ocrx_word' id='word_1_22' title='bbox 1498 597 1736 653; x_wconf 79' lang='lat' dir='ltr'><strong>Caesaris</strong></span> <span class='ocrx_word' id='word_1_23' title='bbox 1795 606 2097 672; x_wconf 82' lang='lat' dir='ltr'><strong>potestate.</strong></span> 
     </span>
    </p>
   </div>
   <div class='ocr_carea' id='block_1_5' title="bbox 394 689 2098 763">
    <p class='ocr_par' dir='ltr' id='par_1_5' title="bbox 394 689 2098 763">
     <span class='ocr_line' id='line_1_5' title="bbox 394 689 2098 763; baseline 0.002 -16"><span class='ocrx_word' id='word_1_24' title='bbox 394 692 753 763; x_wconf 79' lang='lat' dir='ltr'><strong>Quapropter</strong></span> <span class='ocrx_word' id='word_1_25' title='bbox 771 707 881 745; x_wconf 86' lang='lat' dir='ltr'><strong>non</strong></span> <span class='ocrx_word' id='word_1_26' title='bbox 911 689 1156 754; x_wconf 78' lang='lat' dir='ltr'><strong>haberes,</strong></span> <span class='ocrx_word' id='word_1_27' title='bbox 1191 689 1401 760; x_wconf 78' lang='lat' dir='ltr'><strong>inquit,</strong></span> <span class='ocrx_word' id='word_1_28' title='bbox 1433 691 1721 748; x_wconf 87' lang='lat' dir='ltr'><strong>adversum</strong></span> <span class='ocrx_word' id='word_1_29' title='bbox 1746 710 1831 749; x_wconf 89' lang='lat' dir='ltr'><strong>me</strong></span> <span class='ocrx_word' id='word_1_30' title='bbox 1857 700 2098 762; x_wconf 78' lang='lat' dir='ltr'><strong>potesta-</strong></span> 
     </span>
    </p>
   </div>
   <div class='ocr_carea' id='block_1_6' title="bbox 393 779 2101 851">
    <p class='ocr_par' dir='ltr' id='par_1_6' title="bbox 393 779 2101 851">
     <span class='ocr_line' id='line_1_6' title="bbox 393 779 2101 851; baseline 0.002 -13"><span class='ocrx_word' id='word_1_31' title='bbox 393 790 503 839; x_wconf 85' lang='lat' dir='ltr'><strong>tem</strong></span> <span class='ocrx_word' id='word_1_32' title='bbox 530 779 732 847; x_wconf 87' lang='lat' dir='ltr'><strong>ullam,</strong></span> <span class='ocrx_word' id='word_1_33' title='bbox 766 779 822 834; x_wconf 90' lang='lat' dir='ltr'>id</span> <span class='ocrx_word' id='word_1_34' title='bbox 853 782 961 847; x_wconf 88' lang='lat' dir='ltr'><strong>est,</strong></span> <span class='ocrx_word' id='word_1_35' title='bbox 990 779 1593 851; x_wconf 74' lang='lat' dir='ltr'><strong>quantulumcumque</strong></span> <span class='ocrx_word' id='word_1_36' title='bbox 1624 781 1823 850; x_wconf 89' lang='lat' dir='ltr'><strong>babes,</strong></span> <span class='ocrx_word' id='word_1_37' title='bbox 1848 786 1961 839; x_wconf 83' lang='lat' dir='ltr'><strong>nisi</strong></span> <span class='ocrx_word' id='word_1_38' title='bbox 1991 786 2101 841; x_wconf 92' lang='lat' dir='ltr'><strong>hoc</strong></span> 
     </span>
    </p>
   </div>
   <div class='ocr_carea' id='block_1_7' title="bbox 392 866 2103 942">
    <p class='ocr_par' dir='ltr' id='par_1_7' title="bbox 392 866 2103 942">
     <span class='ocr_line' id='line_1_7' title="bbox 392 866 2103 942; baseline 0.002 -16"><span class='ocrx_word' id='word_1_39' title='bbox 392 870 587 942; x_wconf 90' lang='lat' dir='ltr'><strong>ipsum</strong></span> <span class='ocrx_word' id='word_1_40' title='bbox 621 868 863 940; x_wconf 83' lang='lat' dir='ltr'><strong>quiquid</strong></span> <span class='ocrx_word' id='word_1_41' title='bbox 896 871 1005 935; x_wconf 86' lang='lat' dir='ltr'><strong>est,</strong></span> <span class='ocrx_word' id='word_1_42' title='bbox 1034 866 1136 921; x_wconf 89' lang='lat' dir='ltr'><strong>tibi</strong></span> <span class='ocrx_word' id='word_1_43' title='bbox 1164 871 1295 922; x_wconf 87' lang='lat' dir='ltr'><strong>esset</strong></span> <span class='ocrx_word' id='word_1_44' title='bbox 1325 867 1525 923; x_wconf 85' lang='lat' dir='ltr'><strong>datum</strong></span> <span class='ocrx_word' id='word_1_45' title='bbox 1553 871 1798 942; x_wconf 77' lang='lat' dir='ltr'><strong>desuper.</strong></span> <span class='ocrx_word' id='word_1_46' title='bbox 1824 873 1933 928; x_wconf 91' lang='lat' dir='ltr'><strong>Sed</strong></span> <span class='ocrx_word' id='word_1_47' title='bbox 1957 891 2103 940; x_wconf 91' lang='lat' dir='ltr'><strong>quo-</strong></span> 
     </span>
    </p>
   </div>
   <div class='ocr_carea' id='block_1_8' title="bbox 396 957 2101 1028">
    <p class='ocr_par' dir='ltr' id='par_1_8' title="bbox 396 957 2101 1028">
     <span class='ocr_line' id='line_1_8' title="bbox 396 957 2101 1028; baseline 0.002 -13"><span class='ocrx_word' id='word_1_48' title='bbox 396 960 553 1015; x_wconf 88' lang='lat' dir='ltr'><strong>niam</strong></span> <span class='ocrx_word' id='word_1_49' title='bbox 587 958 707 1013; x_wconf 91' lang='lat' dir='ltr'><strong>scio</strong></span> <span class='ocrx_word' id='word_1_50' title='bbox 739 960 1021 1027; x_wconf 89' lang='lat' dir='ltr'><strong>quantum</strong></span> <span class='ocrx_word' id='word_1_51' title='bbox 1054 957 1168 1023; x_wconf 84' lang='lat' dir='ltr'><strong>sit;</strong></span> <span class='ocrx_word' id='word_1_52' title='bbox 1202 972 1316 1011; x_wconf 90' lang='lat' dir='ltr'><strong>non</strong></span> <span class='ocrx_word' id='word_1_53' title='bbox 1339 957 1492 1012; x_wconf 90' lang='lat' dir='ltr'><strong>enim</strong></span> <span class='ocrx_word' id='word_1_54' title='bbox 1518 962 1745 1016; x_wconf 87' lang='lat' dir='ltr'><strong>tantum</strong></span> <span class='ocrx_word' id='word_1_55' title='bbox 1777 965 1887 1028; x_wconf 89' lang='lat' dir='ltr'><strong>est,</strong></span> <span class='ocrx_word' id='word_1_56' title='bbox 1913 970 1971 1018; x_wconf 93' lang='lat' dir='ltr'><strong>ut</strong></span> <span class='ocrx_word' id='word_1_57' title='bbox 1995 964 2101 1018; x_wconf 86' lang='lat' dir='ltr'>tibi</span> 
     </span>
    </p>
   </div>
   <div class='ocr_carea' id='block_1_9' title="bbox 395 1044 2107 1121">
    <p class='ocr_par' dir='ltr' id='par_1_9' title="bbox 395 1044 2107 1121">
     <span class='ocr_line' id='line_1_9' title="bbox 395 1044 2107 1121; baseline 0.002 -18"><span class='ocrx_word' id='word_1_58' title='bbox 395 1047 553 1103; x_wconf 92' lang='lat' dir='ltr'><strong>omni</strong></span> <span class='ocrx_word' id='word_1_59' title='bbox 605 1048 776 1101; x_wconf 89' lang='lat' dir='ltr'>modo</span> <span class='ocrx_word' id='word_1_60' title='bbox 828 1044 1073 1100; x_wconf 90' lang='lat' dir='ltr'><strong>liberum</strong></span> <span class='ocrx_word' id='word_1_61' title='bbox 1124 1047 1202 1100; x_wconf 89' lang='lat' dir='ltr'><strong>sit</strong></span> <span class='ocrx_word' id='word_1_62' title='bbox 1241 1061 1256 1100; x_wconf 91' lang='lat'><strong>:</strong></span> <span class='ocrx_word' id='word_1_63' title='bbox 1299 1056 1581 1117; x_wconf 81' lang='lat' dir='ltr'><strong>propterea</strong></span> <span class='ocrx_word' id='word_1_64' title='bbox 1628 1051 1723 1121; x_wconf 85' lang='lat' dir='ltr'><strong>qui</strong></span> <span class='ocrx_word' id='word_1_65' title='bbox 1761 1052 1990 1108; x_wconf 76' lang='lat' dir='ltr'><strong>tradidit</strong></span> <span class='ocrx_word' id='word_1_66' title='bbox 2021 1068 2107 1107; x_wconf 91' lang='lat' dir='ltr'><strong>me</strong></span> 
     </span>
    </p>
   </div>
   <div class='ocr_carea' id='block_1_10' title="bbox 393 1137 2106 1215">
    <p class='ocr_par' dir='ltr' id='par_1_10' title="bbox 393 1137 2106 1215">
     <span class='ocr_line' id='line_1_10' title="bbox 393 1137 2106 1215; baseline 0.003 -20"><span class='ocrx_word' id='word_1_67' title='bbox 393 1141 514 1208; x_wconf 82' lang='lat' dir='ltr'><strong>tibi,</strong></span> <span class='ocrx_word' id='word_1_68' title='bbox 546 1139 722 1209; x_wconf 87' lang='lat' dir='ltr'><strong>majus</strong></span> <span class='ocrx_word' id='word_1_69' title='bbox 754 1146 1037 1208; x_wconf 86' lang='lat' dir='ltr'><strong>peccatum</strong></span> <span class='ocrx_word' id='word_1_70' title='bbox 1070 1137 1248 1192; x_wconf 86' lang='lat' dir='ltr'><strong>habet.</strong></span> <span class='ocrx_word' id='word_1_71' title='bbox 1282 1138 1382 1193; x_wconf 86' lang='lat' dir='ltr'><strong>Ille</strong></span> <span class='ocrx_word' id='word_1_72' title='bbox 1431 1144 1643 1210; x_wconf 83' lang='lat' dir='ltr'><strong>quippe</strong></span> <span class='ocrx_word' id='word_1_73' title='bbox 1679 1158 1766 1198; x_wconf 89' lang='lat' dir='ltr'><strong>me</strong></span> <span class='ocrx_word' id='word_1_74' title='bbox 1797 1149 1910 1199; x_wconf 63' lang='lat' dir='ltr'><strong>ture</strong></span> <span class='ocrx_word' id='word_1_75' title='bbox 1940 1149 2106 1215; x_wconf 90' lang='lat' dir='ltr'><strong>pote-</strong></span> 
     </span>
    </p>
   </div>
   <div class='ocr_carea' id='block_1_11' title="bbox 394 1228 2105 1304">
    <p class='ocr_par' dir='ltr' id='par_1_11' title="bbox 394 1228 2105 1304">
     <span class='ocr_line' id='line_1_11' title="bbox 394 1228 2105 1304; baseline 0.004 -20"><span class='ocrx_word' id='word_1_76' title='bbox 394 1229 533 1285; x_wconf 86' lang='lat' dir='ltr'><strong>stati</strong></span> <span class='ocrx_word' id='word_1_77' title='bbox 560 1228 801 1283; x_wconf 85' lang='lat' dir='ltr'><strong>tradidit</strong></span> <span class='ocrx_word' id='word_1_78' title='bbox 833 1229 1163 1295; x_wconf 89' lang='lat' dir='ltr'><strong>invidendo,</strong></span> <span class='ocrx_word' id='word_1_79' title='bbox 1201 1238 1258 1281; x_wconf 88' lang='lat' dir='ltr'><strong>tu</strong></span> <span class='ocrx_word' id='word_1_80' title='bbox 1290 1245 1422 1284; x_wconf 88' lang='lat' dir='ltr'><strong>vero</strong></span> <span class='ocrx_word' id='word_1_81' title='bbox 1454 1232 1719 1287; x_wconf 82' lang='lat' dir='ltr'><strong>eamdem</strong></span> <span class='ocrx_word' id='word_1_82' title='bbox 1762 1239 2105 1304; x_wconf 86' lang='lat' dir='ltr'><strong>potestatem</strong></span> 
     </span>
    </p>
   </div>
   <div class='ocr_carea' id='block_1_12' title="bbox 390 1318 2105 1393">
    <p class='ocr_par' dir='ltr' id='par_1_12' title="bbox 390 1318 2105 1393">
     <span class='ocr_line' id='line_1_12' title="bbox 390 1318 2105 1393; baseline 0.005 -22"><span class='ocrx_word' id='word_1_83' title='bbox 390 1319 450 1371; x_wconf 90' lang='lat' dir='ltr'><strong>in</strong></span> <span class='ocrx_word' id='word_1_84' title='bbox 477 1334 568 1372; x_wconf 90' lang='lat' dir='ltr'><strong>me</strong></span> <span class='ocrx_word' id='word_1_85' title='bbox 597 1325 927 1372; x_wconf 85' lang='lat' dir='ltr'><strong>exserturus</strong></span> <span class='ocrx_word' id='word_1_86' title='bbox 952 1332 1015 1370; x_wconf 88' lang='lat' dir='ltr'><strong>es</strong></span> <span class='ocrx_word' id='word_1_87' title='bbox 1050 1318 1377 1371; x_wconf 88' lang='lat' dir='ltr'><strong>metuendo.</strong></span> <span class='ocrx_word' id='word_1_88' title='bbox 1410 1320 1524 1372; x_wconf 88' lang='lat' dir='ltr'><strong>Nec</strong></span> <span class='ocrx_word' id='word_1_89' title='bbox 1562 1321 1820 1377; x_wconf 90' lang='lat' dir='ltr'><strong>timendo</strong></span> <span class='ocrx_word' id='word_1_90' title='bbox 1852 1324 2105 1393; x_wconf 83' lang='lat' dir='ltr'><strong>quidem,</strong></span> 
     </span>
    </p>
   </div>
   <div class='ocr_carea' id='block_1_13' title="bbox 395 1404 2108 1477">
    <p class='ocr_par' dir='ltr' id='par_1_13' title="bbox 395 1404 2108 1477">
     <span class='ocr_line' id='line_1_13' title="bbox 395 1404 2108 1477; baseline 0.004 -15"><span class='ocrx_word' id='word_1_91' title='bbox 395 1406 716 1477; x_wconf 80' lang='lat' dir='ltr'><strong>praesertim</strong></span> <span class='ocrx_word' id='word_1_92' title='bbox 764 1404 1155 1468; x_wconf 84' lang='lat' dir='ltr'><strong>innocentem,</strong></span> <span class='ocrx_word' id='word_1_93' title='bbox 1208 1405 1381 1460; x_wconf 90' lang='lat' dir='ltr'><strong>homo</strong></span> <span class='ocrx_word' id='word_1_94' title='bbox 1432 1407 1728 1464; x_wconf 89' lang='lat' dir='ltr'><strong>hominem</strong></span> <span class='ocrx_word' id='word_1_95' title='bbox 1763 1412 1929 1467; x_wconf 89' lang='lat' dir='ltr'><strong>debet</strong></span> <span class='ocrx_word' id='word_1_96' title='bbox 1961 1414 2108 1468; x_wconf 89' lang='lat' dir='ltr'><strong>occi-</strong></span> 
     </span>
    </p>
   </div>
   <div class='ocr_carea' id='block_1_14' title="bbox 395 1493 2105 1572">
    <p class='ocr_par' dir='ltr' id='par_1_14' title="bbox 395 1493 2105 1572">
     <span class='ocr_line' id='line_1_14' title="bbox 395 1493 2105 1572; baseline 0.004 -22"><span class='ocrx_word' id='word_1_97' title='bbox 395 1497 567 1552; x_wconf 88' lang='lat' dir='ltr'><strong>dere:</strong></span> <span class='ocrx_word' id='word_1_98' title='bbox 593 1495 693 1550; x_wconf 91' lang='lat' dir='ltr'><strong>sed</strong></span> <span class='ocrx_word' id='word_1_99' title='bbox 720 1498 915 1548; x_wconf 90' lang='lat' dir='ltr'><strong>tamen</strong></span> <span class='ocrx_word' id='word_1_100' title='bbox 941 1494 995 1547; x_wconf 91' lang='lat' dir='ltr'><strong>id</strong></span> <span class='ocrx_word' id='word_1_101' title='bbox 1020 1493 1258 1549; x_wconf 88' lang='lat' dir='ltr'><strong>zelando</strong></span> <span class='ocrx_word' id='word_1_102' title='bbox 1288 1495 1470 1550; x_wconf 80' lang='lat' dir='ltr'><strong>facere</strong></span> <span class='ocrx_word' id='word_1_103' title='bbox 1513 1500 1695 1554; x_wconf 90' lang='lat' dir='ltr'><strong>multo</strong></span> <span class='ocrx_word' id='word_1_104' title='bbox 1750 1503 1933 1572; x_wconf 88' lang='lat' dir='ltr'><strong>magis</strong></span> <span class='ocrx_word' id='word_1_105' title='bbox 1983 1519 2105 1556; x_wconf 89' lang='lat' dir='ltr'><strong>ma-</strong></span> 
     </span>
    </p>
   </div>
   <div class='ocr_carea' id='block_1_15' title="bbox 397 1581 2106 1653">
    <p class='ocr_par' dir='ltr' id='par_1_15' title="bbox 397 1581 2106 1653">
     <span class='ocr_line' id='line_1_15' title="bbox 397 1581 2106 1653; baseline 0.004 -14"><span class='ocrx_word' id='word_1_106' title='bbox 397 1584 519 1639; x_wconf 91' lang='lat' dir='ltr'><strong>lum</strong></span> <span class='ocrx_word' id='word_1_107' title='bbox 550 1587 655 1649; x_wconf 85' lang='lat' dir='ltr'><strong>est,</strong></span> <span class='ocrx_word' id='word_1_108' title='bbox 690 1598 865 1653; x_wconf 91' lang='lat' dir='ltr'><strong>quam</strong></span> <span class='ocrx_word' id='word_1_109' title='bbox 897 1581 1178 1636; x_wconf 87' lang='lat' dir='ltr'><strong>timendo.</strong></span> <span class='ocrx_word' id='word_1_110' title='bbox 1214 1583 1280 1636; x_wconf 90' lang='lat' dir='ltr'><strong>Et</strong></span> <span class='ocrx_word' id='word_1_111' title='bbox 1311 1583 1437 1639; x_wconf 80' lang='lat' dir='ltr'><strong>ideo</strong></span> <span class='ocrx_word' id='word_1_112' title='bbox 1472 1603 1585 1640; x_wconf 89' lang='lat' dir='ltr'><strong>non</strong></span> <span class='ocrx_word' id='word_1_113' title='bbox 1636 1589 1718 1643; x_wconf 89' lang='lat' dir='ltr'><strong>ait</strong></span> <span class='ocrx_word' id='word_1_114' title='bbox 1765 1605 1932 1645; x_wconf 82' lang='lat' dir='ltr'><strong>verax</strong></span> <span class='ocrx_word' id='word_1_115' title='bbox 1983 1608 2106 1646; x_wconf 86' lang='lat' dir='ltr'><strong>ma-</strong></span> 
     </span>
    </p>
   </div>
   <div class='ocr_carea' id='block_1_16' title="bbox 397 1672 2104 1750">
    <p class='ocr_par' dir='ltr' id='par_1_16' title="bbox 397 1672 2104 1750">
     <span class='ocr_line' id='line_1_16' title="bbox 397 1672 2104 1750; baseline 0.005 -21"><span class='ocrx_word' id='word_1_116' title='bbox 397 1676 597 1744; x_wconf 87' lang='lat' dir='ltr'><strong>gister,</strong></span> <span class='ocrx_word' id='word_1_117' title='bbox 653 1673 759 1741; x_wconf 87' lang='lat' dir='ltr'><strong>Qui</strong></span> <span class='ocrx_word' id='word_1_118' title='bbox 788 1688 872 1727; x_wconf 88' lang='lat' dir='ltr'><strong>me</strong></span> <span class='ocrx_word' id='word_1_119' title='bbox 921 1672 1153 1728; x_wconf 77' lang='lat' dir='ltr'><strong>tradidit</strong></span> <span class='ocrx_word' id='word_1_120' title='bbox 1201 1674 1321 1737; x_wconf 89' lang='lat' dir='ltr'><strong>tibi,</strong></span> <span class='ocrx_word' id='word_1_121' title='bbox 1375 1675 1498 1745; x_wconf 92' lang='lat' dir='ltr'><strong>ipse</strong></span> <span class='ocrx_word' id='word_1_122' title='bbox 1550 1677 1720 1733; x_wconf 85' lang='lat' dir='ltr'><strong>habet</strong></span> <span class='ocrx_word' id='word_1_123' title='bbox 1769 1685 2104 1750; x_wconf 85' lang='lat' dir='ltr'><strong>peccatum;</strong></span> 
     </span>
    </p>
   </div>
   <div class='ocr_carea' id='block_1_17' title="bbox 394 1761 2109 1843">
    <p class='ocr_par' dir='ltr' id='par_1_17' title="bbox 394 1761 2109 1843">
     <span class='ocr_line' id='line_1_17' title="bbox 394 1761 2109 1843; baseline 0.005 -24"><span class='ocrx_word' id='word_1_124' title='bbox 394 1767 675 1835; x_wconf 87' lang='lat' dir='ltr'><strong>tanquam</strong></span> <span class='ocrx_word' id='word_1_125' title='bbox 710 1761 806 1817; x_wconf 89' lang='lat' dir='ltr'><strong>ille</strong></span> <span class='ocrx_word' id='word_1_126' title='bbox 836 1779 951 1818; x_wconf 91' lang='lat' dir='ltr'><strong>non</strong></span> <span class='ocrx_word' id='word_1_127' title='bbox 989 1762 1225 1818; x_wconf 90' lang='lat' dir='ltr'><strong>haberet</strong></span> <span class='ocrx_word' id='word_1_128' title='bbox 1257 1780 1271 1818; x_wconf 92' lang='lat'><strong>:</strong></span> <span class='ocrx_word' id='word_1_129' title='bbox 1304 1764 1401 1819; x_wconf 89' lang='lat' dir='ltr'><strong>sed</strong></span> <span class='ocrx_word' id='word_1_130' title='bbox 1442 1766 1541 1833; x_wconf 90' lang='lat' dir='ltr'><strong>ait,</strong></span> <span class='ocrx_word' id='word_1_131' title='bbox 1575 1769 1755 1838; x_wconf 85' lang='lat' dir='ltr'><strong>majus</strong></span> <span class='ocrx_word' id='word_1_132' title='bbox 1784 1771 1945 1826; x_wconf 85' lang='lat' dir='ltr'><strong>habet</strong></span> <span class='ocrx_word' id='word_1_133' title='bbox 1990 1788 2109 1843; x_wconf 88' lang='lat' dir='ltr'><strong>pec-</strong></span> 
     </span>
    </p>
   </div>
   <div class='ocr_carea' id='block_1_18' title="bbox 396 1852 2107 1930">
    <p class='ocr_par' dir='ltr' id='par_1_18' title="bbox 396 1852 2107 1930">
     <span class='ocr_line' id='line_1_18' title="bbox 396 1852 2107 1930; baseline 0.004 -20"><span class='ocrx_word' id='word_1_134' title='bbox 396 1860 615 1915; x_wconf 84' lang='lat' dir='ltr'><strong>catum;</strong></span> <span class='ocrx_word' id='word_1_135' title='bbox 644 1859 709 1909; x_wconf 89' lang='lat' dir='ltr'><strong>ut</strong></span> <span class='ocrx_word' id='word_1_136' title='bbox 738 1853 912 1908; x_wconf 89' lang='lat' dir='ltr'><strong>etiam</strong></span> <span class='ocrx_word' id='word_1_137' title='bbox 946 1869 1008 1908; x_wconf 89' lang='lat' dir='ltr'><strong>se</strong></span> <span class='ocrx_word' id='word_1_138' title='bbox 1040 1852 1251 1909; x_wconf 88' lang='lat' dir='ltr'><strong>habere</strong></span> <span class='ocrx_word' id='word_1_139' title='bbox 1291 1855 1665 1928; x_wconf 83' lang='lat' dir='ltr'><strong>intelligeret.</strong></span> <span class='ocrx_word' id='word_1_140' title='bbox 1706 1857 1902 1930; x_wconf 87' lang='lat' dir='ltr'><strong>Neque</strong></span> <span class='ocrx_word' id='word_1_141' title='bbox 1950 1862 2107 1917; x_wconf 91' lang='lat' dir='ltr'><strong>enim</strong></span> 
     </span>
    </p>
   </div>
   <div class='ocr_carea' id='block_1_19' title="bbox 398 1940 1937 2017">
    <p class='ocr_par' dir='ltr' id='par_1_19' title="bbox 398 1940 1937 2017">
     <span class='ocr_line' id='line_1_19' title="bbox 398 1940 1937 2017; baseline 0.003 -18"><span class='ocrx_word' id='word_1_142' title='bbox 398 1949 697 2013; x_wconf 85' lang='lat' dir='ltr'><strong>prepterea</strong></span> <span class='ocrx_word' id='word_1_143' title='bbox 730 1940 873 1995; x_wconf 91' lang='lat' dir='ltr'><strong>illud</strong></span> <span class='ocrx_word' id='word_1_144' title='bbox 901 1941 1126 1996; x_wconf 90' lang='lat' dir='ltr'><strong>nullum</strong></span> <span class='ocrx_word' id='word_1_145' title='bbox 1160 1948 1266 2007; x_wconf 88' lang='lat' dir='ltr'><strong>est,</strong></span> <span class='ocrx_word' id='word_1_146' title='bbox 1299 1943 1438 2015; x_wconf 89' lang='lat' dir='ltr'><strong>quia</strong></span> <span class='ocrx_word' id='word_1_147' title='bbox 1468 1944 1577 2000; x_wconf 89' lang='lat' dir='ltr'><strong>hoc</strong></span> <span class='ocrx_word' id='word_1_148' title='bbox 1610 1948 1802 2017; x_wconf 90' lang='lat' dir='ltr'><strong>majus</strong></span> <span class='ocrx_word' id='word_1_149' title='bbox 1832 1954 1937 2003; x_wconf 88' lang='lat' dir='ltr'><strong>est.</strong></span> 
     </span>
    </p>
   </div>
   <div class='ocr_carea' id='block_1_20' title="bbox 472 2030 2111 2103">
    <p class='ocr_par' dir='ltr' id='par_1_20' title="bbox 472 2030 2111 2103">
     <span class='ocr_line' id='line_1_20' title="bbox 472 2030 2111 2103; baseline 0.005 -18"><span class='ocrx_word' id='word_1_150' title='bbox 472 2033 526 2087; x_wconf 83' lang='grc'><strong>6.</strong></span> <span class='ocrx_word' id='word_1_151' title='bbox 561 2031 773 2086; x_wconf 83' lang='lat' dir='ltr'><strong>Exinde</strong></span> <span class='ocrx_word' id='word_1_152' title='bbox 816 2030 1092 2102; x_wconf 67' lang='lat' dir='ltr'><strong>quaerebat</strong></span> <span class='ocrx_word' id='word_1_153' title='bbox 1127 2032 1341 2087; x_wconf 85' lang='lat' dir='ltr'><strong>Pilatus</strong></span> <span class='ocrx_word' id='word_1_154' title='bbox 1370 2032 1648 2090; x_wconf 85' lang='lat' dir='ltr'><strong>dimittere</strong></span> <span class='ocrx_word' id='word_1_155' title='bbox 1677 2052 1819 2092; x_wconf 89' lang='lat' dir='ltr'><strong>eum.</strong></span> <span class='ocrx_word' id='word_1_156' title='bbox 1851 2037 1999 2103; x_wconf 89' lang='lat' dir='ltr'><strong>Quid</strong></span> <span class='ocrx_word' id='word_1_157' title='bbox 2024 2044 2111 2094; x_wconf 88' lang='lat' dir='ltr'><strong>est</strong></span> 
     </span>
    </p>
   </div>
   <div class='ocr_carea' id='block_1_21' title="bbox 403 2122 2111 2202">
    <p class='ocr_par' dir='ltr' id='par_1_21' title="bbox 403 2122 2111 2202">
     <span class='ocr_line' id='line_1_21' title="bbox 403 2122 2111 2202; baseline 0.004 -22"><span class='ocrx_word' id='word_1_158' title='bbox 403 2125 510 2180; x_wconf 89' lang='lat' dir='ltr'><strong>hoc</strong></span> <span class='ocrx_word' id='word_1_159' title='bbox 542 2125 697 2194; x_wconf 90' lang='lat' dir='ltr'><strong>quod</strong></span> <span class='ocrx_word' id='word_1_160' title='bbox 730 2122 952 2178; x_wconf 90' lang='lat' dir='ltr'><strong>dictum</strong></span> <span class='ocrx_word' id='word_1_161' title='bbox 986 2128 1091 2194; x_wconf 88' lang='lat' dir='ltr'><strong>est,</strong></span> <span class='ocrx_word' id='word_1_162' title='bbox 1127 2123 1351 2195; x_wconf 82' lang='lat' dir='ltr'><strong>exinde,</strong></span> <span class='ocrx_word' id='word_1_163' title='bbox 1373 2127 1539 2197; x_wconf 88' lang='lat' dir='ltr'><strong>quasi</strong></span> <span class='ocrx_word' id='word_1_164' title='bbox 1572 2136 1740 2183; x_wconf 88' lang='lat' dir='ltr'><strong>antea</strong></span> <span class='ocrx_word' id='word_1_165' title='bbox 1762 2147 1876 2186; x_wconf 90' lang='lat' dir='ltr'><strong>non</strong></span> <span class='ocrx_word' id='word_1_166' title='bbox 1897 2147 2111 2202; x_wconf 69' lang='lat' dir='ltr'><strong>quaere-</strong></span> 
     </span>
    </p>
   </div>
   <div class='ocr_carea' id='block_1_22' title="bbox 400 2213 2109 2290">
    <p class='ocr_par' dir='ltr' id='par_1_22' title="bbox 400 2213 2109 2290">
     <span class='ocr_line' id='line_1_22' title="bbox 400 2213 2109 2290; baseline 0.004 -21"><span class='ocrx_word' id='word_1_167' title='bbox 400 2213 535 2270; x_wconf 81' lang='lat' dir='ltr'><strong>bat?</strong></span> <span class='ocrx_word' id='word_1_168' title='bbox 553 2213 701 2283; x_wconf 87' lang='lat' dir='ltr'><strong>Lege</strong></span> <span class='ocrx_word' id='word_1_169' title='bbox 726 2214 1777 2286; x_wconf 83' lang='lat' dir='ltr'><strong>superioria,etinveniesjamdudnm</strong></span> <span class='ocrx_word' id='word_1_170' title='bbox 1803 2236 1932 2274; x_wconf 91' lang='lat' dir='ltr'><strong>eum</strong></span> <span class='ocrx_word' id='word_1_171' title='bbox 1954 2236 2109 2290; x_wconf 71' lang='lat' dir='ltr'><strong>quaa-</strong></span> 
     </span>
    </p>
   </div>
   <div class='ocr_carea' id='block_1_23' title="bbox 399 2302 2104 2380">
    <p class='ocr_par' dir='ltr' id='par_1_23' title="bbox 399 2302 2104 2380">
     <span class='ocr_line' id='line_1_23' title="bbox 399 2302 2104 2380; baseline 0.003 -20"><span class='ocrx_word' id='word_1_172' title='bbox 399 2318 525 2360; x_wconf 86' lang='lat' dir='ltr'><strong>rere</strong></span> <span class='ocrx_word' id='word_1_173' title='bbox 566 2302 857 2357; x_wconf 86' lang='lat' dir='ltr'><strong>dimittere</strong></span> <span class='ocrx_word' id='word_1_174' title='bbox 902 2306 1119 2358; x_wconf 85' lang='lat' dir='ltr'><strong>Jesum.</strong></span> <span class='ocrx_word' id='word_1_175' title='bbox 1167 2303 1382 2359; x_wconf 87' lang='lat' dir='ltr'><strong>Exinde</strong></span> <span class='ocrx_word' id='word_1_176' title='bbox 1431 2304 1621 2377; x_wconf 87' lang='lat' dir='ltr'><strong>itaque</strong></span> <span class='ocrx_word' id='word_1_177' title='bbox 1654 2307 2104 2380; x_wconf 89' lang='lat' dir='ltr'><strong>intelligendum</strong></span> 
     </span>
    </p>
   </div>
   <div class='ocr_carea' id='block_1_24' title="bbox 398 2394 2111 2465">
    <p class='ocr_par' dir='ltr' id='par_1_24' title="bbox 398 2394 2111 2465">
     <span class='ocr_line' id='line_1_24' title="bbox 398 2394 2111 2465; baseline 0.005 -15"><span class='ocrx_word' id='word_1_178' title='bbox 398 2399 507 2463; x_wconf 86' lang='lat' dir='ltr'><strong>est,</strong></span> <span class='ocrx_word' id='word_1_179' title='bbox 538 2398 776 2465; x_wconf 86' lang='lat' dir='ltr'><strong>Propter</strong></span> <span class='ocrx_word' id='word_1_180' title='bbox 824 2394 949 2461; x_wconf 91' lang='lat' dir='ltr'><strong>hoc,</strong></span> <span class='ocrx_word' id='word_1_181' title='bbox 992 2394 1049 2448; x_wconf 90' lang='lat' dir='ltr'><strong>id</strong></span> <span class='ocrx_word' id='word_1_182' title='bbox 1101 2398 1206 2461; x_wconf 87' lang='lat' dir='ltr'><strong>est,</strong></span> <span class='ocrx_word' id='word_1_183' title='bbox 1241 2412 1308 2451; x_wconf 86' lang='lat' dir='ltr'><strong>ex</strong></span> <span class='ocrx_word' id='word_1_184' title='bbox 1359 2396 1468 2452; x_wconf 89' lang='lat' dir='ltr'><strong>hac</strong></span> <span class='ocrx_word' id='word_1_185' title='bbox 1516 2414 1714 2465; x_wconf 87' lang='lat' dir='ltr'><strong>causa,</strong></span> <span class='ocrx_word' id='word_1_186' title='bbox 1754 2417 1825 2456; x_wconf 88' lang='lat' dir='ltr'><strong>ne</strong></span> <span class='ocrx_word' id='word_1_187' title='bbox 1873 2402 2111 2458; x_wconf 88' lang='lat' dir='ltr'><strong>haberet</strong></span> 
     </span>
    </p>
   </div>
   <div class='ocr_carea' id='block_1_25' title="bbox 399 2483 2111 2564">
    <p class='ocr_par' dir='ltr' id='par_1_25' title="bbox 399 2483 2111 2564">
     <span class='ocr_line' id='line_1_25' title="bbox 399 2483 2111 2564; baseline 0.005 -24"><span class='ocrx_word' id='word_1_188' title='bbox 399 2489 703 2557; x_wconf 83' lang='lat' dir='ltr'><strong>peccatum</strong></span> <span class='ocrx_word' id='word_1_189' title='bbox 721 2483 1036 2541; x_wconf 89' lang='lat' dir='ltr'><strong>occidendo</strong></span> <span class='ocrx_word' id='word_1_190' title='bbox 1060 2485 1428 2542; x_wconf 86' lang='lat' dir='ltr'><strong>innocentem</strong></span> <span class='ocrx_word' id='word_1_191' title='bbox 1455 2488 1565 2543; x_wconf 89' lang='lat' dir='ltr'><strong>sibi</strong></span> <span class='ocrx_word' id='word_1_192' title='bbox 1589 2492 1803 2546; x_wconf 88' lang='lat' dir='ltr'><strong>traditu</strong></span> <span class='ocrx_word' id='word_1_193' title='bbox 1817 2507 1893 2559; x_wconf 92' lang='lat' dir='ltr'><strong>m,</strong></span> <span class='ocrx_word' id='word_1_194' title='bbox 1912 2509 2111 2564; x_wconf 89' lang='lat' dir='ltr'><strong>quam-</strong></span> 
     </span>
    </p>
   </div>
   <div class='ocr_carea' id='block_1_26' title="bbox 398 2572 2108 2647">
    <p class='ocr_par' dir='ltr' id='par_1_26' title="bbox 398 2572 2108 2647">
     <span class='ocr_line' id='line_1_26' title="bbox 398 2572 2108 2647; baseline 0.005 -17"><span class='ocrx_word' id='word_1_195' title='bbox 398 2574 486 2630; x_wconf 84' lang='lat' dir='ltr'><strong>vis</strong></span> <span class='ocrx_word' id='word_1_196' title='bbox 518 2572 714 2629; x_wconf 89' lang='lat' dir='ltr'><strong>minus</strong></span> <span class='ocrx_word' id='word_1_197' title='bbox 748 2590 990 2643; x_wconf 88' lang='lat' dir='ltr'><strong>peccans</strong></span> <span class='ocrx_word' id='word_1_198' title='bbox 1014 2591 1188 2644; x_wconf 88' lang='lat' dir='ltr'><strong>quam</strong></span> <span class='ocrx_word' id='word_1_199' title='bbox 1220 2575 1430 2644; x_wconf 70' lang='lat' dir='ltr'><strong>Judaei,</strong></span> <span class='ocrx_word' id='word_1_200' title='bbox 1455 2578 1555 2647; x_wconf 90' lang='lat' dir='ltr'><strong>qui</strong></span> <span class='ocrx_word' id='word_1_201' title='bbox 1577 2594 1711 2634; x_wconf 89' lang='lat' dir='ltr'><strong>eum</strong></span> <span class='ocrx_word' id='word_1_202' title='bbox 1744 2579 1827 2635; x_wconf 91' lang='lat' dir='ltr'>illi</span> <span class='ocrx_word' id='word_1_203' title='bbox 1861 2583 2108 2638; x_wconf 86' lang='lat' dir='ltr'><strong>tradide-</strong></span> 
     </span>
    </p>
   </div>
   <div class='ocr_carea' id='block_1_27' title="bbox 402 2660 2107 2736">
    <p class='ocr_par' dir='ltr' id='par_1_27' title="bbox 402 2660 2107 2736">
     <span class='ocr_line' id='line_1_27' title="bbox 402 2660 2107 2736; baseline 0.006 -19"><span class='ocrx_word' id='word_1_204' title='bbox 402 2667 530 2717; x_wconf 81' lang='lat' dir='ltr'><strong>rant</strong></span> <span class='ocrx_word' id='word_1_205' title='bbox 580 2660 981 2717; x_wconf 89' lang='lat' dir='ltr'><strong>occidendum.</strong></span> <span class='ocrx_word' id='word_1_206' title='bbox 1017 2663 1231 2720; x_wconf 87' lang='lat' dir='ltr'><strong>Exinde</strong></span> <span class='ocrx_word' id='word_1_207' title='bbox 1278 2681 1436 2736; x_wconf 89' lang='lat' dir='ltr'><strong>ergo,</strong></span> <span class='ocrx_word' id='word_1_208' title='bbox 1468 2666 1523 2720; x_wconf 92' lang='lat' dir='ltr'><strong>id</strong></span> <span class='ocrx_word' id='word_1_209' title='bbox 1559 2672 1669 2735; x_wconf 90' lang='lat' dir='ltr'><strong>est,</strong></span> <span class='ocrx_word' id='word_1_210' title='bbox 1702 2668 1833 2725; x_wconf 90' lang='lat' dir='ltr'><strong>ideo</strong></span> <span class='ocrx_word' id='word_1_211' title='bbox 1884 2685 1955 2725; x_wconf 89' lang='lat' dir='ltr'><strong>ne</strong></span> <span class='ocrx_word' id='word_1_212' title='bbox 2000 2671 2107 2726; x_wconf 89' lang='lat' dir='ltr'><strong>hoc</strong></span> 
     </span>
    </p>
   </div>
   <div class='ocr_carea' id='block_1_28' title="bbox 401 2752 2105 2826">
    <p class='ocr_par' dir='ltr' id='par_1_28' title="bbox 401 2752 2105 2826">
     <span class='ocr_line' id='line_1_28' title="bbox 401 2752 2105 2826; baseline 0.005 -19"><span class='ocrx_word' id='word_1_213' title='bbox 401 2756 705 2823; x_wconf 85' lang='lat' dir='ltr'><strong>peccatum</strong></span> <span class='ocrx_word' id='word_1_214' title='bbox 753 2752 984 2816; x_wconf 80' lang='lat' dir='ltr'><strong>iaceret,</strong></span> <span class='ocrx_word' id='word_1_215' title='bbox 1019 2768 1134 2807; x_wconf 91' lang='lat' dir='ltr'><strong>non</strong></span> <span class='ocrx_word' id='word_1_216' title='bbox 1184 2770 1337 2811; x_wconf 91' lang='lat' dir='ltr'><strong>nunc</strong></span> <span class='ocrx_word' id='word_1_217' title='bbox 1387 2756 1666 2826; x_wconf 89' lang='lat' dir='ltr'><strong>primum,</strong></span> <span class='ocrx_word' id='word_1_218' title='bbox 1701 2759 1800 2814; x_wconf 88' lang='lat' dir='ltr'><strong>sed</strong></span> <span class='ocrx_word' id='word_1_219' title='bbox 1837 2759 1907 2814; x_wconf 85' lang='lat' dir='ltr'><strong>ab</strong></span> <span class='ocrx_word' id='word_1_220' title='bbox 1940 2760 2105 2817; x_wconf 87' lang='lat' dir='ltr'><strong>initio</strong></span> 
     </span>
    </p>
   </div>
   <div class='ocr_carea' id='block_1_29' title="bbox 400 2839 1163 2911">
    <p class='ocr_par' dir='ltr' id='par_1_29' title="bbox 400 2839 1163 2911">
     <span class='ocr_line' id='line_1_29' title="bbox 400 2839 1163 2911; baseline 0.004 -17"><span class='ocrx_word' id='word_1_221' title='bbox 400 2839 678 2911; x_wconf 62' lang='lat' dir='ltr'><strong>querebat</strong></span> <span class='ocrx_word' id='word_1_222' title='bbox 704 2854 833 2894; x_wconf 87' lang='lat' dir='ltr'><strong>eum</strong></span> <span class='ocrx_word' id='word_1_223' title='bbox 864 2840 1163 2897; x_wconf 83' lang='lat' dir='ltr'><strong>dimittere.</strong></span> 
     </span>
    </p>
   </div>
   <div class='ocr_carea' id='block_1_30' title="bbox 468 2929 2105 2997">
    <p class='ocr_par' dir='ltr' id='par_1_30' title="bbox 468 2929 2105 2997">
     <span class='ocr_line' id='line_1_30' title="bbox 468 2929 2105 2997; baseline 0.005 -11"><span class='ocrx_word' id='word_1_224' title='bbox 468 2931 525 2987; x_wconf 88' lang='lat'><strong>7.</strong></span> <span class='ocrx_word' id='word_1_225' title='bbox 555 2929 733 2987; x_wconf 70' lang='lat' dir='ltr'><strong>Iudaei</strong></span> <span class='ocrx_word' id='word_1_226' title='bbox 757 2938 946 2987; x_wconf 86' lang='lat' dir='ltr'><strong>autem</strong></span> <span class='ocrx_word' id='word_1_227' title='bbox 973 2932 1285 2989; x_wconf 88' lang='lat' dir='ltr'><strong>clamabant</strong></span> <span class='ocrx_word' id='word_1_228' title='bbox 1313 2934 1549 2993; x_wconf 82' lang='lat' dir='ltr'><strong>dicentes</strong></span> <span class='ocrx_word' id='word_1_229' title='bbox 1580 2956 1600 2992; x_wconf 87' lang='lat'><strong><em>:</em></strong></span> <span class='ocrx_word' id='word_1_230' title='bbox 1631 2939 1692 2994; x_wconf 88' lang='lat' dir='ltr'><strong>Si</strong></span> <span class='ocrx_word' id='word_1_231' title='bbox 1723 2938 1868 2995; x_wconf 87' lang='lat' dir='ltr'><strong>hunc</strong></span> <span class='ocrx_word' id='word_1_232' title='bbox 1907 2939 2105 2997; x_wconf 87' lang='lat' dir='ltr'><strong>dimit-</strong></span> 
     </span>
    </p>
   </div>
   <div class='ocr_carea' id='block_1_31' title="bbox 401 3021 2108 3100">
    <p class='ocr_par' dir='ltr' id='par_1_31' title="bbox 401 3021 2108 3100">
     <span class='ocr_line' id='line_1_31' title="bbox 401 3021 2108 3100; baseline 0.005 -24"><span class='ocrx_word' id='word_1_233' title='bbox 401 3022 495 3088; x_wconf 86' lang='lat' dir='ltr'><strong>tis,</strong></span> <span class='ocrx_word' id='word_1_234' title='bbox 543 3037 659 3075; x_wconf 87' lang='lat' dir='ltr'><strong>non</strong></span> <span class='ocrx_word' id='word_1_235' title='bbox 701 3035 757 3076; x_wconf 90' lang='lat' dir='ltr'><strong>es</strong></span> <span class='ocrx_word' id='word_1_236' title='bbox 789 3021 1004 3076; x_wconf 88' lang='lat' dir='ltr'><strong>amicus</strong></span> <span class='ocrx_word' id='word_1_237' title='bbox 1035 3021 1291 3079; x_wconf 71' lang='lat' dir='ltr'><strong>Caesaris.</strong></span> <span class='ocrx_word' id='word_1_238' title='bbox 1321 3024 1511 3081; x_wconf 87' lang='lat' dir='ltr'><strong>Omnis</strong></span> <span class='ocrx_word' id='word_1_239' title='bbox 1540 3028 1690 3082; x_wconf 89' lang='lat' dir='ltr'><strong>enim</strong></span> <span class='ocrx_word' id='word_1_240' title='bbox 1718 3030 1814 3100; x_wconf 89' lang='lat' dir='ltr'><strong>qui</strong></span> <span class='ocrx_word' id='word_1_241' title='bbox 1840 3045 1893 3084; x_wconf 89' lang='lat' dir='ltr'><strong>se</strong></span> <span class='ocrx_word' id='word_1_242' title='bbox 1925 3045 2108 3100; x_wconf 84' lang='lat' dir='ltr'><strong>regem</strong></span> 
     </span>
    </p>
   </div>
   <div class='ocr_carea' id='block_1_32' title="bbox 397 3111 2107 3192">
    <p class='ocr_par' dir='ltr' id='par_1_32' title="bbox 397 3111 2107 3192">
     <span class='ocr_line' id='line_1_32' title="bbox 397 3111 2107 3192; baseline 0.006 -26"><span class='ocrx_word' id='word_1_243' title='bbox 397 3112 558 3181; x_wconf 83' lang='lat' dir='ltr'><strong>facit,</strong></span> <span class='ocrx_word' id='word_1_244' title='bbox 588 3111 916 3167; x_wconf 86' lang='lat' dir='ltr'><strong>contradicit</strong></span> <span class='ocrx_word' id='word_1_245' title='bbox 965 3112 1183 3168; x_wconf 70' lang='lat' dir='ltr'><strong>stari.</strong></span> <span class='ocrx_word' id='word_1_246' title='bbox 1218 3115 1496 3185; x_wconf 86' lang='lat' dir='ltr'><strong>Majorem</strong></span> <span class='ocrx_word' id='word_1_247' title='bbox 1548 3119 1813 3176; x_wconf 90' lang='lat' dir='ltr'><strong>timorem</strong></span> <span class='ocrx_word' id='word_1_248' title='bbox 1847 3136 1905 3177; x_wconf 92' lang='lat' dir='ltr'><strong>se</strong></span> <span class='ocrx_word' id='word_1_249' title='bbox 1948 3122 2107 3192; x_wconf 84' lang='lat' dir='ltr'><strong>inge-</strong></span> 
     </span>
    </p>
   </div>
   <div class='ocr_carea' id='block_1_33' title="bbox 400 3201 2106 3276">
    <p class='ocr_par' dir='ltr' id='par_1_33' title="bbox 400 3201 2106 3276">
     <span class='ocr_line' id='line_1_33' title="bbox 400 3201 2106 3276; baseline 0.005 -20"><span class='ocrx_word' id='word_1_250' title='bbox 400 3215 526 3256; x_wconf 84' lang='lat' dir='ltr'><strong>rere</strong></span> <span class='ocrx_word' id='word_1_251' title='bbox 557 3205 903 3272; x_wconf 85' lang='lat' dir='ltr'><strong>putaverunt</strong></span> <span class='ocrx_word' id='word_1_252' title='bbox 935 3201 1139 3273; x_wconf 89' lang='lat' dir='ltr'><strong>Pilato,</strong></span> <span class='ocrx_word' id='word_1_253' title='bbox 1172 3208 1441 3261; x_wconf 87' lang='lat' dir='ltr'><strong>terrendo</strong></span> <span class='ocrx_word' id='word_1_254' title='bbox 1473 3208 1543 3263; x_wconf 93' lang='lat' dir='ltr'><strong>de</strong></span> <span class='ocrx_word' id='word_1_255' title='bbox 1576 3212 1818 3276; x_wconf 80' lang='lat' dir='ltr'><strong>Caesare,</strong></span> <span class='ocrx_word' id='word_1_256' title='bbox 1853 3219 1915 3265; x_wconf 89' lang='lat' dir='ltr'><strong>ut</strong></span> <span class='ocrx_word' id='word_1_257' title='bbox 1947 3209 2106 3266; x_wconf 85' lang='lat' dir='ltr'><strong>occi-</strong></span> 
     </span>
    </p>
   </div>
   <div class='ocr_carea' id='block_1_34' title="bbox 402 3288 2199 3366">
    <p class='ocr_par' dir='ltr' id='par_1_34' title="bbox 402 3288 2199 3366">
     <span class='ocr_line' id='line_1_34' title="bbox 402 3288 2199 3366; baseline 0.006 -23"><span class='ocrx_word' id='word_1_258' title='bbox 402 3288 563 3343; x_wconf 84' lang='lat' dir='ltr'><strong>deret</strong></span> <span class='ocrx_word' id='word_1_259' title='bbox 609 3289 927 3356; x_wconf 86' lang='lat' dir='ltr'><strong>Christum,</strong></span> <span class='ocrx_word' id='word_1_260' title='bbox 961 3307 1137 3361; x_wconf 86' lang='lat' dir='ltr'><strong>quam</strong></span> <span class='ocrx_word' id='word_1_261' title='bbox 1189 3294 1461 3363; x_wconf 88' lang='lat' dir='ltr'><strong>superius</strong></span> <span class='ocrx_word' id='word_1_262' title='bbox 1516 3296 1615 3351; x_wconf 92' lang='lat' dir='ltr'><strong>ubi</strong></span> <span class='ocrx_word' id='word_1_263' title='bbox 1665 3296 1958 3366; x_wconf 87' lang='lat' dir='ltr'><strong>dixerunt,</strong></span> <span class='ocrx_word' id='word_1_264' title='bbox 2005 3299 2109 3354; x_wconf 87' lang='lat' dir='ltr'><strong>Nos</strong></span> <span class='ocrx_word' id='word_1_265' title='bbox 2192 3326 2199 3361; x_wconf 71' lang='grc' dir='ltr'><strong><em>ε</em></strong></span> 
     </span>
    </p>
   </div>
   <div class='ocr_carea' id='block_1_35' title="bbox 400 3378 2110 3458">
    <p class='ocr_par' dir='ltr' id='par_1_35' title="bbox 400 3378 2110 3458">
     <span class='ocr_line' id='line_1_35' title="bbox 400 3378 2110 3458; baseline 0.006 -25"><span class='ocrx_word' id='word_1_266' title='bbox 400 3379 591 3449; x_wconf 81' lang='lat' dir='ltr'><strong>Legem</strong></span> <span class='ocrx_word' id='word_1_267' title='bbox 620 3378 900 3447; x_wconf 84' lang='lat' dir='ltr'><strong>habemus,</strong></span> <span class='ocrx_word' id='word_1_268' title='bbox 931 3390 981 3435; x_wconf 92' lang='lat' dir='ltr'><strong>et</strong></span> <span class='ocrx_word' id='word_1_269' title='bbox 1016 3381 1315 3438; x_wconf 86' lang='lat' dir='ltr'><strong>secundum</strong></span> <span class='ocrx_word' id='word_1_270' title='bbox 1363 3385 1551 3455; x_wconf 80' lang='lat' dir='ltr'><strong>Legem</strong></span> <span class='ocrx_word' id='word_1_271' title='bbox 1600 3385 1752 3442; x_wconf 84' lang='lat' dir='ltr'><strong>debet</strong></span> <span class='ocrx_word' id='word_1_272' title='bbox 1784 3390 1943 3455; x_wconf 88' lang='lat' dir='ltr'><strong>mori,</strong></span> <span class='ocrx_word' id='word_1_273' title='bbox 1975 3390 2110 3458; x_wconf 86' lang='lat' dir='ltr'><strong>quia</strong></span> 
     </span>
    </p>
   </div>
   <div class='ocr_carea' id='block_1_36' title="bbox 401 3467 2106 3547">
    <p class='ocr_par' dir='ltr' id='par_1_36' title="bbox 401 3467 2106 3547">
     <span class='ocr_line' id='line_1_36' title="bbox 401 3467 2106 3547; baseline 0.006 -26"><span class='ocrx_word' id='word_1_274' title='bbox 401 3467 603 3522; x_wconf 80' lang='lat' dir='ltr'><strong>Filium</strong></span> <span class='ocrx_word' id='word_1_275' title='bbox 638 3468 733 3523; x_wconf 81' lang='lat' dir='ltr'><strong>Dei</strong></span> <span class='ocrx_word' id='word_1_276' title='bbox 763 3484 819 3523; x_wconf 89' lang='lat' dir='ltr'><strong>se</strong></span> <span class='ocrx_word' id='word_1_277' title='bbox 845 3471 996 3539; x_wconf 83' lang='lat' dir='ltr'><strong>fecit.</strong></span> <span class='ocrx_word' id='word_1_278' title='bbox 1030 3471 1243 3527; x_wconf 87' lang='lat' dir='ltr'><strong>Eorum</strong></span> <span class='ocrx_word' id='word_1_279' title='bbox 1278 3473 1483 3545; x_wconf 83' lang='lat' dir='ltr'><strong>Legem</strong></span> <span class='ocrx_word' id='word_1_280' title='bbox 1519 3475 1733 3547; x_wconf 89' lang='lat' dir='ltr'><strong>quippe</strong></span> <span class='ocrx_word' id='word_1_281' title='bbox 1764 3476 1859 3531; x_wconf 91' lang='lat' dir='ltr'><strong>ille</strong></span> <span class='ocrx_word' id='word_1_282' title='bbox 1888 3493 2003 3532; x_wconf 91' lang='lat' dir='ltr'><strong>non</strong></span> <span class='ocrx_word' id='word_1_283' title='bbox 2035 3478 2106 3533; x_wconf 90' lang='lat' dir='ltr'><strong>ti-</strong></span> 
     </span>
    </p>
   </div>
   <div class='ocr_carea' id='block_1_37' title="bbox 403 3557 2110 3634">
    <p class='ocr_par' dir='ltr' id='par_1_37' title="bbox 403 3557 2110 3634">
     <span class='ocr_line' id='line_1_37' title="bbox 403 3557 2110 3634; baseline 0.005 -20"><span class='ocrx_word' id='word_1_284' title='bbox 403 3557 573 3625; x_wconf 87' lang='lat' dir='ltr'><strong>muit,</strong></span> <span class='ocrx_word' id='word_1_285' title='bbox 611 3563 672 3614; x_wconf 90' lang='lat' dir='ltr'><strong>ut</strong></span> <span class='ocrx_word' id='word_1_286' title='bbox 700 3560 1028 3615; x_wconf 68' lang='lat' dir='ltr'><strong>occideret‘</strong></span> <span class='ocrx_word' id='word_1_287' title='bbox 1055 3578 1068 3617; x_wconf 89' lang='lat'><strong>:</strong></span> <span class='ocrx_word' id='word_1_288' title='bbox 1098 3562 1201 3617; x_wconf 89' lang='lat' dir='ltr'><strong>sed</strong></span> <span class='ocrx_word' id='word_1_289' title='bbox 1226 3564 1411 3633; x_wconf 88' lang='lat' dir='ltr'><strong>magis</strong></span> <span class='ocrx_word' id='word_1_290' title='bbox 1433 3564 1638 3619; x_wconf 89' lang='lat' dir='ltr'><strong>Filium</strong></span> <span class='ocrx_word' id='word_1_291' title='bbox 1670 3565 1768 3620; x_wconf 90' lang='lat' dir='ltr'><strong>Dei</strong></span> <span class='ocrx_word' id='word_1_292' title='bbox 1794 3566 2012 3634; x_wconf 90' lang='lat' dir='ltr'><strong>timuit,</strong></span> <span class='ocrx_word' id='word_1_293' title='bbox 2039 3583 2110 3623; x_wconf 90' lang='lat' dir='ltr'><strong>ne</strong></span> 
     </span>
    </p>
   </div>
   <div class='ocr_carea' id='block_1_38' title="bbox 404 3648 2107 3723">
    <p class='ocr_par' dir='ltr' id='par_1_38' title="bbox 404 3648 2107 3723">
     <span class='ocr_line' id='line_1_38' title="bbox 404 3648 2107 3723; baseline 0.005 -20"><span class='ocrx_word' id='word_1_294' title='bbox 404 3649 706 3705; x_wconf 89' lang='lat' dir='ltr'><strong>occideret.</strong></span> <span class='ocrx_word' id='word_1_295' title='bbox 741 3648 906 3703; x_wconf 89' lang='lat' dir='ltr'><strong>Nunc</strong></span> <span class='ocrx_word' id='word_1_296' title='bbox 933 3666 1067 3706; x_wconf 90' lang='lat' dir='ltr'><strong>vero</strong></span> <span class='ocrx_word' id='word_1_297' title='bbox 1101 3669 1213 3706; x_wconf 89' lang='lat' dir='ltr'><strong>non</strong></span> <span class='ocrx_word' id='word_1_298' title='bbox 1246 3653 1331 3708; x_wconf 89' lang='lat' dir='ltr'><strong>sic</strong></span> <span class='ocrx_word' id='word_1_299' title='bbox 1372 3654 1557 3723; x_wconf 91' lang='lat' dir='ltr'><strong>potuit</strong></span> <span class='ocrx_word' id='word_1_300' title='bbox 1587 3660 1957 3712; x_wconf 85' lang='lat' dir='ltr'><strong>contemnere</strong></span> <span class='ocrx_word' id='word_1_301' title='bbox 1990 3656 2107 3712; x_wconf 73' lang='lat' dir='ltr'><strong>Cie-</strong></span> 
     </span>
    </p>
   </div>
   <div class='ocr_carea' id='block_1_39' title="bbox 402 3741 2109 3813">
    <p class='ocr_par' dir='ltr' id='par_1_39' title="bbox 402 3741 2109 3813">
     <span class='ocr_line' id='line_1_39' title="bbox 402 3741 2109 3813; baseline 0.005 -22"><span class='ocrx_word' id='word_1_302' title='bbox 402 3752 591 3792; x_wconf 84' lang='lat' dir='ltr'><strong>sarem</strong></span> <span class='ocrx_word' id='word_1_303' title='bbox 623 3742 922 3793; x_wconf 86' lang='lat' dir='ltr'><strong>auctorem</strong></span> <span class='ocrx_word' id='word_1_304' title='bbox 955 3741 1254 3810; x_wconf 86' lang='lat' dir='ltr'><strong>potestatis</strong></span> <span class='ocrx_word' id='word_1_305' title='bbox 1286 3758 1426 3811; x_wconf 75' lang='lat' dir='ltr'><strong>suis,</strong></span> <span class='ocrx_word' id='word_1_306' title='bbox 1460 3744 1969 3813; x_wconf 88' lang='lat' dir='ltr'><strong>quaemadmodum</strong></span> <span class='ocrx_word' id='word_1_307' title='bbox 2005 3743 2109 3799; x_wconf 85' lang='lat' dir='ltr'><strong>Le-</strong></span> 
     </span>
    </p>
   </div>
   <div class='ocr_carea' id='block_1_40' title="bbox 401 3826 1010 3899">
    <p class='ocr_par' dir='ltr' id='par_1_40' title="bbox 401 3826 1010 3899">
     <span class='ocr_line' id='line_1_40' title="bbox 401 3826 1010 3899; baseline 0.005 -18"><span class='ocrx_word' id='word_1_308' title='bbox 401 3841 532 3899; x_wconf 91' lang='lat' dir='ltr'><strong>gem</strong></span> <span class='ocrx_word' id='word_1_309' title='bbox 563 3828 755 3897; x_wconf 88' lang='lat' dir='ltr'><strong>gentis</strong></span> <span class='ocrx_word' id='word_1_310' title='bbox 784 3826 1010 3884; x_wconf 66' lang='lat' dir='ltr'><strong>alienis.</strong></span> 
     </span>
    </p>
   </div>
   <div class='ocr_carea' id='block_1_41' title="bbox 472 3917 2105 3995">
    <p class='ocr_par' dir='ltr' id='par_1_41' title="bbox 472 3917 2105 3995">
     <span class='ocr_line' id='line_1_41' title="bbox 472 3917 2105 3995; baseline 0.007 -25"><span class='ocrx_word' id='word_1_311' title='bbox 472 3917 528 3971; x_wconf 90' lang='lat'><strong>8.</strong></span> <span class='ocrx_word' id='word_1_312' title='bbox 580 3918 785 3974; x_wconf 87' lang='lat' dir='ltr'><strong>Adhuc</strong></span> <span class='ocrx_word' id='word_1_313' title='bbox 833 3923 1025 3975; x_wconf 89' lang='lat' dir='ltr'><strong>tamen</strong></span> <span class='ocrx_word' id='word_1_314' title='bbox 1076 3921 1438 3993; x_wconf 87' lang='lat' dir='ltr'><strong>Evangelista</strong></span> <span class='ocrx_word' id='word_1_315' title='bbox 1486 3924 1773 3995; x_wconf 86' lang='lat' dir='ltr'><strong>sequitur,</strong></span> <span class='ocrx_word' id='word_1_316' title='bbox 1822 3930 1877 3981; x_wconf 92' lang='lat' dir='ltr'><strong>et</strong></span> <span class='ocrx_word' id='word_1_317' title='bbox 1924 3926 2105 3982; x_wconf 87' lang='lat' dir='ltr'><strong>dicit:</strong></span> 
     </span>
    </p>
   </div>
   <div class='ocr_carea' id='block_1_42' title="bbox 398 4008 2108 4086">
    <p class='ocr_par' dir='ltr' id='par_1_42' title="bbox 398 4008 2108 4086">
     <span class='ocr_line' id='line_1_42' title="bbox 398 4008 2108 4086; baseline 0.004 -23"><span class='ocrx_word' id='word_1_318' title='bbox 398 4008 622 4063; x_wconf 80' lang='lat' dir='ltr'><strong>Pilatus</strong></span> <span class='ocrx_word' id='word_1_319' title='bbox 649 4018 832 4063; x_wconf 84' lang='lat' dir='ltr'><strong>autem</strong></span> <span class='ocrx_word' id='word_1_320' title='bbox 861 4026 985 4064; x_wconf 88' lang='lat' dir='ltr'><strong>cum</strong></span> <span class='ocrx_word' id='word_1_321' title='bbox 1015 4010 1255 4066; x_wconf 85' lang='lat' dir='ltr'><strong>audisset</strong></span> <span class='ocrx_word' id='word_1_322' title='bbox 1287 4012 1384 4067; x_wconf 86' lang='lat' dir='ltr'><strong>hos</strong></span> <span class='ocrx_word' id='word_1_323' title='bbox 1425 4028 1718 4081; x_wconf 81' lang='lat' dir='ltr'><strong>sermones,</strong></span> <span class='ocrx_word' id='word_1_324' title='bbox 1749 4016 1981 4071; x_wconf 80' lang='lat' dir='ltr'><strong>adduxit</strong></span> <span class='ocrx_word' id='word_1_325' title='bbox 2016 4018 2108 4086; x_wconf 81' lang='lat' dir='ltr'><strong>fo-</strong></span> 
     </span>
    </p>
   </div>
   <div class='ocr_carea' id='block_1_43' title="bbox 400 4100 2110 4175">
    <p class='ocr_par' dir='ltr' id='par_1_43' title="bbox 400 4100 2110 4175">
     <span class='ocr_line' id='line_1_43' title="bbox 400 4100 2110 4175; baseline 0.004 -20"><span class='ocrx_word' id='word_1_326' title='bbox 400 4115 496 4155; x_wconf 86' lang='lat' dir='ltr'><strong>ras</strong></span> <span class='ocrx_word' id='word_1_327' title='bbox 539 4100 746 4163; x_wconf 82' lang='lat' dir='ltr'><strong>Jesum,</strong></span> <span class='ocrx_word' id='word_1_328' title='bbox 791 4104 842 4155; x_wconf 87' lang='lat' dir='ltr'><strong>et</strong></span> <span class='ocrx_word' id='word_1_329' title='bbox 883 4102 1019 4155; x_wconf 82' lang='lat' dir='ltr'><strong>sedit</strong></span> <span class='ocrx_word' id='word_1_330' title='bbox 1072 4118 1169 4171; x_wconf 83' lang='lat' dir='ltr'><strong>pro</strong></span> <span class='ocrx_word' id='word_1_331' title='bbox 1219 4102 1508 4166; x_wconf 85' lang='lat' dir='ltr'><strong>tribunali,</strong></span> <span class='ocrx_word' id='word_1_332' title='bbox 1542 4107 1599 4157; x_wconf 87' lang='lat' dir='ltr'><strong>in</strong></span> <span class='ocrx_word' id='word_1_333' title='bbox 1637 4105 1749 4159; x_wconf 89' lang='lat' dir='ltr'><strong>loco</strong></span> <span class='ocrx_word' id='word_1_334' title='bbox 1778 4109 1877 4175; x_wconf 87' lang='lat' dir='ltr'><strong>qui</strong></span> <span class='ocrx_word' id='word_1_335' title='bbox 1906 4107 2110 4161; x_wconf 88' lang='lat' dir='ltr'><strong>dicitur</strong></span> 
     </span>
    </p>
   </div>
   <div class='ocr_carea' id='block_1_44' title="bbox 400 4187 2107 4257">
    <p class='ocr_par' dir='ltr' id='par_1_44' title="bbox 400 4187 2107 4257">
     <span class='ocr_line' id='line_1_44' title="bbox 400 4187 2107 4257; baseline 0.005 -16"><span class='ocrx_word' id='word_1_336' title='bbox 400 4187 781 4257; x_wconf 85' lang='lat' dir='ltr'><strong>Lithostrotos,</strong></span> <span class='ocrx_word' id='word_1_337' title='bbox 837 4188 1086 4243; x_wconf 77' lang='lat' dir='ltr'><strong>hebraice</strong></span> <span class='ocrx_word' id='word_1_338' title='bbox 1141 4195 1325 4245; x_wconf 87' lang='lat' dir='ltr'><strong>autem</strong></span> <span class='ocrx_word' id='word_1_339' title='bbox 1384 4192 1687 4247; x_wconf 87' lang='lat' dir='ltr'><strong>Gabbatha.</strong></span> <span class='ocrx_word' id='word_1_340' title='bbox 1740 4194 1869 4248; x_wconf 80' lang='lat' dir='ltr'><strong>Erat</strong></span> <span class='ocrx_word' id='word_1_341' title='bbox 1927 4205 2107 4249; x_wconf 89' lang='lat' dir='ltr'><strong>autem</strong></span> 
     </span>
    </p>
   </div>
   <div class='ocr_carea' id='block_1_45' title="bbox 400 4280 2103 4351">
    <p class='ocr_par' dir='ltr' id='par_1_45' title="bbox 400 4280 2103 4351">
     <span class='ocr_line' id='line_1_45' title="bbox 400 4280 2103 4351; baseline 0.004 -20"><span class='ocrx_word' id='word_1_342' title='bbox 400 4294 686 4346; x_wconf 84' lang='lat' dir='ltr'><strong>parasceve</strong></span> <span class='ocrx_word' id='word_1_343' title='bbox 718 4280 956 4343; x_wconf 64' lang='lat' dir='ltr'><strong>Paschw,</strong></span> <span class='ocrx_word' id='word_1_344' title='bbox 988 4281 1121 4334; x_wconf 86' lang='lat' dir='ltr'><strong>hora</strong></span> <span class='ocrx_word' id='word_1_345' title='bbox 1153 4284 1311 4351; x_wconf 83' lang='lat' dir='ltr'><strong>quasi</strong></span> <span class='ocrx_word' id='word_1_346' title='bbox 1339 4287 1515 4338; x_wconf 74' lang='lat' dir='ltr'><strong>sexta.</strong></span> <span class='ocrx_word' id='word_1_347' title='bbox 1549 4282 1670 4344; x_wconf 82' lang='lat' dir='ltr'><strong>Qua</strong></span> <span class='ocrx_word' id='word_1_348' title='bbox 1713 4282 1852 4337; x_wconf 88' lang='lat' dir='ltr'><strong>hora</strong></span> <span class='ocrx_word' id='word_1_349' title='bbox 1891 4284 1963 4338; x_wconf 84' lang='lat' dir='ltr'><strong>sit</strong></span> <span class='ocrx_word' id='word_1_350' title='bbox 1993 4284 2103 4339; x_wconf 85' lang='lat' dir='ltr'><strong>Do-</strong></span> 
     </span>
    </p>
   </div>
   <div class='ocr_carea' id='block_1_46' title="bbox 402 4372 2107 4443">
    <p class='ocr_par' dir='ltr' id='par_1_46' title="bbox 402 4372 2107 4443">
     <span class='ocr_line' id='line_1_46' title="bbox 402 4372 2107 4443; baseline 0.002 -19"><span class='ocrx_word' id='word_1_351' title='bbox 402 4374 599 4424; x_wconf 85' lang='lat' dir='ltr'><strong>minus</strong></span> <span class='ocrx_word' id='word_1_352' title='bbox 629 4372 965 4441; x_wconf 81' lang='lat' dir='ltr'><strong>cruciﬁxus,</strong></span> <span class='ocrx_word' id='word_1_353' title='bbox 1001 4380 1229 4442; x_wconf 89' lang='lat' dir='ltr'><strong>propter</strong></span> <span class='ocrx_word' id='word_1_354' title='bbox 1258 4374 1632 4443; x_wconf 62' lang='lat' dir='ltr'><strong>evangelista:</strong></span> <span class='ocrx_word' id='word_1_355' title='bbox 1677 4374 1911 4429; x_wconf 76' lang='lat' dir='ltr'><strong>alterius</strong></span> <span class='ocrx_word' id='word_1_356' title='bbox 1946 4377 2107 4430; x_wconf 80' lang='lat' dir='ltr'><strong>testi-</strong></span> 
     </span>
    </p>
   </div>
   <div class='ocr_carea' id='block_1_47' title="bbox 404 4461 2107 4536">
    <p class='ocr_par' dir='ltr' id='par_1_47' title="bbox 404 4461 2107 4536">
     <span class='ocr_line' id='line_1_47' title="bbox 404 4461 2107 4536; baseline 0.004 -21"><span class='ocrx_word' id='word_1_357' title='bbox 404 4462 663 4515; x_wconf 84' lang='lat' dir='ltr'><strong>monium</strong></span> <span class='ocrx_word' id='word_1_358' title='bbox 686 4461 783 4530; x_wconf 92' lang='lat' dir='ltr'><strong>qui</strong></span> <span class='ocrx_word' id='word_1_359' title='bbox 804 4463 1302 4526; x_wconf 84' lang='lat' dir='ltr'><strong>dixit,Eratuutem</strong></span> <span class='ocrx_word' id='word_1_360' title='bbox 1315 4465 2107 4536; x_wconf 79' lang='lat' dir='ltr'><strong>horatertia,etcruciﬁxerunt</strong></span> 
     </span>
    </p>
   </div>
   <div class='ocr_carea' id='block_1_48' title="bbox 399 4551 2106 4627">
    <p class='ocr_par' dir='ltr' id='par_1_48' title="bbox 399 4551 2106 4627">
     <span class='ocr_line' id='line_1_48' title="bbox 399 4551 2106 4627; baseline 0.004 -21"><span class='ocrx_word' id='word_1_361' title='bbox 399 4566 520 4607; x_wconf 86' lang='lat' dir='ltr'><strong>eum</strong></span> <span class='ocrx_word' id='word_1_362' title='bbox 555 4551 741 4623; x_wconf 73' lang='lat' dir='ltr'><strong>(Marc.</strong></span> <span class='ocrx_word' id='word_1_363' title='bbox 774 4568 867 4616; x_wconf 85' lang='lat' dir='ltr'><strong>xv,</strong></span> <span class='ocrx_word' id='word_1_364' title='bbox 900 4552 1014 4623; x_wconf 82' lang='grc'><strong>25),</strong></span> <span class='ocrx_word' id='word_1_365' title='bbox 1048 4553 1323 4624; x_wconf 87' lang='lat' dir='ltr'><strong>quoniam</strong></span> <span class='ocrx_word' id='word_1_366' title='bbox 1374 4571 1588 4627; x_wconf 85' lang='lat' dir='ltr'><strong>magna</strong></span> <span class='ocrx_word' id='word_1_367' title='bbox 1635 4556 1978 4626; x_wconf 82' lang='lat' dir='ltr'><strong>disceptatio</strong></span> <span class='ocrx_word' id='word_1_368' title='bbox 2007 4574 2106 4613; x_wconf 67' lang='lat' dir='ltr'><strong>so~</strong></span> 
     </span>
    </p>
   </div>
   <div class='ocr_carea' id='block_1_49' title="bbox 400 4639 2110 4714">
    <p class='ocr_par' dir='ltr' id='par_1_49' title="bbox 400 4639 2110 4714">
     <span class='ocr_line' id='line_1_49' title="bbox 400 4639 2110 4714; baseline 0.005 -21"><span class='ocrx_word' id='word_1_369' title='bbox 400 4639 479 4694; x_wconf 87' lang='lat' dir='ltr'><strong>let</strong></span> <span class='ocrx_word' id='word_1_370' title='bbox 508 4641 749 4706; x_wconf 88' lang='lat' dir='ltr'><strong>oboriri;</strong></span> <span class='ocrx_word' id='word_1_371' title='bbox 784 4657 920 4696; x_wconf 89' lang='lat' dir='ltr'><strong>cum</strong></span> <span class='ocrx_word' id='word_1_372' title='bbox 954 4644 1024 4696; x_wconf 90' lang='lat' dir='ltr'><strong>ad</strong></span> <span class='ocrx_word' id='word_1_373' title='bbox 1058 4647 1250 4714; x_wconf 82' lang='lat' dir='ltr'><strong>ipsum</strong></span> <span class='ocrx_word' id='word_1_374' title='bbox 1285 4645 1477 4700; x_wconf 85' lang='lat' dir='ltr'><strong>locum</strong></span> <span class='ocrx_word' id='word_1_375' title='bbox 1513 4647 1607 4700; x_wconf 92' lang='lat' dir='ltr'><strong>ubi</strong></span> <span class='ocrx_word' id='word_1_376' title='bbox 1642 4646 1954 4702; x_wconf 81' lang='lat' dir='ltr'><strong>cruciﬁxus</strong></span> <span class='ocrx_word' id='word_1_377' title='bbox 1983 4664 2110 4702; x_wconf 88' lang='lat' dir='ltr'><strong>nar-</strong></span> 
     </span>
    </p>
   </div>
   <div class='ocr_carea' id='block_1_50' title="bbox 401 4731 2103 4803">
    <p class='ocr_par' dir='ltr' id='par_1_50' title="bbox 401 4731 2103 4803">
     <span class='ocr_line' id='line_1_50' title="bbox 401 4731 2103 4803; baseline 0.005 -19"><span class='ocrx_word' id='word_1_378' title='bbox 401 4734 564 4784; x_wconf 88' lang='lat' dir='ltr'><strong>ratur</strong></span> <span class='ocrx_word' id='word_1_379' title='bbox 594 4737 825 4783; x_wconf 91' lang='lat' dir='ltr'><strong>ventum</strong></span> <span class='ocrx_word' id='word_1_380' title='bbox 859 4731 1055 4796; x_wconf 86' lang='lat' dir='ltr'><strong>fuerit,</strong></span> <span class='ocrx_word' id='word_1_381' title='bbox 1090 4739 1154 4787; x_wconf 90' lang='lat' dir='ltr'><strong>ut</strong></span> <span class='ocrx_word' id='word_1_382' title='bbox 1184 4738 1570 4803; x_wconf 86' lang='lat' dir='ltr'><strong>potuerimus,</strong></span> <span class='ocrx_word' id='word_1_383' title='bbox 1604 4738 1651 4789; x_wconf 90' lang='lat' dir='ltr'><strong>si</strong></span> <span class='ocrx_word' id='word_1_384' title='bbox 1694 4737 1975 4792; x_wconf 88' lang='lat' dir='ltr'><strong>Dominus</strong></span> <span class='ocrx_word' id='word_1_385' title='bbox 2005 4753 2103 4793; x_wconf 85' lang='lat' dir='ltr'><strong>vo-</strong></span> 
     </span>
    </p>
   </div>
   <div class='ocr_carea' id='block_1_51' title="bbox 358 4816 2104 4894">
    <p class='ocr_par' dir='ltr' id='par_1_51' title="bbox 358 4816 2104 4894">
     <span class='ocr_line' id='line_1_51' title="bbox 358 4816 2104 4894; baseline 0.005 -20"><span class='ocrx_word' id='word_1_386' title='bbox 358 4844 361 4847; x_wconf 56' lang='grc' dir='ltr'><strong><em>ν</em></strong></span> <span class='ocrx_word' id='word_1_387' title='bbox 399 4816 589 4884; x_wconf 84' lang='lat' dir='ltr'><strong>luerit,</strong></span> <span class='ocrx_word' id='word_1_388' title='bbox 614 4816 970 4873; x_wconf 87' lang='lat' dir='ltr'><strong>disseremus</strong></span> <span class='ocrx_word' id='word_1_389' title='bbox 997 4820 1097 4890; x_wconf 83' lang='grc' dir='ltr'><strong>(ιι).</strong></span> <span class='ocrx_word' id='word_1_390' title='bbox 1130 4825 1275 4876; x_wconf 89' lang='lat' dir='ltr'><strong>Cum</strong></span> <span class='ocrx_word' id='word_1_391' title='bbox 1307 4839 1438 4893; x_wconf 80' lang='lat' dir='ltr'><strong>ergo</strong></span> <span class='ocrx_word' id='word_1_392' title='bbox 1474 4841 1573 4894; x_wconf 89' lang='lat' dir='ltr'><strong>pro</strong></span> <span class='ocrx_word' id='word_1_393' title='bbox 1607 4826 1881 4879; x_wconf 88' lang='lat' dir='ltr'><strong>tribunali</strong></span> <span class='ocrx_word' id='word_1_394' title='bbox 1916 4827 2104 4882; x_wconf 88' lang='lat' dir='ltr'><strong>sedis-</strong></span> 
     </span>
    </p>
   </div>
   <div class='ocr_carea' id='block_1_52' title="bbox 358 4906 2105 4973">
    <p class='ocr_par' dir='ltr' id='par_1_52' title="bbox 358 4906 2105 4973">
     <span class='ocr_line' id='line_1_52' title="bbox 358 4906 2105 4973; baseline 0.003 -8"><span class='ocrx_word' id='word_1_395' title='bbox 358 4956 363 4965; x_wconf 80' lang='lat'><strong>.</strong></span> <span class='ocrx_word' id='word_1_396' title='bbox 397 4912 488 4963; x_wconf 80' lang='lat' dir='ltr'><strong>eet</strong></span> <span class='ocrx_word' id='word_1_397' title='bbox 537 4906 781 4973; x_wconf 84' lang='lat' dir='ltr'><strong>Pilatus,</strong></span> <span class='ocrx_word' id='word_1_398' title='bbox 814 4906 952 4962; x_wconf 82' lang='lat' dir='ltr'><strong>Dicit</strong></span> <span class='ocrx_word' id='word_1_399' title='bbox 980 4909 1193 4964; x_wconf 65' lang='lat' dir='ltr'><strong>Iudaeis</strong></span> <span class='ocrx_word' id='word_1_400' title='bbox 1218 4925 1238 4965; x_wconf 86' lang='lat'><strong><em>:</em></strong></span> <span class='ocrx_word' id='word_1_401' title='bbox 1268 4912 1395 4965; x_wconf 86' lang='lat' dir='ltr'><strong>Ecce</strong></span> <span class='ocrx_word' id='word_1_402' title='bbox 1433 4928 1535 4967; x_wconf 83' lang='lat' dir='ltr'><strong>rex</strong></span> <span class='ocrx_word' id='word_1_403' title='bbox 1564 4917 1753 4967; x_wconf 78' lang='lat' dir='ltr'><strong>vester.</strong></span> <span class='ocrx_word' id='word_1_404' title='bbox 1786 4915 1883 4967; x_wconf 86' lang='lat' dir='ltr'><strong>Illi</strong></span> <span class='ocrx_word' id='word_1_405' title='bbox 1920 4921 2105 4970; x_wconf 88' lang='lat' dir='ltr'><strong>autem</strong></span> 
     </span>
    </p>
   </div>
   <div class='ocr_carea' id='block_1_53' title="bbox 395 4994 2105 5068">
    <p class='ocr_par' dir='ltr' id='par_1_53' title="bbox 395 4994 2105 5068">
     <span class='ocr_line' id='line_1_53' title="bbox 395 4994 2105 5068; baseline 0.004 -17"><span class='ocrx_word' id='word_1_406' title='bbox 395 4996 757 5052; x_wconf 85' lang='lat' dir='ltr'><strong>clamabant:</strong></span> <span class='ocrx_word' id='word_1_407' title='bbox 791 4994 959 5061; x_wconf 83' lang='lat' dir='ltr'><strong>Tolle,</strong></span> <span class='ocrx_word' id='word_1_408' title='bbox 992 4997 1138 5060; x_wconf 83' lang='lat' dir='ltr'><strong>tolle,</strong></span> <span class='ocrx_word' id='word_1_409' title='bbox 1171 4999 1432 5068; x_wconf 80' lang='lat' dir='ltr'><strong>cruciﬁge</strong></span> <span class='ocrx_word' id='word_1_410' title='bbox 1481 5016 1625 5056; x_wconf 89' lang='lat' dir='ltr'><strong>eum.</strong></span> <span class='ocrx_word' id='word_1_411' title='bbox 1661 5001 1811 5057; x_wconf 88' lang='lat' dir='ltr'><strong>Dixit</strong></span> <span class='ocrx_word' id='word_1_412' title='bbox 1841 5001 1920 5057; x_wconf 87' lang='lat' dir='ltr'><strong>eis</strong></span> <span class='ocrx_word' id='word_1_413' title='bbox 1950 5003 2105 5058; x_wconf 87' lang='lat' dir='ltr'><strong>Pila-</strong></span> 
     </span>
    </p>
   </div>
   <div class='ocr_carea' id='block_1_54' title="bbox 396 5087 2103 5158">
    <p class='ocr_par' dir='ltr' id='par_1_54' title="bbox 396 5087 2103 5158">
     <span class='ocr_line' id='line_1_54' title="bbox 396 5087 2103 5158; baseline 0.005 -19"><span class='ocrx_word' id='word_1_414' title='bbox 396 5094 487 5140; x_wconf 76' lang='lat' dir='ltr'><strong>ius</strong></span> <span class='ocrx_word' id='word_1_415' title='bbox 533 5101 554 5141; x_wconf 83' lang='lat'><strong>.&#39;</strong></span> <span class='ocrx_word' id='word_1_416' title='bbox 603 5087 796 5154; x_wconf 77' lang='lat' dir='ltr'><strong>Regem</strong></span> <span class='ocrx_word' id='word_1_417' title='bbox 844 5090 1080 5141; x_wconf 81' lang='lat' dir='ltr'><strong>vestrum</strong></span> <span class='ocrx_word' id='word_1_418' title='bbox 1126 5088 1447 5158; x_wconf 78' lang='lat' dir='ltr'><strong>cruciﬁgum</strong></span> <span class='ocrx_word' id='word_1_419' title='bbox 1477 5091 1505 5143; x_wconf 87' lang='lat'><strong><em>?</em></strong></span> <span class='ocrx_word' id='word_1_420' title='bbox 1561 5090 1767 5145; x_wconf 83' lang='lat' dir='ltr'><strong>Adhuc</strong></span> <span class='ocrx_word' id='word_1_421' title='bbox 1825 5096 2103 5148; x_wconf 90' lang='lat' dir='ltr'><strong>terrorem</strong></span> 
     </span>
    </p>
   </div>
   <div class='ocr_carea' id='block_1_55' title="bbox 399 5176 2103 5251">
    <p class='ocr_par' dir='ltr' id='par_1_55' title="bbox 399 5176 2103 5251">
     <span class='ocr_line' id='line_1_55' title="bbox 399 5176 2103 5251; baseline 0.005 -22"><span class='ocrx_word' id='word_1_422' title='bbox 399 5190 571 5245; x_wconf 88' lang='lat' dir='ltr'><strong>quem</strong></span> <span class='ocrx_word' id='word_1_423' title='bbox 613 5176 685 5231; x_wconf 91' lang='lat' dir='ltr'><strong>de</strong></span> <span class='ocrx_word' id='word_1_424' title='bbox 725 5176 946 5232; x_wconf 84' lang='lat' dir='ltr'><strong>Caesare</strong></span> <span class='ocrx_word' id='word_1_425' title='bbox 998 5178 1383 5246; x_wconf 76' lang='lat' dir='ltr'><strong>ingesserunt,</strong></span> <span class='ocrx_word' id='word_1_426' title='bbox 1416 5195 1691 5248; x_wconf 87' lang='lat' dir='ltr'><strong>superare</strong></span> <span class='ocrx_word' id='word_1_427' title='bbox 1740 5187 2004 5251; x_wconf 90' lang='lat' dir='ltr'><strong>conatur,</strong></span> <span class='ocrx_word' id='word_1_428' title='bbox 2036 5186 2103 5237; x_wconf 91' lang='lat' dir='ltr'><strong>de</strong></span> 
     </span>
    </p>
   </div>
   <div class='ocr_carea' id='block_1_56' title="bbox 399 5261 2103 5343">
    <p class='ocr_par' dir='ltr' id='par_1_56' title="bbox 399 5261 2103 5343">
     <span class='ocr_line' id='line_1_56' title="bbox 399 5261 2103 5343; baseline 0.006 -28"><span class='ocrx_word' id='word_1_429' title='bbox 399 5261 722 5331; x_wconf 80' lang='lat' dir='ltr'><strong>ignominia</strong></span> <span class='ocrx_word' id='word_1_430' title='bbox 754 5280 953 5319; x_wconf 91' lang='lat' dir='ltr'><strong>eorum</strong></span> <span class='ocrx_word' id='word_1_431' title='bbox 978 5264 1177 5319; x_wconf 82' lang='lat' dir='ltr'><strong>volens</strong></span> <span class='ocrx_word' id='word_1_432' title='bbox 1199 5281 1297 5343; x_wconf 89' lang='lat' dir='ltr'><strong>eos</strong></span> <span class='ocrx_word' id='word_1_433' title='bbox 1323 5268 1586 5338; x_wconf 77' lang='lat' dir='ltr'><strong>frangere</strong></span> <span class='ocrx_word' id='word_1_434' title='bbox 1617 5270 1881 5337; x_wconf 87' lang='lat' dir='ltr'><strong>dicendo,</strong></span> <span class='ocrx_word' id='word_1_435' title='bbox 1908 5271 2103 5339; x_wconf 80' lang='lat' dir='ltr'><strong>[legem</strong></span> 
     </span>
    </p>
   </div>
   <div class='ocr_carea' id='block_1_57' title="bbox 396 5353 2099 5427">
    <p class='ocr_par' dir='ltr' id='par_1_57' title="bbox 396 5353 2099 5427">
     <span class='ocr_line' id='line_1_57' title="bbox 396 5353 2099 5427; baseline 0.009 -29"><span class='ocrx_word' id='word_1_436' title='bbox 396 5353 635 5403; x_wconf 84' lang='lat' dir='ltr'><strong>vestrum</strong></span> <span class='ocrx_word' id='word_1_437' title='bbox 666 5354 1027 5423; x_wconf 81' lang='lat' dir='ltr'><strong>cruciﬁgam?</strong></span> <span class='ocrx_word' id='word_1_438' title='bbox 1058 5371 1201 5426; x_wconf 90' lang='lat' dir='ltr'><strong>quos</strong></span> <span class='ocrx_word' id='word_1_439' title='bbox 1232 5358 1304 5410; x_wconf 89' lang='lat' dir='ltr'><strong>de</strong></span> <span class='ocrx_word' id='word_1_440' title='bbox 1335 5356 1659 5427; x_wconf 87' lang='lat' dir='ltr'><strong>ignominia</strong></span> <span class='ocrx_word' id='word_1_441' title='bbox 1688 5358 1897 5413; x_wconf 84' lang='lat' dir='ltr'><strong>Christi</strong></span> <span class='ocrx_word' id='word_1_442' title='bbox 1943 5359 2099 5414; x_wconf 88' lang='lat' dir='ltr'><strong>miti-</strong></span> 
     </span>
    </p>
   </div>
   <div class='ocr_carea' id='block_1_58' title="bbox 400 5446 1769 5509">
    <p class='ocr_par' dir='ltr' id='par_1_58' title="bbox 400 5446 1769 5509">
     <span class='ocr_line' id='line_1_58' title="bbox 400 5446 1769 5509; baseline 0.012 -20"><span class='ocrx_word' id='word_1_443' title='bbox 400 5451 535 5506; x_wconf 86' lang='lat' dir='ltr'><strong>gare</strong></span> <span class='ocrx_word' id='word_1_444' title='bbox 566 5454 678 5491; x_wconf 88' lang='lat' dir='ltr'><strong>non</strong></span> <span class='ocrx_word' id='word_1_445' title='bbox 712 5446 893 5509; x_wconf 79' lang='lat' dir='ltr'><strong>potuit</strong></span> <span class='ocrx_word' id='word_1_446' title='bbox 927 5459 940 5497; x_wconf 92' lang='lat'><strong>:</strong></span> <span class='ocrx_word' id='word_1_447' title='bbox 977 5448 1075 5500; x_wconf 84' lang='lat' dir='ltr'><strong>sed</strong></span> <span class='ocrx_word' id='word_1_448' title='bbox 1111 5447 1315 5503; x_wconf 90' lang='lat' dir='ltr'><strong>timore</strong></span> <span class='ocrx_word' id='word_1_449' title='bbox 1347 5466 1479 5504; x_wconf 84' lang='lat' dir='ltr'><strong>mox</strong></span> <span class='ocrx_word' id='word_1_450' title='bbox 1505 5450 1769 5506; x_wconf 84' lang='lat' dir='ltr'><strong>vincitur.</strong></span> 
     </span>
    </p>
   </div>
   <div class='ocr_carea' id='block_1_59' title="bbox 469 5559 2099 5641">
    <p class='ocr_par' dir='ltr' id='par_1_59' title="bbox 469 5559 2099 5641">
     <span class='ocr_line' id='line_1_59' title="bbox 469 5559 2099 5641; baseline 0.004 -20"><span class='ocrx_word' id='word_1_451' title='bbox 469 5559 753 5641; x_wconf 41' lang='grc' dir='ltr'><strong>[ξιξιζίξιυεᾳ</strong></span> <span class='ocrx_word' id='word_1_452' title='bbox 777 5564 936 5641; x_wconf 48' lang='grc' dir='ltr'><strong>,Μειδκ</strong></span> <span class='ocrx_word' id='word_1_453' title='bbox 950 5570 1127 5641; x_wconf 70' lang='lat' dir='ltr'><strong>timuit</strong></span> <span class='ocrx_word' id='word_1_454' title='bbox 1141 5573 1492 5641; x_wconf 64' lang='lat' dir='ltr'><strong>_0_ceiiletje._Uu</strong></span> <span class='ocrx_word' id='word_1_455' title='bbox 1504 5591 1581 5632; x_wconf 75' lang='lat' dir='ltr'><strong>us.</strong></span> <span class='ocrx_word' id='word_1_456' title='bbox 1614 5575 1790 5626; x_wconf 88' lang='lat' dir='ltr'><strong>timuit</strong></span> <span class='ocrx_word' id='word_1_457' title='bbox 1813 5575 2099 5641; x_wconf 67' lang='lat' dir='ltr'><strong>oﬂendere.</strong></span> 
     </span>
    </p>
   </div>
   <div class='ocr_carea' id='block_1_60' title="bbox 460 5622 1430 5690">
    <p class='ocr_par' dir='ltr' id='par_1_60' title="bbox 460 5622 1430 5690">
     <span class='ocr_line' id='line_1_60' title="bbox 460 5622 1430 5690; baseline 0.015 -19"><span class='ocrx_word' id='word_1_458' title='bbox 460 5623 538 5690; x_wconf 86' lang='grc' dir='ltr'><strong>(α)</strong></span> <span class='ocrx_word' id='word_1_459' title='bbox 569 5622 686 5675; x_wconf 72' lang='lat' dir='ltr'><strong>Vid.</strong></span> <span class='ocrx_word' id='word_1_460' title='bbox 715 5626 870 5687; x_wconf 77' lang='lat' dir='ltr'><strong>intra,</strong></span> <span class='ocrx_word' id='word_1_461' title='bbox 898 5631 1069 5681; x_wconf 83' lang='lat' dir='ltr'><strong>Tract.</strong></span> <span class='ocrx_word' id='word_1_462' title='bbox 1102 5633 1209 5682; x_wconf 80' lang='lat'><strong>117.</strong></span> <span class='ocrx_word' id='word_1_463' title='bbox 1245 5649 1296 5684; x_wconf 90' lang='lat' dir='ltr'><strong>n.</strong></span> <span class='ocrx_word' id='word_1_464' title='bbox 1331 5622 1430 5688; x_wconf 75' lang='lat'><strong>1-2.</strong></span> 
     </span>
    </p>
   </div>
   <div class='ocr_carea' id='block_1_61' title="bbox 1338 286 2962 374">
    <p class='ocr_par' dir='ltr' id='par_1_61' title="bbox 1338 286 2962 374">
     <span class='ocr_line' id='line_1_61' title="bbox 1338 286 2962 374; baseline 0.003 -28"><span class='ocrx_word' id='word_1_465' title='bbox 1338 287 1415 346; x_wconf 91' lang='lat' dir='ltr'><strong>IN</strong></span> <span class='ocrx_word' id='word_1_466' title='bbox 1459 286 1784 348; x_wconf 79' lang='lat' dir='ltr'><strong>JOANNIS</strong></span> <span class='ocrx_word' id='word_1_467' title='bbox 1829 288 2366 374; x_wconf 86' lang='lat' dir='ltr'><strong>EVANGELIUM,</strong></span> <span class='ocrx_word' id='word_1_468' title='bbox 2415 297 2480 355; x_wconf 92' lang='lat' dir='ltr'><strong>S.</strong></span> <span class='ocrx_word' id='word_1_469' title='bbox 2528 292 2962 355; x_wconf 84' lang='lat' dir='ltr'><strong>AUGUSTINI</strong></span> 
     </span>
    </p>
   </div>
   <div class='ocr_carea' id='block_1_62' title="bbox 3758 288 3911 350">
    <p class='ocr_par' dir='ltr' id='par_1_62' title="bbox 3758 288 3911 350">
     <span class='ocr_line' id='line_1_62' title="bbox 3758 288 3911 350; baseline -0.007 0"><span class='ocrx_word' id='word_1_470' title='bbox 3758 291 3791 350; x_wconf 92' lang='grc'><strong>1</strong></span> <span class='ocrx_word' id='word_1_471' title='bbox 3802 288 3911 350; x_wconf 71' lang='grc'><strong>944</strong></span> 
     </span>
    </p>
   </div>
   <div class='ocr_carea' id='block_1_63' title="bbox 2270 419 3912 498">
    <p class='ocr_par' dir='ltr' id='par_1_63' title="bbox 2270 419 3912 498">
     <span class='ocr_line' id='line_1_63' title="bbox 2270 419 3912 498; baseline -0.005 -16"><span class='ocrx_word' id='word_1_472' title='bbox 2270 430 2321 482; x_wconf 88' lang='lat'><strong>9.</strong></span> <span class='ocrx_word' id='word_1_473' title='bbox 2360 425 2765 498; x_wconf 82' lang='lat' dir='ltr'><strong>Responderunt</strong></span> <span class='ocrx_word' id='word_1_474' title='bbox 2796 422 2951 479; x_wconf 90' lang='lat' dir='ltr'><strong>enim</strong></span> <span class='ocrx_word' id='word_1_475' title='bbox 2982 422 3270 493; x_wconf 80' lang='lat' dir='ltr'><strong>pontifices</strong></span> <span class='ocrx_word' id='word_1_476' title='bbox 3299 435 3319 477; x_wconf 91' lang='lat'><strong><em>:</em></strong></span> <span class='ocrx_word' id='word_1_477' title='bbox 3349 420 3468 476; x_wconf 82' lang='lat' dir='ltr'><strong>Non</strong></span> <span class='ocrx_word' id='word_1_478' title='bbox 3511 419 3783 476; x_wconf 85' lang='lat' dir='ltr'><strong>habemus</strong></span> <span class='ocrx_word' id='word_1_479' title='bbox 3828 438 3912 475; x_wconf 79' lang='lat' dir='ltr'><strong>re-</strong></span> 
     </span>
    </p>
   </div>
   <div class='ocr_carea' id='block_1_64' title="bbox 2200 509 3917 585">
    <p class='ocr_par' dir='ltr' id='par_1_64' title="bbox 2200 509 3917 585">
     <span class='ocr_line' id='line_1_64' title="bbox 2200 509 3917 585; baseline -0.004 -13"><span class='ocrx_word' id='word_1_480' title='bbox 2200 533 2320 585; x_wconf 86' lang='lat' dir='ltr'><strong>gem</strong></span> <span class='ocrx_word' id='word_1_481' title='bbox 2350 518 2461 572; x_wconf 86' lang='lat' dir='ltr'><strong>nisi</strong></span> <span class='ocrx_word' id='word_1_482' title='bbox 2492 517 2777 571; x_wconf 67' lang='lat' dir='ltr'><strong>Czesarem.</strong></span> <span class='ocrx_word' id='word_1_483' title='bbox 2814 514 2955 569; x_wconf 87' lang='lat' dir='ltr'><strong>Tunc</strong></span> <span class='ocrx_word' id='word_1_484' title='bbox 2984 528 3109 583; x_wconf 89' lang='lat' dir='ltr'><strong>ergo</strong></span> <span class='ocrx_word' id='word_1_485' title='bbox 3141 510 3375 565; x_wconf 85' lang='lat' dir='ltr'><strong>tradidit</strong></span> <span class='ocrx_word' id='word_1_486' title='bbox 3405 512 3483 566; x_wconf 85' lang='lat' dir='ltr'><strong>eis</strong></span> <span class='ocrx_word' id='word_1_487' title='bbox 3518 509 3681 565; x_wconf 87' lang='lat' dir='ltr'><strong>illum</strong></span> <span class='ocrx_word' id='word_1_488' title='bbox 3709 519 3769 566; x_wconf 87' lang='lat' dir='ltr'><strong>ut</strong></span> <span class='ocrx_word' id='word_1_489' title='bbox 3800 527 3917 565; x_wconf 85' lang='lat' dir='ltr'><strong>eru-</strong></span> 
     </span>
    </p>
   </div>
   <div class='ocr_carea' id='block_1_65' title="bbox 2200 600 3919 677">
    <p class='ocr_par' dir='ltr' id='par_1_65' title="bbox 2200 600 3919 677">
     <span class='ocr_line' id='line_1_65' title="bbox 2200 600 3919 677; baseline -0.003 -16"><span class='ocrx_word' id='word_1_490' title='bbox 2200 606 2535 677; x_wconf 79' lang='lat' dir='ltr'><strong>ciﬁgeretur.</strong></span> <span class='ocrx_word' id='word_1_491' title='bbox 2562 603 2939 677; x_wconf 83' lang='lat' dir='ltr'><strong>Apertissime</strong></span> <span class='ocrx_word' id='word_1_492' title='bbox 2959 602 3174 673; x_wconf 90' lang='lat' dir='ltr'><strong>quippe</strong></span> <span class='ocrx_word' id='word_1_493' title='bbox 3191 604 3395 657; x_wconf 88' lang='lat' dir='ltr'><strong>contra</strong></span> <span class='ocrx_word' id='word_1_494' title='bbox 3417 600 3704 656; x_wconf 69' lang='lat' dir='ltr'><strong>Caesarem</strong></span> <span class='ocrx_word' id='word_1_495' title='bbox 3722 603 3919 656; x_wconf 84' lang='lat' dir='ltr'><strong>venire</strong></span> 
     </span>
    </p>
   </div>
   <div class='ocr_carea' id='block_1_66' title="bbox 2201 689 3917 765">
    <p class='ocr_par' dir='ltr' id='par_1_66' title="bbox 2201 689 3917 765">
     <span class='ocr_line' id='line_1_66' title="bbox 2201 689 3917 765; baseline -0.003 -16"><span class='ocrx_word' id='word_1_496' title='bbox 2201 696 2517 763; x_wconf 84' lang='lat' dir='ltr'><strong>videretur,</strong></span> <span class='ocrx_word' id='word_1_497' title='bbox 2542 694 2589 751; x_wconf 89' lang='lat' dir='ltr'><strong>si</strong></span> <span class='ocrx_word' id='word_1_498' title='bbox 2613 708 2808 765; x_wconf 85' lang='lat' dir='ltr'><strong>regem</strong></span> <span class='ocrx_word' id='word_1_499' title='bbox 2832 708 2893 748; x_wconf 92' lang='lat' dir='ltr'><strong>se</strong></span> <span class='ocrx_word' id='word_1_500' title='bbox 2916 708 3028 747; x_wconf 88' lang='lat' dir='ltr'><strong>non</strong></span> <span class='ocrx_word' id='word_1_501' title='bbox 3054 690 3267 747; x_wconf 84' lang='lat' dir='ltr'><strong>habere</strong></span> <span class='ocrx_word' id='word_1_502' title='bbox 3294 690 3407 746; x_wconf 87' lang='lat' dir='ltr'><strong>nisi</strong></span> <span class='ocrx_word' id='word_1_503' title='bbox 3429 689 3715 745; x_wconf 67' lang='lat' dir='ltr'><strong>Caesarem</strong></span> <span class='ocrx_word' id='word_1_504' title='bbox 3742 691 3917 758; x_wconf 84' lang='lat' dir='ltr'><strong>proli-</strong></span> 
     </span>
    </p>
   </div>
   <div class='ocr_carea' id='block_1_67' title="bbox 2202 779 3916 854">
    <p class='ocr_par' dir='ltr' id='par_1_67' title="bbox 2202 779 3916 854">
     <span class='ocr_line' id='line_1_67' title="bbox 2202 779 3916 854; baseline -0.004 -12"><span class='ocrx_word' id='word_1_505' title='bbox 2202 787 2481 853; x_wconf 89' lang='lat' dir='ltr'><strong>tentibus,</strong></span> <span class='ocrx_word' id='word_1_506' title='bbox 2542 784 2721 840; x_wconf 91' lang='lat' dir='ltr'><strong>alium</strong></span> <span class='ocrx_word' id='word_1_507' title='bbox 2769 797 2965 854; x_wconf 90' lang='lat' dir='ltr'><strong>regem</strong></span> <span class='ocrx_word' id='word_1_508' title='bbox 3022 779 3195 836; x_wconf 87' lang='lat' dir='ltr'><strong>vellet</strong></span> <span class='ocrx_word' id='word_1_509' title='bbox 3254 780 3518 851; x_wconf 89' lang='lat' dir='ltr'><strong>ingerere</strong></span> <span class='ocrx_word' id='word_1_510' title='bbox 3573 779 3916 835; x_wconf 86' lang='lat' dir='ltr'><strong>dimittendo</strong></span> 
     </span>
    </p>
   </div>
   <div class='ocr_carea' id='block_1_68' title="bbox 2205 868 3915 947">
    <p class='ocr_par' dir='ltr' id='par_1_68' title="bbox 2205 868 3915 947">
     <span class='ocr_line' id='line_1_68' title="bbox 2205 868 3915 947; baseline -0.004 -18"><span class='ocrx_word' id='word_1_511' title='bbox 2205 874 2585 947; x_wconf 89' lang='lat' dir='ltr'><strong>impunitum,</strong></span> <span class='ocrx_word' id='word_1_512' title='bbox 2618 888 2787 945; x_wconf 91' lang='lat' dir='ltr'><strong>quem</strong></span> <span class='ocrx_word' id='word_1_513' title='bbox 2823 875 3057 943; x_wconf 81' lang='lat' dir='ltr'><strong>prapter</strong></span> <span class='ocrx_word' id='word_1_514' title='bbox 3105 870 3212 926; x_wconf 89' lang='lat' dir='ltr'><strong>bos</strong></span> <span class='ocrx_word' id='word_1_515' title='bbox 3250 886 3430 925; x_wconf 88' lang='lat' dir='ltr'><strong>ausus</strong></span> <span class='ocrx_word' id='word_1_516' title='bbox 3471 868 3525 925; x_wconf 89' lang='lat' dir='ltr'><strong>ei</strong></span> <span class='ocrx_word' id='word_1_517' title='bbox 3555 868 3915 924; x_wconf 88' lang='lat' dir='ltr'><strong>tradiderant</strong></span> 
     </span>
    </p>
   </div>
   <div class='ocr_carea' id='block_1_69' title="bbox 2207 958 3911 1031">
    <p class='ocr_par' dir='ltr' id='par_1_69' title="bbox 2207 958 3911 1031">
     <span class='ocr_line' id='line_1_69' title="bbox 2207 958 3911 1031; baseline -0.006 -10"><span class='ocrx_word' id='word_1_518' title='bbox 2207 964 2607 1022; x_wconf 86' lang='lat' dir='ltr'><strong>occidendum.</strong></span> <span class='ocrx_word' id='word_1_519' title='bbox 2640 962 2893 1017; x_wconf 89' lang='lat' dir='ltr'><strong>Tradidit</strong></span> <span class='ocrx_word' id='word_1_520' title='bbox 2925 976 3051 1031; x_wconf 85' lang='lat' dir='ltr'><strong>ergo</strong></span> <span class='ocrx_word' id='word_1_521' title='bbox 3080 960 3158 1015; x_wconf 81' lang='lat' dir='ltr'><strong>eis</strong></span> <span class='ocrx_word' id='word_1_522' title='bbox 3189 960 3353 1015; x_wconf 84' lang='lat' dir='ltr'><strong>illum</strong></span> <span class='ocrx_word' id='word_1_523' title='bbox 3384 963 3444 1013; x_wconf 88' lang='lat' dir='ltr'><strong>ut</strong></span> <span class='ocrx_word' id='word_1_524' title='bbox 3473 958 3911 1026; x_wconf 78' lang='lat' dir='ltr'><strong>cruciﬁgeretur.</strong></span> 
     </span>
    </p>
   </div>
   <div class='ocr_carea' id='block_1_70' title="bbox 2205 1048 3907 1123">
    <p class='ocr_par' dir='ltr' id='par_1_70' title="bbox 2205 1048 3907 1123">
     <span class='ocr_line' id='line_1_70' title="bbox 2205 1048 3907 1123; baseline -0.005 -14"><span class='ocrx_word' id='word_1_525' title='bbox 2205 1055 2312 1109; x_wconf 89' lang='lat' dir='ltr'><strong>Sed</strong></span> <span class='ocrx_word' id='word_1_526' title='bbox 2339 1052 2625 1123; x_wconf 91' lang='lat' dir='ltr'><strong>numquid</strong></span> <span class='ocrx_word' id='word_1_527' title='bbox 2649 1050 2808 1107; x_wconf 91' lang='lat' dir='ltr'><strong>aliud</strong></span> <span class='ocrx_word' id='word_1_528' title='bbox 2839 1055 2895 1105; x_wconf 89' lang='lat' dir='ltr'><strong>et</strong></span> <span class='ocrx_word' id='word_1_529' title='bbox 2926 1055 3060 1105; x_wconf 89' lang='lat' dir='ltr'><strong>ante</strong></span> <span class='ocrx_word' id='word_1_530' title='bbox 3091 1050 3364 1121; x_wconf 89' lang='lat' dir='ltr'><strong>cupiebat</strong></span> <span class='ocrx_word' id='word_1_531' title='bbox 3393 1049 3625 1118; x_wconf 90' lang='lat' dir='ltr'><strong>quando</strong></span> <span class='ocrx_word' id='word_1_532' title='bbox 3656 1048 3907 1114; x_wconf 88' lang='lat' dir='ltr'><strong>dicebat,</strong></span> 
     </span>
    </p>
   </div>
   <div class='ocr_carea' id='block_1_71' title="bbox 2206 1138 3914 1217">
    <p class='ocr_par' dir='ltr' id='par_1_71' title="bbox 2206 1138 3914 1217">
     <span class='ocr_line' id='line_1_71' title="bbox 2206 1138 3914 1217; baseline -0.004 -17"><span class='ocrx_word' id='word_1_533' title='bbox 2206 1144 2447 1217; x_wconf 84' lang='lat' dir='ltr'><strong>Accipite</strong></span> <span class='ocrx_word' id='word_1_534' title='bbox 2480 1161 2604 1200; x_wconf 89' lang='lat' dir='ltr'><strong>eum</strong></span> <span class='ocrx_word' id='word_1_535' title='bbox 2662 1159 2773 1207; x_wconf 89' lang='lat' dir='ltr'><strong>vos,</strong></span> <span class='ocrx_word' id='word_1_536' title='bbox 2804 1151 2852 1198; x_wconf 90' lang='lat' dir='ltr'><strong>et</strong></span> <span class='ocrx_word' id='word_1_537' title='bbox 2876 1141 3220 1211; x_wconf 85' lang='lat' dir='ltr'><strong>cruci/igite;</strong></span> <span class='ocrx_word' id='word_1_538' title='bbox 3268 1138 3356 1194; x_wconf 87' lang='lat' dir='ltr'><strong>vel</strong></span> <span class='ocrx_word' id='word_1_539' title='bbox 3389 1138 3566 1194; x_wconf 88' lang='lat' dir='ltr'><strong>etiam</strong></span> <span class='ocrx_word' id='word_1_540' title='bbox 3625 1139 3914 1211; x_wconf 87' lang='lat' dir='ltr'><strong>superius,</strong></span> 
     </span>
    </p>
   </div>
   <div class='ocr_carea' id='block_1_72' title="bbox 2208 1227 3918 1306">
    <p class='ocr_par' dir='ltr' id='par_1_72' title="bbox 2208 1227 3918 1306">
     <span class='ocr_line' id='line_1_72' title="bbox 2208 1227 3918 1306; baseline -0.004 -16"><span class='ocrx_word' id='word_1_541' title='bbox 2208 1234 2447 1306; x_wconf 82' lang='lat' dir='ltr'><strong>Accipite</strong></span> <span class='ocrx_word' id='word_1_542' title='bbox 2470 1250 2590 1289; x_wconf 90' lang='lat' dir='ltr'><strong>eum</strong></span> <span class='ocrx_word' id='word_1_543' title='bbox 2625 1250 2733 1299; x_wconf 86' lang='lat' dir='ltr'><strong>vos,</strong></span> <span class='ocrx_word' id='word_1_544' title='bbox 2766 1242 2818 1288; x_wconf 90' lang='lat' dir='ltr'><strong>et</strong></span> <span class='ocrx_word' id='word_1_545' title='bbox 2846 1230 3143 1286; x_wconf 81' lang='lat' dir='ltr'><strong>secundum</strong></span> <span class='ocrx_word' id='word_1_546' title='bbox 3178 1235 3381 1302; x_wconf 82' lang='lat' dir='ltr'><strong>Legem</strong></span> <span class='ocrx_word' id='word_1_547' title='bbox 3412 1237 3649 1284; x_wconf 85' lang='lat' dir='ltr'><strong>vestram</strong></span> <span class='ocrx_word' id='word_1_548' title='bbox 3663 1227 3918 1296; x_wconf 84' lang='lat' dir='ltr'><strong>judicate</strong></span> 
     </span>
    </p>
   </div>
   <div class='ocr_carea' id='block_1_73' title="bbox 2208 1318 3918 1391">
    <p class='ocr_par' dir='ltr' id='par_1_73' title="bbox 2208 1318 3918 1391">
     <span class='ocr_line' id='line_1_73' title="bbox 2208 1318 3918 1391; baseline -0.006 -9"><span class='ocrx_word' id='word_1_549' title='bbox 2208 1342 2331 1382; x_wconf 88' lang='lat' dir='ltr'><strong>eum</strong></span> <span class='ocrx_word' id='word_1_550' title='bbox 2356 1334 2382 1379; x_wconf 69' lang='grc' dir='ltr'><em>Ρ</em></span> <span class='ocrx_word' id='word_1_551' title='bbox 2412 1326 2524 1380; x_wconf 88' lang='lat' dir='ltr'><strong>Cur</strong></span> <span class='ocrx_word' id='word_1_552' title='bbox 2566 1329 2759 1380; x_wconf 88' lang='lat' dir='ltr'><strong>autem</strong></span> <span class='ocrx_word' id='word_1_553' title='bbox 2799 1322 2884 1377; x_wconf 92' lang='lat' dir='ltr'>illi</span> <span class='ocrx_word' id='word_1_554' title='bbox 2926 1326 3227 1391; x_wconf 86' lang='lat' dir='ltr'><strong>tantopere</strong></span> <span class='ocrx_word' id='word_1_555' title='bbox 3276 1319 3607 1385; x_wconf 89' lang='lat' dir='ltr'><strong>noluerunt,</strong></span> <span class='ocrx_word' id='word_1_556' title='bbox 3642 1318 3918 1383; x_wconf 86' lang='lat' dir='ltr'><strong>dicentes,</strong></span> 
     </span>
    </p>
   </div>
   <div class='ocr_carea' id='block_1_74' title="bbox 2209 1407 3919 1483">
    <p class='ocr_par' dir='ltr' id='par_1_74' title="bbox 2209 1407 3919 1483">
     <span class='ocr_line' id='line_1_74' title="bbox 2209 1407 3919 1483; baseline -0.005 -14"><span class='ocrx_word' id='word_1_557' title='bbox 2209 1415 2370 1471; x_wconf 83' lang='lat' dir='ltr'><strong>Nobis</strong></span> <span class='ocrx_word' id='word_1_558' title='bbox 2400 1430 2509 1471; x_wconf 85' lang='lat' dir='ltr'><strong>non</strong></span> <span class='ocrx_word' id='word_1_559' title='bbox 2531 1415 2653 1469; x_wconf 83' lang='lat' dir='ltr'><strong>licet</strong></span> <span class='ocrx_word' id='word_1_560' title='bbox 2686 1413 2994 1480; x_wconf 81' lang='lat' dir='ltr'><strong>interﬁcere</strong></span> <span class='ocrx_word' id='word_1_561' title='bbox 3022 1427 3350 1483; x_wconf 87' lang='lat' dir='ltr'><strong>quemquam</strong></span> <span class='ocrx_word' id='word_1_562' title='bbox 3380 1410 3565 1482; x_wconf 71' lang='lat' dir='ltr'><strong>(toan.</strong></span> <span class='ocrx_word' id='word_1_563' title='bbox 3600 1424 3763 1474; x_wconf 81' lang='lat' dir='ltr'><strong>xvni,</strong></span> <span class='ocrx_word' id='word_1_564' title='bbox 3786 1407 3877 1477; x_wconf 83' lang='grc'><strong>31)</strong></span> <span class='ocrx_word' id='word_1_565' title='bbox 3905 1432 3919 1475; x_wconf 85' lang='grc'>;</span> 
     </span>
    </p>
   </div>
   <div class='ocr_carea' id='block_1_75' title="bbox 2211 1496 3922 1571">
    <p class='ocr_par' dir='ltr' id='par_1_75' title="bbox 2211 1496 3922 1571">
     <span class='ocr_line' id='line_1_75' title="bbox 2211 1496 3922 1571; baseline -0.005 -10"><span class='ocrx_word' id='word_1_566' title='bbox 2211 1510 2268 1561; x_wconf 91' lang='lat' dir='ltr'><strong>et</strong></span> <span class='ocrx_word' id='word_1_567' title='bbox 2300 1506 2459 1561; x_wconf 91' lang='lat' dir='ltr'><strong>omni</strong></span> <span class='ocrx_word' id='word_1_568' title='bbox 2494 1506 2664 1561; x_wconf 90' lang='lat' dir='ltr'>modo</span> <span class='ocrx_word' id='word_1_569' title='bbox 2696 1504 3086 1571; x_wconf 88' lang='lat' dir='ltr'><strong>instantes,ut</strong></span> <span class='ocrx_word' id='word_1_570' title='bbox 3118 1518 3234 1558; x_wconf 91' lang='lat' dir='ltr'><strong>non</strong></span> <span class='ocrx_word' id='word_1_571' title='bbox 3267 1501 3339 1556; x_wconf 89' lang='lat' dir='ltr'><strong>ab</strong></span> <span class='ocrx_word' id='word_1_572' title='bbox 3356 1501 3463 1567; x_wconf 87' lang='lat' dir='ltr'><strong>eis,</strong></span> <span class='ocrx_word' id='word_1_573' title='bbox 3495 1497 3652 1571; x_wconf 63' lang='lat' dir='ltr'><strong>sedis</strong></span> <span class='ocrx_word' id='word_1_574' title='bbox 3675 1496 3922 1569; x_wconf 76' lang='lat' dir='ltr'><strong>praeside</strong></span> 
     </span>
    </p>
   </div>
   <div class='ocr_carea' id='block_1_76' title="bbox 2211 1589 3928 1661">
    <p class='ocr_par' dir='ltr' id='par_1_76' title="bbox 2211 1589 3928 1661">
     <span class='ocr_line' id='line_1_76' title="bbox 2211 1589 3928 1661; baseline -0.005 -10"><span class='ocrx_word' id='word_1_575' title='bbox 2211 1595 2591 1661; x_wconf 87' lang='lat' dir='ltr'><strong>occideretur,</strong></span> <span class='ocrx_word' id='word_1_576' title='bbox 2623 1599 2679 1650; x_wconf 90' lang='lat' dir='ltr'><strong>et</strong></span> <span class='ocrx_word' id='word_1_577' title='bbox 2716 1593 2846 1649; x_wconf 90' lang='lat' dir='ltr'><strong>ideo</strong></span> <span class='ocrx_word' id='word_1_578' title='bbox 2878 1609 3012 1648; x_wconf 86' lang='lat' dir='ltr'><strong>eum</strong></span> <span class='ocrx_word' id='word_1_579' title='bbox 3044 1591 3426 1649; x_wconf 89' lang='lat' dir='ltr'><strong>occidendum</strong></span> <span class='ocrx_word' id='word_1_580' title='bbox 3458 1589 3721 1660; x_wconf 89' lang='lat' dir='ltr'><strong>accipere</strong></span> <span class='ocrx_word' id='word_1_581' title='bbox 3763 1602 3928 1643; x_wconf 85' lang='lat' dir='ltr'><strong>recu-</strong></span> 
     </span>
    </p>
   </div>
   <div class='ocr_carea' id='block_1_77' title="bbox 2212 1676 3924 1753">
    <p class='ocr_par' dir='ltr' id='par_1_77' title="bbox 2212 1676 3924 1753">
     <span class='ocr_line' id='line_1_77' title="bbox 2212 1676 3924 1753; baseline -0.007 -12"><span class='ocrx_word' id='word_1_582' title='bbox 2212 1693 2428 1752; x_wconf 89' lang='lat' dir='ltr'><strong>santes,</strong></span> <span class='ocrx_word' id='word_1_583' title='bbox 2459 1684 2504 1739; x_wconf 87' lang='lat' dir='ltr'><strong>si</strong></span> <span class='ocrx_word' id='word_1_584' title='bbox 2536 1701 2693 1740; x_wconf 90' lang='lat' dir='ltr'><strong>nunc</strong></span> <span class='ocrx_word' id='word_1_585' title='bbox 2730 1699 2861 1739; x_wconf 89' lang='lat' dir='ltr'><strong>eum</strong></span> <span class='ocrx_word' id='word_1_586' title='bbox 2905 1681 3207 1753; x_wconf 88' lang='lat' dir='ltr'><strong>accipiunt</strong></span> <span class='ocrx_word' id='word_1_587' title='bbox 3237 1678 3618 1736; x_wconf 88' lang='lat' dir='ltr'><strong>occidendum</strong></span> <span class='ocrx_word' id='word_1_588' title='bbox 3655 1677 3683 1733; x_wconf 73' lang='lat'><strong>‘2</strong></span> <span class='ocrx_word' id='word_1_589' title='bbox 3730 1678 3843 1732; x_wconf 81' lang='lat' dir='ltr'><strong>Aut</strong></span> <span class='ocrx_word' id='word_1_590' title='bbox 3876 1676 3924 1731; x_wconf 90' lang='lat' dir='ltr'><strong>si</strong></span> 
     </span>
    </p>
   </div>
   <div class='ocr_carea' id='block_1_78' title="bbox 2216 1764 3931 1841">
    <p class='ocr_par' dir='ltr' id='par_1_78' title="bbox 2216 1764 3931 1841">
     <span class='ocr_line' id='line_1_78' title="bbox 2216 1764 3931 1841; baseline -0.005 -12"><span class='ocrx_word' id='word_1_591' title='bbox 2216 1774 2321 1830; x_wconf 91' lang='lat' dir='ltr'><strong>hoc</strong></span> <span class='ocrx_word' id='word_1_592' title='bbox 2353 1791 2465 1829; x_wconf 87' lang='lat' dir='ltr'><strong>non</strong></span> <span class='ocrx_word' id='word_1_593' title='bbox 2501 1775 2585 1841; x_wconf 84' lang='lat' dir='ltr'><strong>ﬁt,</strong></span> <span class='ocrx_word' id='word_1_594' title='bbox 2620 1790 2725 1828; x_wconf 89' lang='lat' dir='ltr'><strong>cur</strong></span> <span class='ocrx_word' id='word_1_595' title='bbox 2754 1774 2978 1828; x_wconf 88' lang='lat' dir='ltr'><strong>dictum</strong></span> <span class='ocrx_word' id='word_1_596' title='bbox 3012 1776 3116 1838; x_wconf 88' lang='lat' dir='ltr'><strong>est,</strong></span> <span class='ocrx_word' id='word_1_597' title='bbox 3140 1771 3283 1826; x_wconf 85' lang='lat' dir='ltr'><strong>Tunc</strong></span> <span class='ocrx_word' id='word_1_598' title='bbox 3307 1784 3435 1837; x_wconf 87' lang='lat' dir='ltr'><strong>ergo</strong></span> <span class='ocrx_word' id='word_1_599' title='bbox 3463 1766 3703 1823; x_wconf 84' lang='lat' dir='ltr'><strong>tradidit</strong></span> <span class='ocrx_word' id='word_1_600' title='bbox 3733 1767 3812 1821; x_wconf 87' lang='lat' dir='ltr'><strong>eis</strong></span> <span class='ocrx_word' id='word_1_601' title='bbox 3844 1764 3931 1821; x_wconf 89' lang='lat' dir='ltr'><strong>il-</strong></span> 
     </span>
    </p>
   </div>
   <div class='ocr_carea' id='block_1_79' title="bbox 2215 1855 3931 1934">
    <p class='ocr_par' dir='ltr' id='par_1_79' title="bbox 2215 1855 3931 1934">
     <span class='ocr_line' id='line_1_79' title="bbox 2215 1855 3931 1934; baseline -0.005 -16"><span class='ocrx_word' id='word_1_602' title='bbox 2215 1865 2328 1919; x_wconf 88' lang='lat' dir='ltr'><strong>lum</strong></span> <span class='ocrx_word' id='word_1_603' title='bbox 2352 1868 2411 1917; x_wconf 90' lang='lat' dir='ltr'><strong>ut</strong></span> <span class='ocrx_word' id='word_1_604' title='bbox 2431 1863 2886 1934; x_wconf 84' lang='lat' dir='ltr'><strong>cruciﬁgeretur?</strong></span> <span class='ocrx_word' id='word_1_605' title='bbox 2910 1867 2995 1917; x_wconf 88' lang='lat' dir='ltr'><strong>An</strong></span> <span class='ocrx_word' id='word_1_606' title='bbox 3020 1858 3233 1930; x_wconf 88' lang='lat' dir='ltr'><strong>aliquid</strong></span> <span class='ocrx_word' id='word_1_607' title='bbox 3257 1856 3537 1913; x_wconf 84' lang='lat' dir='ltr'><strong>interest?</strong></span> <span class='ocrx_word' id='word_1_608' title='bbox 3563 1855 3931 1911; x_wconf 79' lang='lat' dir='ltr'><strong>Planeinter—</strong></span> 
     </span>
    </p>
   </div>
   <div class='ocr_carea' id='block_1_80' title="bbox 2219 1945 3930 2018">
    <p class='ocr_par' dir='ltr' id='par_1_80' title="bbox 2219 1945 3930 2018">
     <span class='ocr_line' id='line_1_80' title="bbox 2219 1945 3930 2018; baseline -0.007 -8"><span class='ocrx_word' id='word_1_609' title='bbox 2219 1959 2309 2010; x_wconf 89' lang='lat' dir='ltr'><strong>est</strong></span> <span class='ocrx_word' id='word_1_610' title='bbox 2353 1953 2478 2009; x_wconf 90' lang='lat' dir='ltr'><strong>Non</strong></span> <span class='ocrx_word' id='word_1_611' title='bbox 2502 1958 2590 2009; x_wconf 89' lang='lat' dir='ltr'><strong>est</strong></span> <span class='ocrx_word' id='word_1_612' title='bbox 2611 1952 2765 2007; x_wconf 90' lang='lat' dir='ltr'><strong>enim</strong></span> <span class='ocrx_word' id='word_1_613' title='bbox 2790 1952 3035 2018; x_wconf 93' lang='lat' dir='ltr'><strong>dictum,</strong></span> <span class='ocrx_word' id='word_1_614' title='bbox 3060 1949 3202 2003; x_wconf 82' lang='lat' dir='ltr'><strong>Tunc</strong></span> <span class='ocrx_word' id='word_1_615' title='bbox 3230 1962 3361 2016; x_wconf 87' lang='lat' dir='ltr'><strong>ergo</strong></span> <span class='ocrx_word' id='word_1_616' title='bbox 3393 1945 3623 2001; x_wconf 87' lang='lat' dir='ltr'><strong>tradidit</strong></span> <span class='ocrx_word' id='word_1_617' title='bbox 3653 1945 3731 2000; x_wconf 87' lang='lat' dir='ltr'><strong>eis</strong></span> <span class='ocrx_word' id='word_1_618' title='bbox 3762 1945 3930 1999; x_wconf 86' lang='lat' dir='ltr'><strong>illum</strong></span> 
     </span>
    </p>
   </div>
   <div class='ocr_carea' id='block_1_81' title="bbox 2220 2034 3935 2114">
    <p class='ocr_par' dir='ltr' id='par_1_81' title="bbox 2220 2034 3935 2114">
     <span class='ocr_line' id='line_1_81' title="bbox 2220 2034 3935 2114; baseline -0.006 -16"><span class='ocrx_word' id='word_1_619' title='bbox 2220 2048 2284 2098; x_wconf 88' lang='lat' dir='ltr'><strong>ut</strong></span> <span class='ocrx_word' id='word_1_620' title='bbox 2305 2042 2712 2114; x_wconf 82' lang='lat' dir='ltr'><strong>crucitigerent</strong></span> <span class='ocrx_word' id='word_1_621' title='bbox 2746 2058 2880 2097; x_wconf 90' lang='lat' dir='ltr'><strong>eum</strong></span> <span class='ocrx_word' id='word_1_622' title='bbox 2908 2057 2921 2108; x_wconf 92' lang='lat'><strong>;</strong></span> <span class='ocrx_word' id='word_1_623' title='bbox 2956 2039 3146 2105; x_wconf 90' lang='lat' dir='ltr'><strong>sed,ut</strong></span> <span class='ocrx_word' id='word_1_624' title='bbox 3176 2038 3608 2105; x_wconf 82' lang='lat' dir='ltr'><strong>cruciﬁgeretur,</strong></span> <span class='ocrx_word' id='word_1_625' title='bbox 3638 2034 3696 2089; x_wconf 90' lang='lat' dir='ltr'><strong>id</strong></span> <span class='ocrx_word' id='word_1_626' title='bbox 3731 2039 3844 2102; x_wconf 89' lang='lat' dir='ltr'><strong>est,</strong></span> <span class='ocrx_word' id='word_1_627' title='bbox 3872 2036 3935 2087; x_wconf 90' lang='lat' dir='ltr'><strong>ut</strong></span> 
     </span>
    </p>
   </div>
   <div class='ocr_carea' id='block_1_82' title="bbox 2210 2124 3930 2205">
    <p class='ocr_par' dir='ltr' id='par_1_82' title="bbox 2210 2124 3930 2205">
     <span class='ocr_line' id='line_1_82' title="bbox 2210 2124 3930 2205; baseline -0.006 -16"><span class='ocrx_word' id='word_1_628' title='bbox 2210 2134 2434 2205; x_wconf 90' lang='lat' dir='ltr'><strong>judicio</strong></span> <span class='ocrx_word' id='word_1_629' title='bbox 2460 2150 2525 2190; x_wconf 90' lang='lat' dir='ltr'><strong>ac</strong></span> <span class='ocrx_word' id='word_1_630' title='bbox 2551 2137 2831 2205; x_wconf 86' lang='lat' dir='ltr'><strong>potestate</strong></span> <span class='ocrx_word' id='word_1_631' title='bbox 2865 2130 3126 2200; x_wconf 69' lang='lat' dir='ltr'><strong>praesidis</strong></span> <span class='ocrx_word' id='word_1_632' title='bbox 3167 2128 3627 2199; x_wconf 80' lang='lat' dir='ltr'><strong>crucifigeretur.</strong></span> <span class='ocrx_word' id='word_1_633' title='bbox 3652 2125 3763 2180; x_wconf 89' lang='lat' dir='ltr'><strong>Sed</strong></span> <span class='ocrx_word' id='word_1_634' title='bbox 3797 2124 3930 2179; x_wconf 90' lang='lat' dir='ltr'><strong>ideo</strong></span> 
     </span>
    </p>
   </div>
   <div class='ocr_carea' id='block_1_83' title="bbox 2219 2213 3934 2291">
    <p class='ocr_par' dir='ltr' id='par_1_83' title="bbox 2219 2213 3934 2291">
     <span class='ocr_line' id='line_1_83' title="bbox 2219 2213 3934 2291; baseline -0.006 -13"><span class='ocrx_word' id='word_1_635' title='bbox 2219 2224 2337 2279; x_wconf 92' lang='lat' dir='ltr'><strong>illis</strong></span> <span class='ocrx_word' id='word_1_636' title='bbox 2366 2224 2644 2279; x_wconf 85' lang='lat' dir='ltr'><strong>traditum</strong></span> <span class='ocrx_word' id='word_1_637' title='bbox 2669 2222 2815 2277; x_wconf 86' lang='lat' dir='ltr'><strong>dixit</strong></span> <span class='ocrx_word' id='word_1_638' title='bbox 2841 2218 3233 2291; x_wconf 88' lang='lat' dir='ltr'><strong>Evangelista,</strong></span> <span class='ocrx_word' id='word_1_639' title='bbox 3267 2222 3334 2273; x_wconf 91' lang='lat' dir='ltr'><strong>ut</strong></span> <span class='ocrx_word' id='word_1_640' title='bbox 3362 2233 3458 2273; x_wconf 89' lang='lat' dir='ltr'><strong>eos</strong></span> <span class='ocrx_word' id='word_1_641' title='bbox 3480 2214 3711 2271; x_wconf 88' lang='lat' dir='ltr'><strong>crimini</strong></span> <span class='ocrx_word' id='word_1_642' title='bbox 3734 2213 3934 2284; x_wconf 85' lang='lat' dir='ltr'><strong>impli-</strong></span> 
     </span>
    </p>
   </div>
   <div class='ocr_carea' id='block_1_84' title="bbox 2219 2305 3930 2383">
    <p class='ocr_par' dir='ltr' id='par_1_84' title="bbox 2219 2305 3930 2383">
     <span class='ocr_line' id='line_1_84' title="bbox 2219 2305 3930 2383; baseline -0.006 -14"><span class='ocrx_word' id='word_1_643' title='bbox 2219 2317 2405 2383; x_wconf 88' lang='lat' dir='ltr'><strong>catos,</strong></span> <span class='ocrx_word' id='word_1_644' title='bbox 2430 2330 2462 2368; x_wconf 92' lang='lat' dir='ltr'><strong>a</strong></span> <span class='ocrx_word' id='word_1_645' title='bbox 2491 2329 2604 2383; x_wconf 91' lang='lat' dir='ltr'><strong>quo</strong></span> <span class='ocrx_word' id='word_1_646' title='bbox 2627 2310 2799 2368; x_wconf 88' lang='lat' dir='ltr'><strong>alieni</strong></span> <span class='ocrx_word' id='word_1_647' title='bbox 2828 2325 2957 2365; x_wconf 89' lang='lat' dir='ltr'><strong>esse</strong></span> <span class='ocrx_word' id='word_1_648' title='bbox 2989 2309 3377 2376; x_wconf 88' lang='lat' dir='ltr'><strong>conabantur,</strong></span> <span class='ocrx_word' id='word_1_649' title='bbox 3399 2305 3732 2363; x_wconf 87' lang='lat' dir='ltr'><strong>ostenderet</strong></span> <span class='ocrx_word' id='word_1_650' title='bbox 3763 2319 3776 2359; x_wconf 92' lang='lat'><strong>:</strong></span> <span class='ocrx_word' id='word_1_651' title='bbox 3810 2320 3930 2360; x_wconf 87' lang='lat' dir='ltr'><strong>non</strong></span> 
     </span>
    </p>
   </div>
   <div class='ocr_carea' id='block_1_85' title="bbox 2219 2395 3931 2467">
    <p class='ocr_par' dir='ltr' id='par_1_85' title="bbox 2219 2395 3931 2467">
     <span class='ocr_line' id='line_1_85' title="bbox 2219 2395 3931 2467; baseline -0.006 -9"><span class='ocrx_word' id='word_1_652' title='bbox 2219 2401 2373 2458; x_wconf 91' lang='lat' dir='ltr'><strong>enim</strong></span> <span class='ocrx_word' id='word_1_653' title='bbox 2409 2402 2621 2458; x_wconf 86' lang='lat' dir='ltr'><strong>faceret</strong></span> <span class='ocrx_word' id='word_1_654' title='bbox 2651 2400 2759 2456; x_wconf 88' lang='lat' dir='ltr'><strong>hoc</strong></span> <span class='ocrx_word' id='word_1_655' title='bbox 2790 2398 3038 2465; x_wconf 87' lang='lat' dir='ltr'><strong>Pilatus,</strong></span> <span class='ocrx_word' id='word_1_656' title='bbox 3064 2396 3177 2452; x_wconf 88' lang='lat' dir='ltr'><strong>nisi</strong></span> <span class='ocrx_word' id='word_1_657' title='bbox 3208 2400 3273 2451; x_wconf 91' lang='lat' dir='ltr'><strong>ut</strong></span> <span class='ocrx_word' id='word_1_658' title='bbox 3304 2396 3359 2451; x_wconf 89' lang='lat' dir='ltr'><strong>id</strong></span> <span class='ocrx_word' id='word_1_659' title='bbox 3393 2395 3547 2467; x_wconf 92' lang='lat' dir='ltr'><strong>quod</strong></span> <span class='ocrx_word' id='word_1_660' title='bbox 3582 2410 3683 2449; x_wconf 92' lang='lat' dir='ltr'><strong>eos</strong></span> <span class='ocrx_word' id='word_1_661' title='bbox 3714 2407 3931 2464; x_wconf 87' lang='lat' dir='ltr'><strong>cupere</strong></span> 
     </span>
    </p>
   </div>
   <div class='ocr_carea' id='block_1_86' title="bbox 2218 2483 3938 2562">
    <p class='ocr_par' dir='ltr' id='par_1_86' title="bbox 2218 2483 3938 2562">
     <span class='ocr_line' id='line_1_86' title="bbox 2218 2483 3938 2562; baseline -0.006 -15"><span class='ocrx_word' id='word_1_662' title='bbox 2218 2493 2509 2561; x_wconf 88' lang='lat' dir='ltr'><strong>cernebat,</strong></span> <span class='ocrx_word' id='word_1_663' title='bbox 2546 2491 2834 2562; x_wconf 89' lang='lat' dir='ltr'><strong>impleret.</strong></span> <span class='ocrx_word' id='word_1_664' title='bbox 2877 2490 3035 2554; x_wconf 89' lang='lat' dir='ltr'><strong>Quod</strong></span> <span class='ocrx_word' id='word_1_665' title='bbox 3088 2492 3282 2543; x_wconf 89' lang='lat' dir='ltr'><strong>autem</strong></span> <span class='ocrx_word' id='word_1_666' title='bbox 3334 2486 3615 2558; x_wconf 89' lang='lat' dir='ltr'><strong>sequitur,</strong></span> <span class='ocrx_word' id='word_1_667' title='bbox 3671 2483 3938 2554; x_wconf 81' lang='lat' dir='ltr'><strong>Suscepe-</strong></span> 
     </span>
    </p>
   </div>
   <div class='ocr_carea' id='block_1_87' title="bbox 2218 2574 3935 2651">
    <p class='ocr_par' dir='ltr' id='par_1_87' title="bbox 2218 2574 3935 2651">
     <span class='ocr_line' id='line_1_87' title="bbox 2218 2574 3935 2651; baseline -0.004 -13"><span class='ocrx_word' id='word_1_668' title='bbox 2218 2588 2349 2637; x_wconf 83' lang='lat' dir='ltr'><strong>runt</strong></span> <span class='ocrx_word' id='word_1_669' title='bbox 2377 2592 2562 2638; x_wconf 87' lang='lat' dir='ltr'><strong>autem</strong></span> <span class='ocrx_word' id='word_1_670' title='bbox 2590 2584 2797 2651; x_wconf 86' lang='lat' dir='ltr'><strong>Jesum,</strong></span> <span class='ocrx_word' id='word_1_671' title='bbox 2822 2587 2872 2636; x_wconf 90' lang='lat' dir='ltr'><strong>et</strong></span> <span class='ocrx_word' id='word_1_672' title='bbox 2902 2580 3232 2648; x_wconf 80' lang='lat' dir='ltr'><strong>eduxerunt,</strong></span> <span class='ocrx_word' id='word_1_673' title='bbox 3258 2582 3448 2650; x_wconf 83' lang='lat' dir='ltr'><strong>potest</strong></span> <span class='ocrx_word' id='word_1_674' title='bbox 3468 2577 3538 2632; x_wconf 90' lang='lat' dir='ltr'><strong>ad</strong></span> <span class='ocrx_word' id='word_1_675' title='bbox 3568 2574 3786 2630; x_wconf 81' lang='lat' dir='ltr'><strong>milites</strong></span> <span class='ocrx_word' id='word_1_676' title='bbox 3797 2574 3935 2644; x_wconf 86' lang='lat' dir='ltr'><strong>jam</strong></span> 
     </span>
    </p>
   </div>
   <div class='ocr_carea' id='block_1_88' title="bbox 2218 2663 3937 2743">
    <p class='ocr_par' dir='ltr' id='par_1_88' title="bbox 2218 2663 3937 2743">
     <span class='ocr_line' id='line_1_88' title="bbox 2218 2663 3937 2743; baseline -0.005 -18"><span class='ocrx_word' id='word_1_677' title='bbox 2218 2671 2419 2726; x_wconf 78' lang='lat' dir='ltr'><strong>referri</strong></span> <span class='ocrx_word' id='word_1_678' title='bbox 2458 2673 2814 2743; x_wconf 84' lang='lat' dir='ltr'><strong>apparitores</strong></span> <span class='ocrx_word' id='word_1_679' title='bbox 2848 2670 3133 2741; x_wconf 67' lang='lat' dir='ltr'><strong>praesidis.</strong></span> <span class='ocrx_word' id='word_1_680' title='bbox 3166 2667 3311 2723; x_wconf 88' lang='lat' dir='ltr'><strong>Nam</strong></span> <span class='ocrx_word' id='word_1_681' title='bbox 3363 2670 3562 2737; x_wconf 88' lang='lat' dir='ltr'><strong>postea</strong></span> <span class='ocrx_word' id='word_1_682' title='bbox 3599 2663 3937 2719; x_wconf 87' lang='lat' dir='ltr'><strong>evidentius</strong></span> 
     </span>
    </p>
   </div>
   <div class='ocr_carea' id='block_1_89' title="bbox 2217 2753 3936 2829">
    <p class='ocr_par' dir='ltr' id='par_1_89' title="bbox 2217 2753 3936 2829">
     <span class='ocr_line' id='line_1_89' title="bbox 2217 2753 3936 2829; baseline -0.004 -14"><span class='ocrx_word' id='word_1_683' title='bbox 2217 2761 2447 2827; x_wconf 88' lang='lat' dir='ltr'><strong>dicitur,</strong></span> <span class='ocrx_word' id='word_1_684' title='bbox 2507 2762 2710 2816; x_wconf 82' lang='lat' dir='ltr'><strong>Milites</strong></span> <span class='ocrx_word' id='word_1_685' title='bbox 2757 2774 2884 2829; x_wconf 86' lang='lat' dir='ltr'><strong>ergo</strong></span> <span class='ocrx_word' id='word_1_686' title='bbox 2931 2775 3052 2814; x_wconf 87' lang='lat' dir='ltr'><strong>cum</strong></span> <span class='ocrx_word' id='word_1_687' title='bbox 3098 2757 3507 2827; x_wconf 77' lang='lat' dir='ltr'><strong>crucifixissent</strong></span> <span class='ocrx_word' id='word_1_688' title='bbox 3560 2770 3682 2808; x_wconf 87' lang='lat' dir='ltr'><strong>eum</strong></span> <span class='ocrx_word' id='word_1_689' title='bbox 3730 2753 3936 2823; x_wconf 85' lang='lat' dir='ltr'><strong>(Joan.</strong></span> 
     </span>
    </p>
   </div>
   <div class='ocr_carea' id='block_1_90' title="bbox 2216 2840 3936 2923">
    <p class='ocr_par' dir='ltr' id='par_1_90' title="bbox 2216 2840 3936 2923">
     <span class='ocr_line' id='line_1_90' title="bbox 2216 2840 3936 2923; baseline -0.005 -17"><span class='ocrx_word' id='word_1_690' title='bbox 2216 2868 2332 2919; x_wconf 80' lang='lat' dir='ltr'><strong>xw,</strong></span> <span class='ocrx_word' id='word_1_691' title='bbox 2364 2851 2457 2923; x_wconf 84' lang='lat'><strong>23)</strong></span> <span class='ocrx_word' id='word_1_692' title='bbox 2490 2866 2504 2906; x_wconf 90' lang='lat'><strong>:</strong></span> <span class='ocrx_word' id='word_1_693' title='bbox 2538 2849 2800 2922; x_wconf 88' lang='lat' dir='ltr'><strong>quamvis</strong></span> <span class='ocrx_word' id='word_1_694' title='bbox 2830 2847 3189 2921; x_wconf 86' lang='lat' dir='ltr'><strong>evangelista</strong></span> <span class='ocrx_word' id='word_1_695' title='bbox 3228 2846 3453 2902; x_wconf 84' lang='lat' dir='ltr'><strong>etiamsi</strong></span> <span class='ocrx_word' id='word_1_696' title='bbox 3490 2848 3667 2899; x_wconf 86' lang='lat' dir='ltr'><strong>totum</strong></span> <span class='ocrx_word' id='word_1_697' title='bbox 3698 2840 3936 2897; x_wconf 69' lang='lat' dir='ltr'><strong>Judznis</strong></span> 
     </span>
    </p>
   </div>
   <div class='ocr_carea' id='block_1_91' title="bbox 2216 2932 3935 3011">
    <p class='ocr_par' dir='ltr' id='par_1_91' title="bbox 2216 2932 3935 3011">
     <span class='ocr_line' id='line_1_91' title="bbox 2216 2932 3935 3011; baseline -0.006 -14"><span class='ocrx_word' id='word_1_698' title='bbox 2216 2943 2442 3009; x_wconf 90' lang='lat' dir='ltr'><strong>tribuit,</strong></span> <span class='ocrx_word' id='word_1_699' title='bbox 2470 2942 2673 2998; x_wconf 88' lang='lat' dir='ltr'><strong>merito</strong></span> <span class='ocrx_word' id='word_1_700' title='bbox 2697 2941 2869 3009; x_wconf 79' lang='lat' dir='ltr'><strong>facit;</strong></span> <span class='ocrx_word' id='word_1_701' title='bbox 2904 2940 3011 3011; x_wconf 88' lang='lat' dir='ltr'><strong>ipsi</strong></span> <span class='ocrx_word' id='word_1_702' title='bbox 3042 2938 3196 2994; x_wconf 88' lang='lat' dir='ltr'><strong>enim</strong></span> <span class='ocrx_word' id='word_1_703' title='bbox 3228 2938 3613 3008; x_wconf 89' lang='lat' dir='ltr'><strong>susceperunt</strong></span> <span class='ocrx_word' id='word_1_704' title='bbox 3634 2933 3793 3005; x_wconf 87' lang='lat' dir='ltr'><strong>quod</strong></span> <span class='ocrx_word' id='word_1_705' title='bbox 3817 2932 3935 2987; x_wconf 86' lang='lat' dir='ltr'><strong>avi-</strong></span> 
     </span>
    </p>
   </div>
   <div class='ocr_carea' id='block_1_92' title="bbox 2217 3022 3936 3104">
    <p class='ocr_par' dir='ltr' id='par_1_92' title="bbox 2217 3022 3936 3104">
     <span class='ocr_line' id='line_1_92' title="bbox 2217 3022 3936 3104; baseline -0.007 -16"><span class='ocrx_word' id='word_1_706' title='bbox 2217 3032 2458 3088; x_wconf 90' lang='lat' dir='ltr'><strong>dissime</strong></span> <span class='ocrx_word' id='word_1_707' title='bbox 2507 3033 2931 3104; x_wconf 88' lang='lat' dir='ltr'><strong>ﬂagitaverunt,</strong></span> <span class='ocrx_word' id='word_1_708' title='bbox 2972 3035 3029 3085; x_wconf 88' lang='lat' dir='ltr'><strong>et</strong></span> <span class='ocrx_word' id='word_1_709' title='bbox 3078 3028 3187 3100; x_wconf 91' lang='lat' dir='ltr'><strong>ipsi</strong></span> <span class='ocrx_word' id='word_1_710' title='bbox 3243 3029 3499 3082; x_wconf 79' lang='lat' dir='ltr'><strong>fecerunt</strong></span> <span class='ocrx_word' id='word_1_711' title='bbox 3538 3022 3824 3095; x_wconf 88' lang='lat' dir='ltr'><strong>quidquid</strong></span> <span class='ocrx_word' id='word_1_712' title='bbox 3875 3027 3936 3077; x_wconf 88' lang='lat' dir='ltr'><strong>ut</strong></span> 
     </span>
    </p>
   </div>
   <div class='ocr_carea' id='block_1_93' title="bbox 2219 3113 3933 3186">
    <p class='ocr_par' dir='ltr' id='par_1_93' title="bbox 2219 3113 3933 3186">
     <span class='ocr_line' id='line_1_93' title="bbox 2219 3113 3933 3186; baseline -0.006 -10"><span class='ocrx_word' id='word_1_713' title='bbox 2219 3122 2376 3178; x_wconf 79' lang='lat' dir='ltr'><strong>fieret</strong></span> <span class='ocrx_word' id='word_1_714' title='bbox 2406 3125 2793 3177; x_wconf 84' lang='lat' dir='ltr'><strong>extorserunt.</strong></span> <span class='ocrx_word' id='word_1_715' title='bbox 2825 3119 2933 3175; x_wconf 80' lang='lat' dir='ltr'><strong>Sed</strong></span> <span class='ocrx_word' id='word_1_716' title='bbox 2984 3118 3105 3173; x_wconf 74' lang='lat' dir='ltr'><strong>hzec</strong></span> <span class='ocrx_word' id='word_1_717' title='bbox 3154 3118 3450 3186; x_wconf 79' lang='lat' dir='ltr'><strong>sequentia</strong></span> <span class='ocrx_word' id='word_1_718' title='bbox 3498 3113 3609 3169; x_wconf 88' lang='lat' dir='ltr'><strong>alio</strong></span> <span class='ocrx_word' id='word_1_719' title='bbox 3651 3127 3933 3169; x_wconf 85' lang='lat' dir='ltr'><strong>sermone</strong></span> 
     </span>
    </p>
   </div>
   <div class='ocr_carea' id='block_1_94' title="bbox 2217 3213 2715 3268">
    <p class='ocr_par' dir='ltr' id='par_1_94' title="bbox 2217 3213 2715 3268">
     <span class='ocr_line' id='line_1_94' title="bbox 2217 3213 2715 3268; baseline 0.004 -3"><span class='ocrx_word' id='word_1_720' title='bbox 2217 3213 2521 3268; x_wconf 88' lang='lat' dir='ltr'><strong>tractanda</strong></span> <span class='ocrx_word' id='word_1_721' title='bbox 2556 3216 2715 3268; x_wconf 83' lang='lat' dir='ltr'><strong>sunt.</strong></span> 
     </span>
    </p>
   </div>
   <div class='ocr_carea' id='block_1_95' title="bbox 2735 3332 3427 3392">
    <p class='ocr_par' dir='ltr' id='par_1_95' title="bbox 2735 3332 3427 3392">
     <span class='ocr_line' id='line_1_95' title="bbox 2735 3332 3427 3392; baseline -0.006 -2"><span class='ocrx_word' id='word_1_722' title='bbox 2735 3334 3162 3392; x_wconf 82' lang='lat' dir='ltr'><strong>TRACTATUS</strong></span> <span class='ocrx_word' id='word_1_723' title='bbox 3202 3332 3427 3389; x_wconf 79' lang='lat' dir='ltr'><strong>CXVII.</strong></span> 
     </span>
    </p>
   </div>
   <div class='ocr_carea' id='block_1_96' title="bbox 2219 3436 3936 3516">
    <p class='ocr_par' dir='ltr' id='par_1_96' title="bbox 2219 3436 3936 3516">
     <span class='ocr_line' id='line_1_96' title="bbox 2219 3436 3936 3516; baseline -0.005 -15"><span class='ocrx_word' id='word_1_724' title='bbox 2219 3446 2291 3501; x_wconf 87' lang='lat' dir='ltr'><strong>De</strong></span> <span class='ocrx_word' id='word_1_725' title='bbox 2321 3460 2379 3501; x_wconf 88' lang='lat' dir='ltr'><strong>eo</strong></span> <span class='ocrx_word' id='word_1_726' title='bbox 2401 3444 2540 3516; x_wconf 91' lang='lat' dir='ltr'><strong>quod</strong></span> <span class='ocrx_word' id='word_1_727' title='bbox 2566 3445 2831 3516; x_wconf 87' lang='lat' dir='ltr'><strong>sequitur,</strong></span> <span class='ocrx_word' id='word_1_728' title='bbox 2856 3443 2924 3498; x_wconf 91' lang='lat' dir='ltr'><strong>Et</strong></span> <span class='ocrx_word' id='word_1_729' title='bbox 2950 3441 3218 3513; x_wconf 85' lang='lat' dir='ltr'><strong>bajulans</strong></span> <span class='ocrx_word' id='word_1_730' title='bbox 3241 3441 3353 3497; x_wconf 91' lang='lat' dir='ltr'><strong>sibi</strong></span> <span class='ocrx_word' id='word_1_731' title='bbox 3398 3454 3652 3505; x_wconf 89' lang='lat' dir='ltr'><strong>crucem,</strong></span> <span class='ocrx_word' id='word_1_732' title='bbox 3675 3436 3827 3493; x_wconf 85' lang='lat' dir='ltr'><strong>exiit</strong></span> <span class='ocrx_word' id='word_1_733' title='bbox 3876 3437 3936 3492; x_wconf 92' lang='lat' dir='ltr'><strong>in</strong></span> 
     </span>
    </p>
   </div>
   <div class='ocr_carea' id='block_1_97' title="bbox 2288 3525 3935 3605">
    <p class='ocr_par' dir='ltr' id='par_1_97' title="bbox 2288 3525 3935 3605">
     <span class='ocr_line' id='line_1_97' title="bbox 2288 3525 3935 3605; baseline -0.005 -15"><span class='ocrx_word' id='word_1_734' title='bbox 2288 3551 2421 3590; x_wconf 88' lang='lat' dir='ltr'><strong>eum</strong></span> <span class='ocrx_word' id='word_1_735' title='bbox 2456 3536 2551 3605; x_wconf 91' lang='lat' dir='ltr'><strong>qui</strong></span> <span class='ocrx_word' id='word_1_736' title='bbox 2578 3532 2789 3588; x_wconf 88' lang='lat' dir='ltr'><strong>dicitur</strong></span> <span class='ocrx_word' id='word_1_737' title='bbox 2821 3531 3091 3589; x_wconf 68' lang='lat' dir='ltr'><strong>Calvariae</strong></span> <span class='ocrx_word' id='word_1_738' title='bbox 3125 3531 3315 3586; x_wconf 90' lang='lat' dir='ltr'><strong>locum</strong></span> <span class='ocrx_word' id='word_1_739' title='bbox 3351 3550 3365 3598; x_wconf 89' lang='lat'><strong>;</strong></span> <span class='ocrx_word' id='word_1_740' title='bbox 3400 3544 3568 3599; x_wconf 87' lang='lat' dir='ltr'><strong>usque</strong></span> <span class='ocrx_word' id='word_1_741' title='bbox 3596 3525 3667 3581; x_wconf 90' lang='lat' dir='ltr'><strong>ad</strong></span> <span class='ocrx_word' id='word_1_742' title='bbox 3696 3527 3769 3594; x_wconf 89' lang='lat' dir='ltr'><strong>id,</strong></span> <span class='ocrx_word' id='word_1_743' title='bbox 3806 3525 3935 3581; x_wconf 82' lang='lat' dir='ltr'><strong>Re-</strong></span> 
     </span>
    </p>
   </div>
   <div class='ocr_carea' id='block_1_98' title="bbox 2290 3618 3940 3695">
    <p class='ocr_par' dir='ltr' id='par_1_98' title="bbox 2290 3618 3940 3695">
     <span class='ocr_line' id='line_1_98' title="bbox 2290 3618 3940 3695; baseline -0.007 -15"><span class='ocrx_word' id='word_1_744' title='bbox 2290 3623 2518 3695; x_wconf 88' lang='lat' dir='ltr'><strong>spondit</strong></span> <span class='ocrx_word' id='word_1_745' title='bbox 2567 3623 2808 3678; x_wconf 88' lang='lat' dir='ltr'><strong>Pilatus.</strong></span> <span class='ocrx_word' id='word_1_746' title='bbox 2862 3623 3023 3688; x_wconf 90' lang='lat' dir='ltr'><strong>Quod</strong></span> <span class='ocrx_word' id='word_1_747' title='bbox 3074 3620 3305 3691; x_wconf 89' lang='lat' dir='ltr'><strong>scripsi,</strong></span> <span class='ocrx_word' id='word_1_748' title='bbox 3352 3618 3574 3689; x_wconf 89' lang='lat' dir='ltr'><strong>scripsi.</strong></span> <span class='ocrx_word' id='word_1_749' title='bbox 3617 3620 3751 3686; x_wconf 85' lang='lat' dir='ltr'><strong>Cap.</strong></span> <span class='ocrx_word' id='word_1_750' title='bbox 3801 3632 3940 3683; x_wconf 86' lang='lat' dir='ltr'><strong>x1x,</strong></span> 
     </span>
    </p>
   </div>
   <div class='ocr_carea' id='block_1_99' title="bbox 2292 3715 2556 3785">
    <p class='ocr_par' dir='ltr' id='par_1_99' title="bbox 2292 3715 2556 3785">
     <span class='ocr_line' id='line_1_99' title="bbox 2292 3715 2556 3785; baseline -0.008 -16"><span class='ocrx_word' id='word_1_751' title='bbox 2292 3715 2344 3785; x_wconf 57' lang='grc' dir='ltr'><strong>ᾗ.</strong></span> <span class='ocrx_word' id='word_1_752' title='bbox 2377 3715 2556 3769; x_wconf 77' lang='lat'><strong>17-22.</strong></span> 
     </span>
    </p>
   </div>
   <div class='ocr_carea' id='block_1_100' title="bbox 2294 3830 3935 3909">
    <p class='ocr_par' dir='ltr' id='par_1_100' title="bbox 2294 3830 3935 3909">
     <span class='ocr_line' id='line_1_100' title="bbox 2294 3830 3935 3909; baseline -0.007 -14"><span class='ocrx_word' id='word_1_753' title='bbox 2294 3841 2344 3894; x_wconf 86' lang='grc'><strong>1.</strong></span> <span class='ocrx_word' id='word_1_754' title='bbox 2365 3839 2665 3895; x_wconf 84' lang='lat' dir='ltr'><strong>Judicante</strong></span> <span class='ocrx_word' id='word_1_755' title='bbox 2695 3842 2871 3909; x_wconf 88' lang='lat' dir='ltr'><strong>atque</strong></span> <span class='ocrx_word' id='word_1_756' title='bbox 2902 3836 3214 3891; x_wconf 87' lang='lat' dir='ltr'><strong>damnante</strong></span> <span class='ocrx_word' id='word_1_757' title='bbox 3246 3833 3431 3888; x_wconf 84' lang='lat' dir='ltr'><strong>Pilato</strong></span> <span class='ocrx_word' id='word_1_758' title='bbox 3468 3848 3568 3900; x_wconf 90' lang='lat' dir='ltr'><strong>pro</strong></span> <span class='ocrx_word' id='word_1_759' title='bbox 3616 3830 3935 3892; x_wconf 86' lang='lat' dir='ltr'><strong>tribunali,</strong></span> 
     </span>
    </p>
   </div>
   <div class='ocr_carea' id='block_1_101' title="bbox 2219 3921 3934 3995">
    <p class='ocr_par' dir='ltr' id='par_1_101' title="bbox 2219 3921 3934 3995">
     <span class='ocr_line' id='line_1_101' title="bbox 2219 3921 3934 3995; baseline -0.006 -11"><span class='ocrx_word' id='word_1_760' title='bbox 2219 3928 2530 3986; x_wconf 88' lang='lat' dir='ltr'><strong>Dominum</strong></span> <span class='ocrx_word' id='word_1_761' title='bbox 2550 3928 2751 3983; x_wconf 89' lang='lat' dir='ltr'><strong>Jesum</strong></span> <span class='ocrx_word' id='word_1_762' title='bbox 2776 3926 3072 3981; x_wconf 88' lang='lat' dir='ltr'><strong>Christum</strong></span> <span class='ocrx_word' id='word_1_763' title='bbox 3099 3923 3243 3978; x_wconf 87' lang='lat' dir='ltr'><strong>hora</strong></span> <span class='ocrx_word' id='word_1_764' title='bbox 3265 3921 3434 3995; x_wconf 89' lang='lat' dir='ltr'><strong>quasi</strong></span> <span class='ocrx_word' id='word_1_765' title='bbox 3458 3924 3617 3977; x_wconf 85' lang='lat' dir='ltr'><strong>sexta</strong></span> <span class='ocrx_word' id='word_1_766' title='bbox 3648 3935 3934 3992; x_wconf 85' lang='lat' dir='ltr'><strong>suscepe-</strong></span> 
     </span>
    </p>
   </div>
   <div class='ocr_carea' id='block_1_102' title="bbox 2220 4010 3933 4087">
    <p class='ocr_par' dir='ltr' id='par_1_102' title="bbox 2220 4010 3933 4087">
     <span class='ocr_line' id='line_1_102' title="bbox 2220 4010 3933 4087; baseline -0.006 -13"><span class='ocrx_word' id='word_1_767' title='bbox 2220 4024 2374 4087; x_wconf 89' lang='lat' dir='ltr'><strong>runt,</strong></span> <span class='ocrx_word' id='word_1_768' title='bbox 2410 4023 2465 4073; x_wconf 90' lang='lat' dir='ltr'><strong>et</strong></span> <span class='ocrx_word' id='word_1_769' title='bbox 2507 4018 2849 4072; x_wconf 83' lang='lat' dir='ltr'><strong>eduxerunt.</strong></span> <span class='ocrx_word' id='word_1_770' title='bbox 2887 4018 2959 4069; x_wconf 84' lang='lat' dir='ltr'><strong>Et</strong></span> <span class='ocrx_word' id='word_1_771' title='bbox 2990 4013 3241 4084; x_wconf 87' lang='lat' dir='ltr'><strong>bajulans</strong></span> <span class='ocrx_word' id='word_1_772' title='bbox 3270 4010 3378 4066; x_wconf 86' lang='lat' dir='ltr'><strong>sibi</strong></span> <span class='ocrx_word' id='word_1_773' title='bbox 3405 4027 3639 4075; x_wconf 85' lang='lat' dir='ltr'><strong>crucem,</strong></span> <span class='ocrx_word' id='word_1_774' title='bbox 3671 4010 3818 4065; x_wconf 80' lang='lat' dir='ltr'><strong>exiit</strong></span> <span class='ocrx_word' id='word_1_775' title='bbox 3873 4010 3933 4065; x_wconf 84' lang='lat' dir='ltr'><strong>in</strong></span> 
     </span>
    </p>
   </div>
   <div class='ocr_carea' id='block_1_103' title="bbox 2216 4098 3941 4177">
    <p class='ocr_par' dir='ltr' id='par_1_103' title="bbox 2216 4098 3941 4177">
     <span class='ocr_line' id='line_1_103' title="bbox 2216 4098 3941 4177; baseline -0.005 -14"><span class='ocrx_word' id='word_1_776' title='bbox 2216 4124 2342 4163; x_wconf 86' lang='lat' dir='ltr'><strong>eum</strong></span> <span class='ocrx_word' id='word_1_777' title='bbox 2372 4108 2471 4177; x_wconf 90' lang='lat' dir='ltr'><strong>qui</strong></span> <span class='ocrx_word' id='word_1_778' title='bbox 2499 4107 2700 4160; x_wconf 80' lang='lat' dir='ltr'><strong>dicitur</strong></span> <span class='ocrx_word' id='word_1_779' title='bbox 2725 4103 2990 4159; x_wconf 69' lang='lat' dir='ltr'><strong>Catum-ix</strong></span> <span class='ocrx_word' id='word_1_780' title='bbox 3013 4104 3209 4169; x_wconf 86' lang='lat' dir='ltr'><strong>locum,</strong></span> <span class='ocrx_word' id='word_1_781' title='bbox 3234 4101 3489 4156; x_wconf 87' lang='lat' dir='ltr'><strong>hebraice</strong></span> <span class='ocrx_word' id='word_1_782' title='bbox 3515 4098 3812 4167; x_wconf 78' lang='lat' dir='ltr'><strong>Golgotha,</strong></span> <span class='ocrx_word' id='word_1_783' title='bbox 3844 4099 3941 4154; x_wconf 89' lang='lat' dir='ltr'><strong>ubi</strong></span> 
     </span>
    </p>
   </div>
   <div class='ocr_carea' id='block_1_104' title="bbox 2216 4190 3939 4267">
    <p class='ocr_par' dir='ltr' id='par_1_104' title="bbox 2216 4190 3939 4267">
     <span class='ocr_line' id='line_1_104' title="bbox 2216 4190 3939 4267; baseline -0.003 -15"><span class='ocrx_word' id='word_1_784' title='bbox 2216 4198 2610 4267; x_wconf 65' lang='lat' dir='ltr'><strong>cruciﬁxerunt</strong></span> <span class='ocrx_word' id='word_1_785' title='bbox 2638 4212 2788 4249; x_wconf 85' lang='lat' dir='ltr'><strong>eum.</strong></span> <span class='ocrx_word' id='word_1_786' title='bbox 2813 4194 2959 4257; x_wconf 92' lang='lat' dir='ltr'><strong>Quid</strong></span> <span class='ocrx_word' id='word_1_787' title='bbox 2986 4202 3229 4265; x_wconf 86' lang='lat' dir='ltr'><strong>estergo</strong></span> <span class='ocrx_word' id='word_1_788' title='bbox 3254 4192 3403 4263; x_wconf 91' lang='lat' dir='ltr'><strong>quod</strong></span> <span class='ocrx_word' id='word_1_789' title='bbox 3430 4190 3657 4245; x_wconf 84' lang='lat' dir='ltr'><strong>Marcus</strong></span> <span class='ocrx_word' id='word_1_790' title='bbox 3679 4205 3939 4261; x_wconf 77' lang='lat' dir='ltr'><strong>evange~</strong></span> 
     </span>
    </p>
   </div>
   <div class='ocr_carea' id='block_1_105' title="bbox 2219 4281 3943 4351">
    <p class='ocr_par' dir='ltr' id='par_1_105' title="bbox 2219 4281 3943 4351">
     <span class='ocr_line' id='line_1_105' title="bbox 2219 4281 3943 4351; baseline -0.005 -8"><span class='ocrx_word' id='word_1_791' title='bbox 2219 4288 2355 4343; x_wconf 89' lang='lat' dir='ltr'><strong>lista</strong></span> <span class='ocrx_word' id='word_1_792' title='bbox 2386 4286 2545 4351; x_wconf 90' lang='lat' dir='ltr'><strong>dicit,</strong></span> <span class='ocrx_word' id='word_1_793' title='bbox 2572 4288 2701 4340; x_wconf 81' lang='lat' dir='ltr'><strong>Erat</strong></span> <span class='ocrx_word' id='word_1_794' title='bbox 2731 4292 2918 4340; x_wconf 82' lang='lat' dir='ltr'><strong>autem</strong></span> <span class='ocrx_word' id='word_1_795' title='bbox 2938 4284 3073 4339; x_wconf 86' lang='lat' dir='ltr'><strong>hora</strong></span> <span class='ocrx_word' id='word_1_796' title='bbox 3095 4284 3281 4345; x_wconf 84' lang='lat' dir='ltr'><strong>tertia,</strong></span> <span class='ocrx_word' id='word_1_797' title='bbox 3306 4290 3355 4337; x_wconf 86' lang='lat' dir='ltr'><strong>et</strong></span> <span class='ocrx_word' id='word_1_798' title='bbox 3379 4281 3783 4350; x_wconf 82' lang='lat' dir='ltr'><strong>cruciﬁxerunt</strong></span> <span class='ocrx_word' id='word_1_799' title='bbox 3808 4297 3943 4335; x_wconf 84' lang='lat' dir='ltr'><strong>eum</strong></span> 
     </span>
    </p>
   </div>
   <div class='ocr_carea' id='block_1_106' title="bbox 2218 4371 3937 4448">
    <p class='ocr_par' dir='ltr' id='par_1_106' title="bbox 2218 4371 3937 4448">
     <span class='ocr_line' id='line_1_106' title="bbox 2218 4371 3937 4448; baseline -0.002 -18"><span class='ocrx_word' id='word_1_800' title='bbox 2218 4378 2405 4448; x_wconf 76' lang='lat' dir='ltr'><strong>(Marc.</strong></span> <span class='ocrx_word' id='word_1_801' title='bbox 2429 4391 2522 4440; x_wconf 79' lang='lat' dir='ltr'><strong>xv,</strong></span> <span class='ocrx_word' id='word_1_802' title='bbox 2552 4377 2679 4445; x_wconf 79' lang='lat'><strong>25);</strong></span> <span class='ocrx_word' id='word_1_803' title='bbox 2714 4376 2821 4430; x_wconf 86' lang='lat' dir='ltr'><strong>nisi</strong></span> <span class='ocrx_word' id='word_1_804' title='bbox 2847 4376 2983 4444; x_wconf 88' lang='lat' dir='ltr'><strong>quia</strong></span> <span class='ocrx_word' id='word_1_805' title='bbox 3007 4375 3148 4428; x_wconf 89' lang='lat' dir='ltr'><strong>hora</strong></span> <span class='ocrx_word' id='word_1_806' title='bbox 3180 4374 3349 4428; x_wconf 91' lang='lat' dir='ltr'><strong>tertia</strong></span> <span class='ocrx_word' id='word_1_807' title='bbox 3372 4371 3684 4428; x_wconf 79' lang='lat' dir='ltr'><strong>crucifixus</strong></span> <span class='ocrx_word' id='word_1_808' title='bbox 3704 4383 3793 4424; x_wconf 83' lang='lat' dir='ltr'><strong>est</strong></span> <span class='ocrx_word' id='word_1_809' title='bbox 3821 4372 3937 4426; x_wconf 85' lang='lat' dir='ltr'><strong>Du-</strong></span> 
     </span>
    </p>
   </div>
   <div class='ocr_carea' id='block_1_107' title="bbox 2220 4460 3945 4537">
    <p class='ocr_par' dir='ltr' id='par_1_107' title="bbox 2220 4460 3945 4537">
     <span class='ocr_line' id='line_1_107' title="bbox 2220 4460 3945 4537; baseline -0.005 -16"><span class='ocrx_word' id='word_1_810' title='bbox 2220 4469 2414 4521; x_wconf 79' lang='lat' dir='ltr'><strong>minus</strong></span> <span class='ocrx_word' id='word_1_811' title='bbox 2446 4466 2663 4537; x_wconf 89' lang='lat' dir='ltr'><strong>linguis</strong></span> <span class='ocrx_word' id='word_1_812' title='bbox 2693 4464 3049 4533; x_wconf 76' lang='lat' dir='ltr'><strong>Judienrnm,</strong></span> <span class='ocrx_word' id='word_1_813' title='bbox 3087 4463 3226 4518; x_wconf 86' lang='lat' dir='ltr'><strong>hora</strong></span> <span class='ocrx_word' id='word_1_814' title='bbox 3256 4468 3417 4518; x_wconf 82' lang='lat' dir='ltr'><strong>sexta</strong></span> <span class='ocrx_word' id='word_1_815' title='bbox 3467 4460 3743 4515; x_wconf 89' lang='lat' dir='ltr'><strong>manibus</strong></span> <span class='ocrx_word' id='word_1_816' title='bbox 3777 4460 3945 4514; x_wconf 87' lang='lat' dir='ltr'><strong>mili-</strong></span> 
     </span>
    </p>
   </div>
   <div class='ocr_carea' id='block_1_108' title="bbox 2216 4549 3941 4624">
    <p class='ocr_par' dir='ltr' id='par_1_108' title="bbox 2216 4549 3941 4624">
     <span class='ocr_line' id='line_1_108' title="bbox 2216 4549 3941 4624; baseline -0.005 -12"><span class='ocrx_word' id='word_1_817' title='bbox 2216 4562 2338 4612; x_wconf 86' lang='lat' dir='ltr'><strong>tum</strong></span> <span class='ocrx_word' id='word_1_818' title='bbox 2356 4557 2382 4611; x_wconf 83' lang='lat'><strong>?</strong></span> <span class='ocrx_word' id='word_1_819' title='bbox 2400 4555 2470 4611; x_wconf 88' lang='lat' dir='ltr'><strong>Ut</strong></span> <span class='ocrx_word' id='word_1_820' title='bbox 2493 4555 2887 4623; x_wconf 74' lang='lat' dir='ltr'><strong>intelligamus</strong></span> <span class='ocrx_word' id='word_1_821' title='bbox 2905 4555 3098 4608; x_wconf 83' lang='lat' dir='ltr'><strong>horam</strong></span> <span class='ocrx_word' id='word_1_822' title='bbox 3116 4552 3382 4624; x_wconf 88' lang='lat' dir='ltr'><strong>quintam</strong></span> <span class='ocrx_word' id='word_1_823' title='bbox 3403 4554 3524 4620; x_wconf 83' lang='lat' dir='ltr'><strong>jam</strong></span> <span class='ocrx_word' id='word_1_824' title='bbox 3546 4549 3941 4604; x_wconf 79' lang='lat' dir='ltr'><strong>fuissetrans-</strong></span> 
     </span>
    </p>
   </div>
   <div class='ocr_carea' id='block_1_109' title="bbox 2216 4638 3934 4715">
    <p class='ocr_par' dir='ltr' id='par_1_109' title="bbox 2216 4638 3934 4715">
     <span class='ocr_line' id='line_1_109' title="bbox 2216 4638 3934 4715; baseline -0.004 -15"><span class='ocrx_word' id='word_1_825' title='bbox 2216 4650 2503 4714; x_wconf 86' lang='lat' dir='ltr'><strong>actam,et</strong></span> <span class='ocrx_word' id='word_1_826' title='bbox 2524 4645 2744 4715; x_wconf 87' lang='lat' dir='ltr'><strong>aliquid</strong></span> <span class='ocrx_word' id='word_1_827' title='bbox 2779 4644 2847 4697; x_wconf 90' lang='lat' dir='ltr'><strong>de</strong></span> <span class='ocrx_word' id='word_1_828' title='bbox 2881 4649 3041 4697; x_wconf 84' lang='lat' dir='ltr'><strong>sexta</strong></span> <span class='ocrx_word' id='word_1_829' title='bbox 3073 4652 3324 4711; x_wconf 69' lang='lat' dir='ltr'><strong>coeptum</strong></span> <span class='ocrx_word' id='word_1_830' title='bbox 3368 4640 3600 4711; x_wconf 86' lang='lat' dir='ltr'><strong>quando</strong></span> <span class='ocrx_word' id='word_1_831' title='bbox 3633 4638 3788 4693; x_wconf 88' lang='lat' dir='ltr'><strong>sedit</strong></span> <span class='ocrx_word' id='word_1_832' title='bbox 3828 4655 3934 4710; x_wconf 88' lang='lat' dir='ltr'><strong>pro</strong></span> 
     </span>
    </p>
   </div>
   <div class='ocr_carea' id='block_1_110' title="bbox 2216 4728 3934 4802">
    <p class='ocr_par' dir='ltr' id='par_1_110' title="bbox 2216 4728 3934 4802">
     <span class='ocr_line' id='line_1_110' title="bbox 2216 4728 3934 4802; baseline -0.004 -12"><span class='ocrx_word' id='word_1_833' title='bbox 2216 4735 2493 4790; x_wconf 84' lang='lat' dir='ltr'><strong>tribunali</strong></span> <span class='ocrx_word' id='word_1_834' title='bbox 2528 4735 2766 4801; x_wconf 80' lang='lat' dir='ltr'><strong>Pilatus,</strong></span> <span class='ocrx_word' id='word_1_835' title='bbox 2800 4749 2927 4802; x_wconf 66' lang='lat' dir='ltr'><strong>quae</strong></span> <span class='ocrx_word' id='word_1_836' title='bbox 2956 4732 3103 4787; x_wconf 87' lang='lat' dir='ltr'><strong>dicta</strong></span> <span class='ocrx_word' id='word_1_837' title='bbox 3135 4736 3225 4787; x_wconf 84' lang='lat' dir='ltr'><strong>est</strong></span> <span class='ocrx_word' id='word_1_838' title='bbox 3258 4749 3285 4786; x_wconf 88' lang='lat' dir='ltr'><strong>a</strong></span> <span class='ocrx_word' id='word_1_839' title='bbox 3317 4732 3546 4786; x_wconf 88' lang='lat' dir='ltr'><strong>Joanne</strong></span> <span class='ocrx_word' id='word_1_840' title='bbox 3577 4728 3724 4784; x_wconf 88' lang='lat' dir='ltr'><strong>hora</strong></span> <span class='ocrx_word' id='word_1_841' title='bbox 3755 4729 3934 4800; x_wconf 88' lang='lat' dir='ltr'><strong>quasi</strong></span> 
     </span>
    </p>
   </div>
   <div class='ocr_carea' id='block_1_111' title="bbox 2215 4818 3931 4893">
    <p class='ocr_par' dir='ltr' id='par_1_111' title="bbox 2215 4818 3931 4893">
     <span class='ocr_line' id='line_1_111' title="bbox 2215 4818 3931 4893; baseline -0.004 -12"><span class='ocrx_word' id='word_1_842' title='bbox 2215 4832 2375 4881; x_wconf 84' lang='lat' dir='ltr'><strong>sexta</strong></span> <span class='ocrx_word' id='word_1_843' title='bbox 2400 4842 2413 4880; x_wconf 91' lang='lat'><strong>:</strong></span> <span class='ocrx_word' id='word_1_844' title='bbox 2437 4830 2493 4880; x_wconf 90' lang='lat' dir='ltr'><strong>et</strong></span> <span class='ocrx_word' id='word_1_845' title='bbox 2518 4841 2650 4881; x_wconf 91' lang='lat' dir='ltr'><strong>cum</strong></span> <span class='ocrx_word' id='word_1_846' title='bbox 2685 4825 3013 4890; x_wconf 88' lang='lat' dir='ltr'><strong>duceretur,</strong></span> <span class='ocrx_word' id='word_1_847' title='bbox 3039 4828 3095 4878; x_wconf 91' lang='lat' dir='ltr'><strong>et</strong></span> <span class='ocrx_word' id='word_1_848' title='bbox 3125 4822 3283 4893; x_wconf 89' lang='lat' dir='ltr'><strong>ligno</strong></span> <span class='ocrx_word' id='word_1_849' title='bbox 3314 4836 3448 4875; x_wconf 89' lang='lat' dir='ltr'><strong>cum</strong></span> <span class='ocrx_word' id='word_1_850' title='bbox 3479 4818 3712 4875; x_wconf 90' lang='lat' dir='ltr'><strong>duobus</strong></span> <span class='ocrx_word' id='word_1_851' title='bbox 3748 4820 3931 4874; x_wconf 85' lang='lat' dir='ltr'><strong>latro-</strong></span> 
     </span>
    </p>
   </div>
   <div class='ocr_carea' id='block_1_112' title="bbox 2215 4913 3934 4987">
    <p class='ocr_par' dir='ltr' id='par_1_112' title="bbox 2215 4913 3934 4987">
     <span class='ocr_line' id='line_1_112' title="bbox 2215 4913 3934 4987; baseline -0.004 -17"><span class='ocrx_word' id='word_1_852' title='bbox 2215 4916 2387 4970; x_wconf 89' lang='lat' dir='ltr'><strong>nibus</strong></span> <span class='ocrx_word' id='word_1_853' title='bbox 2416 4916 2824 4987; x_wconf 86' lang='lat' dir='ltr'><strong>configeretur,</strong></span> <span class='ocrx_word' id='word_1_854' title='bbox 2856 4916 2911 4968; x_wconf 89' lang='lat' dir='ltr'><strong>et</strong></span> <span class='ocrx_word' id='word_1_855' title='bbox 2951 4913 3117 4982; x_wconf 84' lang='lat' dir='ltr'><strong>juxta</strong></span> <span class='ocrx_word' id='word_1_856' title='bbox 3144 4913 3270 4981; x_wconf 86' lang='lat' dir='ltr'><strong>ejus</strong></span> <span class='ocrx_word' id='word_1_857' title='bbox 3300 4926 3527 4966; x_wconf 90' lang='lat' dir='ltr'><strong>crucem</strong></span> <span class='ocrx_word' id='word_1_858' title='bbox 3579 4914 3934 4981; x_wconf 87' lang='lat' dir='ltr'><strong>gererentur</strong></span> 
     </span>
    </p>
   </div>
   <div class='ocr_carea' id='block_1_113' title="bbox 2215 4998 3927 5077">
    <p class='ocr_par' dir='ltr' id='par_1_113' title="bbox 2215 4998 3927 5077">
     <span class='ocr_line' id='line_1_113' title="bbox 2215 4998 3927 5077; baseline -0.003 -18"><span class='ocrx_word' id='word_1_859' title='bbox 2215 5021 2343 5077; x_wconf 69' lang='lat' dir='ltr'><strong>qua-</strong></span> <span class='ocrx_word' id='word_1_860' title='bbox 2364 5015 2522 5075; x_wconf 83' lang='lat' dir='ltr'><strong>gesta</strong></span> <span class='ocrx_word' id='word_1_861' title='bbox 2545 5010 2874 5069; x_wconf 82' lang='lat' dir='ltr'><strong>narrantur,</strong></span> <span class='ocrx_word' id='word_1_862' title='bbox 2894 5003 3036 5058; x_wconf 90' lang='lat' dir='ltr'><strong>hora</strong></span> <span class='ocrx_word' id='word_1_863' title='bbox 3059 5007 3220 5058; x_wconf 82' lang='lat' dir='ltr'><strong>sexta</strong></span> <span class='ocrx_word' id='word_1_864' title='bbox 3246 5002 3473 5071; x_wconf 88' lang='lat' dir='ltr'><strong>integra</strong></span> <span class='ocrx_word' id='word_1_865' title='bbox 3495 4998 3927 5070; x_wconf 88' lang='lat' dir='ltr'><strong>compleretur;</strong></span> 
     </span>
    </p>
   </div>
   <div class='ocr_carea' id='block_1_114' title="bbox 2213 5090 3931 5167">
    <p class='ocr_par' dir='ltr' id='par_1_114' title="bbox 2213 5090 3931 5167">
     <span class='ocr_line' id='line_1_114' title="bbox 2213 5090 3931 5167; baseline -0.004 -16"><span class='ocrx_word' id='word_1_866' title='bbox 2213 5111 2280 5152; x_wconf 85' lang='lat' dir='ltr'><strong>ex</strong></span> <span class='ocrx_word' id='word_1_867' title='bbox 2311 5113 2424 5167; x_wconf 90' lang='lat' dir='ltr'><strong>qua</strong></span> <span class='ocrx_word' id='word_1_868' title='bbox 2451 5096 2594 5151; x_wconf 87' lang='lat' dir='ltr'><strong>hora</strong></span> <span class='ocrx_word' id='word_1_869' title='bbox 2626 5111 2812 5165; x_wconf 89' lang='lat' dir='ltr'><strong>usque</strong></span> <span class='ocrx_word' id='word_1_870' title='bbox 2848 5094 2917 5148; x_wconf 88' lang='lat' dir='ltr'><strong>ad</strong></span> <span class='ocrx_word' id='word_1_871' title='bbox 2971 5109 3178 5148; x_wconf 88' lang='lat' dir='ltr'><strong>nonam</strong></span> <span class='ocrx_word' id='word_1_872' title='bbox 3230 5090 3351 5147; x_wconf 89' lang='lat' dir='ltr'><strong>sole</strong></span> <span class='ocrx_word' id='word_1_873' title='bbox 3397 5092 3722 5149; x_wconf 86' lang='lat' dir='ltr'><strong>obscurato.</strong></span> <span class='ocrx_word' id='word_1_874' title='bbox 3758 5092 3931 5145; x_wconf 61' lang='lat' dir='ltr'><strong>teneo</strong></span> 
     </span>
    </p>
   </div>
   <div class='ocr_carea' id='block_1_115' title="bbox 2213 5175 3936 5253">
    <p class='ocr_par' dir='ltr' id='par_1_115' title="bbox 2213 5175 3936 5253">
     <span class='ocr_line' id='line_1_115' title="bbox 2213 5175 3936 5253; baseline -0.005 -15"><span class='ocrx_word' id='word_1_875' title='bbox 2213 5184 2349 5239; x_wconf 89' lang='lat' dir='ltr'><strong>bras</strong></span> <span class='ocrx_word' id='word_1_876' title='bbox 2384 5190 2563 5240; x_wconf 85' lang='lat' dir='ltr'><strong>laetas</strong></span> <span class='ocrx_word' id='word_1_877' title='bbox 2597 5184 2767 5239; x_wconf 89' lang='lat' dir='ltr'><strong>trium</strong></span> <span class='ocrx_word' id='word_1_878' title='bbox 2809 5180 3321 5253; x_wconf 86' lang='lat' dir='ltr'><strong>evangelistarum,</strong></span> <span class='ocrx_word' id='word_1_879' title='bbox 3355 5176 3628 5242; x_wconf 69' lang='lat' dir='ltr'><strong>Matthxi,</strong></span> <span class='ocrx_word' id='word_1_880' title='bbox 3661 5175 3843 5231; x_wconf 86' lang='lat' dir='ltr'><strong>Marci</strong></span> <span class='ocrx_word' id='word_1_881' title='bbox 3873 5182 3936 5231; x_wconf 86' lang='lat' dir='ltr'><strong>et</strong></span> 
     </span>
    </p>
   </div>
   <div class='ocr_carea' id='block_1_116' title="bbox 2216 5265 3934 5340">
    <p class='ocr_par' dir='ltr' id='par_1_116' title="bbox 2216 5265 3934 5340">
     <span class='ocr_line' id='line_1_116' title="bbox 2216 5265 3934 5340; baseline -0.004 -13"><span class='ocrx_word' id='word_1_882' title='bbox 2216 5273 2379 5329; x_wconf 79' lang='lat' dir='ltr'><strong>LUCtB</strong></span> <span class='ocrx_word' id='word_1_883' title='bbox 2413 5278 2771 5328; x_wconf 87' lang='lat' dir='ltr'><strong>contestatur</strong></span> <span class='ocrx_word' id='word_1_884' title='bbox 2816 5270 3130 5326; x_wconf 86' lang='lat' dir='ltr'><strong>auctoritas</strong></span> <span class='ocrx_word' id='word_1_885' title='bbox 3164 5268 3374 5340; x_wconf 78' lang='lat' dir='ltr'><strong>(Matth.</strong></span> <span class='ocrx_word' id='word_1_886' title='bbox 3407 5282 3582 5331; x_wconf 85' lang='lat' dir='ltr'><strong>xxvn,</strong></span> <span class='ocrx_word' id='word_1_887' title='bbox 3613 5265 3709 5329; x_wconf 70' lang='lat'><strong>45;</strong></span> <span class='ocrx_word' id='word_1_888' title='bbox 3746 5270 3934 5320; x_wconf 79' lang='lat' dir='ltr'><strong>Marc.</strong></span> 
     </span>
    </p>
   </div>
   <div class='ocr_carea' id='block_1_117' title="bbox 2211 5352 3935 5432">
    <p class='ocr_par' dir='ltr' id='par_1_117' title="bbox 2211 5352 3935 5432">
     <span class='ocr_line' id='line_1_117' title="bbox 2211 5352 3935 5432; baseline -0.005 -16"><span class='ocrx_word' id='word_1_889' title='bbox 2211 5379 2304 5430; x_wconf 81' lang='lat' dir='ltr'><strong>xv,</strong></span> <span class='ocrx_word' id='word_1_890' title='bbox 2332 5363 2422 5432; x_wconf 88' lang='lat'><strong>33,</strong></span> <span class='ocrx_word' id='word_1_891' title='bbox 2453 5368 2503 5417; x_wconf 90' lang='lat' dir='ltr'><strong>et</strong></span> <span class='ocrx_word' id='word_1_892' title='bbox 2542 5365 2670 5417; x_wconf 88' lang='lat' dir='ltr'><strong>Luc.</strong></span> <span class='ocrx_word' id='word_1_893' title='bbox 2708 5379 2866 5429; x_wconf 83' lang='lat' dir='ltr'><strong>xxm,</strong></span> <span class='ocrx_word' id='word_1_894' title='bbox 2902 5361 3010 5432; x_wconf 76' lang='grc'>44).</span> <span class='ocrx_word' id='word_1_895' title='bbox 3061 5360 3166 5416; x_wconf 91' lang='lat' dir='ltr'><strong>Sed</strong></span> <span class='ocrx_word' id='word_1_896' title='bbox 3221 5357 3499 5432; x_wconf 87' lang='lat' dir='ltr'><strong>quoniam</strong></span> <span class='ocrx_word' id='word_1_897' title='bbox 3543 5352 3726 5409; x_wconf 75' lang='lat' dir='ltr'><strong>Judaei</strong></span> <span class='ocrx_word' id='word_1_898' title='bbox 3781 5353 3935 5408; x_wconf 82' lang='lat' dir='ltr'><strong>faci-</strong></span> 
     </span>
    </p>
   </div>
   <div class='ocr_carea' id='block_1_118' title="bbox 2215 5442 3937 5511">
    <p class='ocr_par' dir='ltr' id='par_1_118' title="bbox 2215 5442 3937 5511">
     <span class='ocr_line' id='line_1_118' title="bbox 2215 5442 3937 5511; baseline -0.005 -5"><span class='ocrx_word' id='word_1_899' title='bbox 2215 5469 2327 5507; x_wconf 89' lang='lat' dir='ltr'><strong>nus</strong></span> <span class='ocrx_word' id='word_1_900' title='bbox 2376 5453 2658 5507; x_wconf 70' lang='lat' dir='ltr'><strong>interl‘ecli</strong></span> <span class='ocrx_word' id='word_1_901' title='bbox 2706 5450 2920 5506; x_wconf 90' lang='lat' dir='ltr'><strong>Christi</strong></span> <span class='ocrx_word' id='word_1_902' title='bbox 2971 5467 3003 5505; x_wconf 91' lang='lat' dir='ltr'><strong>a</strong></span> <span class='ocrx_word' id='word_1_903' title='bbox 3053 5467 3115 5505; x_wconf 90' lang='lat' dir='ltr'><strong>se</strong></span> <span class='ocrx_word' id='word_1_904' title='bbox 3161 5449 3219 5505; x_wconf 92' lang='lat' dir='ltr'><strong>in</strong></span> <span class='ocrx_word' id='word_1_905' title='bbox 3272 5449 3584 5511; x_wconf 85' lang='lat' dir='ltr'><strong>Romanos,</strong></span> <span class='ocrx_word' id='word_1_906' title='bbox 3616 5442 3673 5497; x_wconf 83' lang='lat' dir='ltr'><strong>id</strong></span> <span class='ocrx_word' id='word_1_907' title='bbox 3719 5448 3833 5505; x_wconf 71' lang='lat' dir='ltr'><strong>est.</strong></span> <span class='ocrx_word' id='word_1_908' title='bbox 3870 5444 3937 5498; x_wconf 87' lang='lat' dir='ltr'><strong>in</strong></span> 
     </span>
    </p>
   </div>
   <div class='ocr_carea' id='block_1_119' title="bbox 2212 5534 3937 5613">
    <p class='ocr_par' dir='ltr' id='par_1_119' title="bbox 2212 5534 3937 5613">
     <span class='ocr_line' id='line_1_119' title="bbox 2212 5534 3937 5613; baseline -0.005 -18"><span class='ocrx_word' id='word_1_909' title='bbox 2212 5543 2462 5597; x_wconf 87' lang='lat' dir='ltr'><strong>Pilatum</strong></span> <span class='ocrx_word' id='word_1_910' title='bbox 2497 5548 2553 5597; x_wconf 90' lang='lat' dir='ltr'><strong>et</strong></span> <span class='ocrx_word' id='word_1_911' title='bbox 2581 5542 2707 5613; x_wconf 89' lang='lat' dir='ltr'><strong>ejus</strong></span> <span class='ocrx_word' id='word_1_912' title='bbox 2742 5540 2954 5596; x_wconf 86' lang='lat' dir='ltr'><strong>milites</strong></span> <span class='ocrx_word' id='word_1_913' title='bbox 2986 5542 3301 5595; x_wconf 79' lang='lat' dir='ltr'><strong>transferre</strong></span> <span class='ocrx_word' id='word_1_914' title='bbox 3340 5534 3535 5594; x_wconf 90' lang='lat' dir='ltr'><strong>conati</strong></span> <span class='ocrx_word' id='word_1_915' title='bbox 3578 5536 3753 5598; x_wconf 89' lang='lat' dir='ltr'><strong>sunt;</strong></span> <span class='ocrx_word' id='word_1_916' title='bbox 3788 5549 3937 5603; x_wconf 89' lang='lat' dir='ltr'><strong>pro-</strong></span> 
     </span>
    </p>
   </div>
   <div class='ocr_carea' id='block_1_120' title="bbox 2213 5620 3937 5703">
    <p class='ocr_par' dir='ltr' id='par_1_120' title="bbox 2213 5620 3937 5703">
     <span class='ocr_line' id='line_1_120' title="bbox 2213 5620 3937 5703; baseline -0.006 -17"><span class='ocrx_word' id='word_1_917' title='bbox 2213 5634 2407 5702; x_wconf 88' lang='lat' dir='ltr'><strong>pterea</strong></span> <span class='ocrx_word' id='word_1_918' title='bbox 2437 5632 2666 5689; x_wconf 84' lang='lat' dir='ltr'><strong>Marcus</strong></span> <span class='ocrx_word' id='word_1_919' title='bbox 2690 5646 3009 5703; x_wconf 89' lang='lat' dir='ltr'><strong>suppressa</strong></span> <span class='ocrx_word' id='word_1_920' title='bbox 3030 5646 3097 5686; x_wconf 87' lang='lat' dir='ltr'><strong>ea</strong></span> <span class='ocrx_word' id='word_1_921' title='bbox 3125 5630 3265 5686; x_wconf 86' lang='lat' dir='ltr'><strong>hora</strong></span> <span class='ocrx_word' id='word_1_922' title='bbox 3288 5646 3401 5702; x_wconf 75' lang='lat' dir='ltr'><strong>qua</strong></span> <span class='ocrx_word' id='word_1_923' title='bbox 3422 5624 3689 5684; x_wconf 73' lang='lat' dir='ltr'><strong>Christus</strong></span> <span class='ocrx_word' id='word_1_924' title='bbox 3712 5638 3744 5677; x_wconf 85' lang='lat' dir='ltr'><strong>a</strong></span> <span class='ocrx_word' id='word_1_925' title='bbox 3768 5620 3937 5677; x_wconf 85' lang='lat' dir='ltr'>mili-</span> 
     </span>
    </p>
   </div>
  </div>
