4182 6198
190 50 509 89 -ι-ε-ι-ιπηι

330 288 359 345 Ι
373 284 483 347 9ιῦ

326 420 487 475 tibus
516 416 829 474 cruciﬁxus
856 418 965 479 est,
991 428 1119 485 quae
1146 414 1237 483 agi
1271 419 1435 470 sexta
1459 417 1582 486 jam
1614 419 1886 489 coeperat,
1920 422 2030 469 ter-

326 506 465 563 tiam
502 509 692 578 potius
727 506 926 560 horam
963 504 1301 559 recordatus
1326 506 1627 575 expressit,
1654 522 1770 577 qua
1792 506 1928 560 hora
1950 504 2035 557 in-

324 597 677 668 telliguntur
707 595 857 666 apud
887 593 1135 648 Pilatum
1167 593 1414 650 clamare
1447 596 1726 667 potuisse,
1746 593 2031 663 Cruciﬁge,

319 685 586 756 eruciﬁge
614 686 794 756 (loan.
830 699 945 749 xix,
978 683 1031 751 6)
1061 698 1074 737 :
1104 691 1162 737 ut
1197 699 1310 739 non
1346 684 1428 739 illi
1456 688 1684 740 tantum
1737 684 2038 755 reperian—

320 781 425 831 tur
454 773 813 831 crucifixisss
840 773 1061 839 .lesum,
1096 772 1152 827 id
1192 778 1296 841 est,
1331 774 1541 829 milites
1574 774 1668 844 qui
1700 789 1833 829 eum
1877 772 2037 843 ligno

318 870 490 921 sexta
520 864 659 920 hora
691 862 1155 933 suspenderunt;
1184 878 1386 917 verum
1411 862 1586 917 etiam
1609 862 1817 927 Judaei,
1842 861 1941 933 qui
1973 866 2039 916 ut

317 954 786 1025 crucifigeretur,
823 952 961 1007 hora
995 950 1164 1006 tertia
1196 952 1609 1007 clamaverunt.

393 1042 748 1099 2.Estetalia
764 1042 936 1111 hujus
953 1039 1164 1096 solutio
1180 1041 1544 1112 quaestionis,
1564 1045 1628 1095 ut
1646 1057 1760 1096 non
1779 1040 1872 1095 hic
1891 1038 2038 1095 acci-

318 1132 518 1203 piatur
541 1131 684 1186 hora
698 1135 858 1186 sexta
872 1129 1166 1200 diei,quia
1190 1146 1292 1185 nec
1306 1129 1562 1186 Joannes
1578 1132 1675 1199 sit,
1694 1131 1828 1184 Erat
1841 1133 2035 1184 autem

314 1220 470 1277 hora
492 1221 601 1277 diei
628 1220 793 1292 quasi
822 1224 1112 1286 sexta,aut
1131 1219 1269 1274 hora
1286 1220 1454 1290 quasi
1471 1219 1763 1286 sexta;sed
1782 1218 1881 1287 ait,
1904 1220 2038 1273 Erat

310 1316 511 1365 autem
530 1325 824 1382 parasceve
844 1308 1096 1377 Pascha},
1116 1308 1250 1364 hora
1270 1310 1442 1380 quasi
1460 1313 1613 1363 sexta
1634 1307 1796 1379 (Ibid.
1816 1308 1919 1377 14).
1938 1311 2041 1361 Pa-

318 1416 561 1456 rasceve
593 1408 787 1455 autem
825 1398 1000 1454 latine
1046 1400 1385 1469 Praeparatio
1417 1406 1502 1454 est
1536 1416 1548 1454 :
1583 1400 1682 1454 sed
1725 1398 1835 1454 isto
1868 1398 2037 1453 verbo

313 1508 511 1562 greco
545 1489 821 1545 libentius
846 1492 1091 1544 utuntur
1112 1486 1294 1543 Judaei
1320 1489 1381 1543 in
1410 1488 1747 1559 hujusmodi
1775 1487 2042 1545 observa-

314 1579 605 1645 tionibus,
631 1578 806 1635 etiam
831 1577 927 1649 qui
959 1577 1147 1648 magis
1175 1576 1356 1632 latine
1380 1594 1555 1648 quam
1580 1593 1763 1649 graece
1788 1577 2038 1648 loquun-

316 1674 440 1723 tur.
481 1668 610 1722 Erat
653 1682 789 1738 ergo
840 1665 1186 1739 praeparatio
1239 1666 1490 1721 Paschre.
1525 1666 1736 1721 Pascha
1767 1682 1901 1722 vero
1945 1680 2042 1721 no-

315 1768 535 1822 strum,
587 1760 738 1812 sicut
784 1756 925 1811 dicit
976 1755 1311 1827 Apostolus,
1346 1756 1657 1811 immolatus
1688 1760 1763 1811 est
1796 1754 2039 1811 Christus

318 1850 369 1919 (Ι
409 1847 540 1903 Cor.
584 1863 637 1915 v,
676 1846 735 1918 7)
779 1862 791 1900 :
839 1845 1008 1916 cujus
1056 1846 1287 1901 Paschsa
1338 1845 1816 1918 praeparationem
1869 1844 1918 1901 si
1966 1844 2037 1899 ab

316 1939 474 1994 hora
527 1935 713 1991 noctis
765 1952 920 1991 nona
950 1939 1355 2007 computemus
1386 1936 1546 2007 (tunc
1579 1938 1735 1991 enim
1768 1935 2040 1990 videntur

308 2026 624 2102 principes
638 2025 1006 2082 sacerdotum
1025 2023 1432 2096 pronuntiasse
1449 2024 1912 2081 immolationem
1927 2024 2037 2079 Do-

319 2116 498 2185 mini,
522 2117 801 2181 dicentes,
829 2116 965 2170 Reus
995 2121 1075 2169 est
1107 2116 1299 2170 mortis
1331 2114 1547 2185 [Mutila
1574 2131 1726 2182 xxvr,
1750 2114 1841 2186 66]
1865 2130 1879 2181 ;
1904 2130 2036 2169 cum

318 2206 520 2261 adhuc
544 2204 602 2259 in
626 2206 799 2259 domo
823 2203 1111 2275 pontificis
1144 2204 1443 2259 audiretur
1475 2220 1488 2258 :
1526 2202 1678 2259 unde
1709 2219 2037 2275 congruen-

321 2299 407 2351 ter
465 2294 747 2366 accipitur
795 2294 931 2349 lnde
980 2292 1227 2363 cmpisse
1276 2292 1756 2365 praeparationem
1792 2292 1903 2348 veri
1936 2296 2039 2348 Pa-

311 2388 499 2451 scha,
525 2385 693 2455 cujus
718 2385 927 2440 umbra
948 2389 1071 2441 erat
1101 2385 1325 2440 Pascha
1345 2384 1705 2451 Judeeorum,
1731 2384 1787 2439 id
1812 2384 2036 2452 est,im-

313 2476 665 2532 moiationis
696 2474 933 2541 Christi,
961 2490 1028 2530 ex
1059 2490 1171 2546 quo
1198 2492 1231 2529 a
1256 2473 1654 2530 sacerdotibus
1685 2473 2036 2545 pronuntia-

313 2572 426 2623 tus
458 2571 549 2622 est
578 2563 1023 2635 immolandus),
1051 2564 1303 2635 profecto
1334 2565 1403 2619 ab
1434 2581 1501 2619 ea
1525 2563 1711 2620 noctis
1734 2563 2038 2635 hora,qure

312 2661 471 2711 tunc
502 2671 657 2709 nona
689 2653 870 2711 fuisse
896 2654 1227 2725 conjicitur,
1252 2669 1439 2724 usque
1462 2652 1534 2708 ad
1556 2652 1755 2709 horam
1781 2652 1895 2708 diei
1927 2659 2043 2707 ter—

313 2747 471 2803 tiam
506 2762 623 2816 qua
653 2744 999 2800 crucifixum
1022 2760 1149 2799 esse
1170 2743 1467 2799 Christum
1498 2743 1725 2799 Marcus
1749 2742 2042 2815 evangeli-

319 2845 421 2892 sta
474 2838 744 2901 testatur,
778 2850 879 2889 sex
928 2832 1081 2889 hora:
1130 2836 1286 2899 sunt,
1338 2837 1456 2888 tres
1505 2835 1803 2887 nocturnas
1833 2836 1890 2887 et
1927 2839 2042 2887 tres

316 2924 580 2981 diurnas.
612 2921 773 2978 Unde
803 2924 860 2977 in
893 2922 1002 2978 hac
1036 2938 1337 2992 parasceve
1382 2921 1639 2989 Pascha,
1667 2921 1724 2976 id
1757 2925 1845 2977 est
1892 2937 2044 2993 prae-

316 3013 639 3088 paratione
690 3013 1106 3069 immolationis
1153 3012 1389 3077 Christi,
1423 3029 1548 3083 quae
1580 3013 1653 3066 ab
1688 3013 1826 3068 hora
1857 3010 2044 3068 noctis

312 3120 487 3160 nona
535 3106 806 3174 coeperat,
854 3102 1020 3174 quasi
1070 3107 1235 3157 sexta
1288 3102 1565 3173 agebatur
1616 3100 1790 3169 hora;
1826 3101 1881 3155 id
1935 3105 2040 3169 est,

314 3197 567 3264 peracta
598 3190 806 3263 quinta
845 3191 970 3261 jam
1023 3195 1186 3246 sexta
1237 3206 1469 3245 currere
1512 3193 1782 3260 coeperat,
1814 3189 2044 3259 quando

314 3282 561 3338 Pilatus
594 3279 849 3336 tribunal
880 3280 1182 3336 ascendit:
1209 3280 1401 3335 adhuc
1424 3279 1578 3334 enim
1604 3285 1729 3334 erat
1750 3278 1878 3350 ipsa
1900 3294 2046 3351 prte-

314 3371 584 3445 paratio,
609 3387 733 3442 quis
762 3369 833 3425 ab
870 3370 1008 3425 hora
1039 3369 1228 3426 noctis
1263 3387 1416 3425 nona
1446 3376 1714 3441 coeperat,
1738 3368 1922 3425 donec
1946 3370 2044 3424 tie-

312 3466 417 3518 ret
448 3478 579 3532 qua:
610 3460 1047 3532 prteparabatur
1077 3458 1284 3515 Christi
1331 3458 1655 3516 immolatio
1690 3476 1702 3514 :
1735 3474 1859 3531 quas
1896 3460 2044 3514 facta

314 3560 417 3606 est
450 3548 595 3604 hora
626 3547 794 3603 tertia
827 3549 1153 3605 secundum
1193 3552 1474 3619 Marcum,
1508 3566 1623 3605 non
1672 3548 2043 3620 praeparatio-

314 3641 445 3709 nis,
470 3641 568 3696 sed
594 3638 738 3706 diei;
764 3638 1087 3710 eademque
1117 3642 1280 3694 sexta
1312 3656 1426 3694 non
1459 3638 1597 3705 diei,
1622 3637 1725 3695 sed
1756 3655 2044 3711 praepara-

312 3730 529 3796 tionis,
556 3746 657 3785 sex
684 3727 883 3800 utique
906 3728 1067 3783 horis
1088 3746 1119 3784 a
1142 3728 1329 3785 noctis
1346 3742 1498 3785 nona
1512 3746 1619 3800 usq
1632 3744 1699 3783 ue
1716 3728 1787 3784 ad
1803 3728 1915 3783 diei
1931 3733 2042 3783 ter-

316 3824 473 3879 tiam
493 3819 1099 3891 computatis.Harum
1115 3820 1361 3876 duarum
1382 3818 1740 3876 solutionum
1766 3818 2046 3875 istiusdif-

318 3909 500 3964 ﬁcilis
551 3908 886 3980 quaetionis,
938 3907 1114 3981 eligat
1145 3909 1391 3979 quisque
1422 3925 1601 3980 quam
1636 3908 1809 3963 volet.
1841 3906 2043 3962 Melius

316 4004 519 4055 autem
548 3998 687 4069 quid
711 3996 1214 4069 eligatjudicabit,
1242 3998 1341 4070 qui
1365 3998 1433 4052 de
1455 4002 1749 4053 Consensu
1784 3996 2041 4068 Evange-

318 4088 601 4142 listarum
652 4102 781 4158 qua:
832 4086 1239 4158 operosissime
1290 4085 1588 4157 disputata
1636 4089 1794 4155 sunt,
1844 4083 2045 4151 legerit

312 4176 465 4249 (Lib.
501 4176 534 4229 3
583 4174 648 4229 de
700 4174 975 4231 Consensu
1025 4175 1387 4243 Evangelist.,
1435 4192 1556 4242 cap.
1600 4176 1685 4243 13,
1726 4194 1783 4229 n.
1828 4175 2037 4245 40-50).

314 4266 484 4330 Quod
510 4278 563 4321 et
586 4268 635 4320 si
666 4264 791 4319 aliae
823 4265 1146 4321 solutiones
1178 4266 1301 4335 ejus
1328 4266 1623 4336 potuerint
1656 4264 2040 4333 inveniri,cu-

322 4356 619 4412 mulatius
663 4354 1007 4425 evangelica:
1036 4356 1291 4411 veritatis
1322 4356 1652 4411 constantia
1697 4355 2042 4410 defendetur

321 4449 610 4503 adversus
642 4445 966 4502 calumnias
1008 4446 1264 4501 infidelis
1315 4452 1491 4517 atque
1521 4446 1714 4518 impiae
1745 4445 2039 4501 vanitatis.

321 4538 495 4594 Nunc
539 4541 605 4593 ad
652 4537 1043 4593 narrationem
1074 4536 1320 4593 Joannis
1352 4537 1718 4609 evangelista
1756 4542 1884 4607 post
1928 4536 2042 4591 ista

318 4629 577 4683 breviter
607 4632 853 4683 tractata
889 4627 1218 4682 redeamus.

395 4719 452 4772 3.
486 4718 853 4787 Susceperunt
884 4722 1099 4781 autem,
1135 4716 1345 4787 inquit,
1377 4718 1581 4782 Iesum,
1611 4721 1665 4771 et
1683 4715 1992 4772 eduxerunt
2018 4733 2039 4773 .'

314 4813 372 4863 et
397 4808 655 4879 bajulans
670 4806 777 4862 sibi
791 4805 1179 4874 crucem,e.riit
1206 4806 1261 4859 in
1285 4822 1411 4861 eum
1431 4808 1525 4878 qui
1543 4806 1748 4862 dicitur
1780 4807 2043 4862 Caluariae

321 4898 526 4961 locum,
558 4896 815 4952 hebraice
846 4894 1135 4967 Golgotha,
1168 4896 1269 4951 ubi
1315 4897 1711 4965 cruciﬁxerunl
1741 4912 1890 4951 eum.
1923 4895 2045 4951 Ibat

319 5003 462 5057 ergo
494 4988 565 5041 ad
597 4986 787 5042 locum
821 4987 920 5041 ubi
956 4986 1141 5041 fuerat
1172 4986 1625 5057 cruciﬁgendus,
1654 4990 1890 5058 portans
1913 5000 2039 5040 cru-

322 5090 453 5130 cem
492 5089 661 5129 suam
691 5074 883 5129 Iesus.
918 5073 1147 5128 Grande
1188 5074 1580 5143 Spectaculum
1616 5090 1629 5128 :
1666 5074 1766 5129 sed
1817 5073 1864 5128 si
1913 5089 2045 5144 spe-

322 5168 442 5219 ctet
492 5163 786 5233 impietas,
844 5165 1062 5235 grande
1114 5162 1470 5230 ludibrium;
1504 5164 1551 5218 si
1590 5163 1791 5235 pietas,
1826 5164 2045 5234 grande

323 5253 670 5325 mysterium
705 5269 717 5307 :
754 5255 800 5308 si
834 5257 1053 5325 spectet
1104 5253 1395 5325 impietas,
1446 5254 1659 5323 grande
1708 5252 2042 5325 ignominiae

326 5343 792 5411 documentum;
826 5344 874 5397 si
907 5344 1113 5415 pietas,
1147 5345 1366 5416 grande
1400 5344 1527 5399 fidei
1564 5344 1994 5399 munimentum
2025 5359 2039 5398 :

325 5433 379 5488 si
410 5436 643 5505 spectet
671 5431 957 5502 impietas,
993 5434 1140 5489 ridet
1171 5450 1366 5504 regem
1414 5449 1514 5504 pro
1543 5435 1708 5505 virga
1755 5431 1919 5503 regni
1969 5431 2041 5486 li-

322 5538 511 5597 gnum
567 5521 659 5577 sui
710 5526 935 5594 portare
982 5521 1286 5593 supplicii;
1320 5524 1367 5578 si
1398 5522 1606 5595 pietas,
1639 5522 1798 5577 videt
1845 5537 2040 5594 regem

325 5612 698 5683 bajulantem
741 5612 964 5684 lignum
1000 5611 1071 5667 ad
1104 5613 1483 5685 semetipsum
1530 5613 1855 5686 figendum,
1888 5614 2041 5683 quod

1461 281 1921 345 TRACTATUS
1966 278 2200 341 CXVII.
2248 282 2506 347 CAPUT
2548 284 2710 347 XIX.

3683 296 3841 359 1946

2145 413 2363 472 fixurus
2396 418 2577 475 fuerat
2609 419 2778 474 etiam
2814 418 2871 472 in
2903 417 3196 474 frontibus
3225 435 3429 492 regum
3459 440 3470 478 :
3504 425 3563 481 in
3594 441 3661 483 eo
3693 444 3845 500 sper-

2146 506 2373 562 nendus
2422 510 2599 564 oculis
2652 509 2987 579 impiorum,
3043 509 3099 563 in
3152 526 3266 581 quo
3316 520 3478 568 erant
3533 514 3846 584 gloriatura

2144 594 2319 649 corda
2368 602 2721 652 sanctorum.
2775 599 3002 652 Dicturo
3053 598 3206 653 enim
3255 600 3453 670 Paulo,
3487 602 3619 657 Mihi
3662 615 3841 659 autem

2145 684 2286 738 absit
2311 685 2569 755 gloriari,
2597 690 2715 743 nisi
2743 690 2801 742 in
2831 702 2988 742 cruce
3027 689 3251 743 Domini
3279 690 3454 746 nostri
3480 693 3605 748 Jesu
3638 693 3846 748 Christi

2147 773 2349 845 (Galat.
2384 792 2458 841 Vl,
2496 777 2606 847 14),
2638 777 2827 848 ipsam
2861 792 3093 832 crucem
3126 794 3295 833 suam
3329 796 3429 835 suo
3462 787 3698 852 gestans
3737 783 3847 838 hu-

2148 880 2305 920 mero
2326 868 2799 932 commendabat;
2822 874 2873 921 et
2901 865 3152 922 lucernae
3184 883 3393 923 arsura:
3427 885 3550 940 qua:
3579 871 3690 927 sub
3723 887 3845 927 mo-

2146 952 2241 1006 dio
2291 955 2559 1023 ponenda
2598 969 2710 1009 non
2747 958 2888 1019 erat,
2923 954 3339 1011 candelabrum
3385 958 3606 1014 ferebat
3637 959 3845 1028 (Matth.

2143 1058 2195 1096 v.
2232 1043 2339 1113 15).
2374 1043 2644 1114 Bajulans
2674 1060 2804 1114 ergo
2852 1043 2959 1097 sibi
3012 1059 3245 1111 crucem,
3291 1045 3427 1101 exiit
3478 1048 3538 1101 in
3578 1063 3705 1102 eum
3752 1048 3849 1119 qui

2144 1130 2354 1186 dicitur
2405 1132 2680 1189 Calrrariee
2733 1132 2931 1201 locum,
2965 1132 3215 1188 hebraice
3256 1133 3520 1205 Golgotha
3548 1152 3570 1193 .°
3599 1136 3696 1191 ubi
3723 1152 3848 1191 eum

2145 1221 2573 1290 cruci/iurant;
2600 1227 2653 1277 et
2682 1238 2805 1276 cum
2836 1238 2895 1277 eo
2925 1222 3061 1277 alios
3092 1223 3222 1277 duos
3266 1222 3394 1277 hinc
3442 1231 3497 1278 et
3546 1226 3695 1289 hinc,
3730 1241 3849 1281 me-

2146 1312 2295 1365 dium
2325 1319 2511 1367 autem
2538 1314 2737 1368 Jesum.
2760 1312 2859 1366 Isti
2892 1311 3006 1366 duo
3039 1311 3296 1368 latrones
3327 1319 3508 1383 erant,
3533 1314 3681 1371 sicut
3716 1315 3851 1372 alio-

2148 1417 2273 1457 rum
2306 1401 2793 1473 evangelistarum
2827 1402 3153 1457 narratione
3183 1401 3519 1471 didicimus,
3553 1420 3684 1459 cum
3716 1404 3849 1476 qui-

2148 1492 2255 1547 bus
2304 1492 2616 1547 cruciﬁxus
2648 1495 2705 1546 et
2735 1491 2884 1545 inter
2923 1506 3069 1561 quos
3118 1490 3267 1545 fixus
3314 1496 3401 1545 est
3446 1492 3714 1548 Christus
3744 1493 3845 1563 (Id.

2146 1597 2321 1647 xxvu,
2353 1582 2443 1648 38,
2482 1584 2658 1635 Marc.
2700 1596 2794 1646 xv,
2838 1579 2930 1649 27,
2979 1582 3027 1635 et
3072 1580 3198 1634 Luc.
3242 1596 3403 1648 xxiii,
3448 1580 3540 1652 33)
3573 1598 3586 1637 :
3622 1581 3694 1636 de
3736 1598 3847 1651 quo

2148 1671 2442 1742 praemissa
2468 1670 2685 1724 dixerat
2717 1667 3042 1740 prophetia,
3076 1669 3138 1723 Et
3170 1668 3316 1723 inter
3353 1668 3573 1740 iniquos
3611 1671 3851 1741 deputa-

2146 1765 2234 1815 tus
2263 1769 2342 1815 est
2369 1760 2519 1831 (lsai.
2555 1775 2675 1825 LIII,
2710 1758 2821 1828 12).

2220 1850 2270 1904 4.
2307 1850 2608 1919 «Scripsit
2652 1856 2847 1903 autem
2899 1851 2956 1903 et
3005 1847 3243 1903 titulum
3293 1848 3533 1916 Pilatus,
3567 1857 3621 1905 et
3658 1848 3850 1919 posuit

2149 1956 2323 2012 super
2354 1954 2583 1995 crucem
2620 1954 2634 1993 :
2667 1943 2790 1994 erat
2821 1941 3012 1992 autem
3056 1937 3369 2009 scriptum,
3397 1937 3569 1994 Jesus
3599 1937 3850 1994 Nazare—

2150 2048 2261 2086 nus
2284 2030 2400 2085 Rex
2421 2030 2777 2085 Judaeorum.
2794 2027 2959 2084 Hunc
2976 2044 3112 2100 ergo
3134 2028 3369 2084 titulum
3398 2026 3560 2083 multi
3584 2027 3850 2102 legerunt

2143 2120 2501 2184 Judteorum,
2526 2118 2664 2189 quia
2698 2133 2873 2189 prope
2896 2116 3184 2172 civitatem
3207 2123 3325 2173 erat
3352 2118 3512 2173 locus
3543 2116 3640 2172 ubi
3662 2115 3850 2173 cruci-

2148 2209 2297 2265 fixus
2330 2216 2413 2264 est
2444 2212 2637 2263 Jesus.
2672 2207 2742 2262 Et
2771 2211 2895 2262 erat
2925 2205 3205 2276 scriptum
3257 2206 3546 2267 hebraice,
3578 2219 3763 2276 grmce
3793 2208 3853 2260 et

2145 2299 2322 2355 latine
2357 2316 2369 2355 :
2404 2299 2520 2353 Rex
2549 2298 2905 2353 Iudaeorum.
2937 2317 2965 2347 »
3000 2295 3097 2351 Ha:
3130 2296 3349 2368 quippe
3380 2301 3496 2351 tres
3530 2294 3740 2366 linguis
3770 2292 3852 2348 ibi

2148 2406 2263 2461 prta
2291 2389 2507 2444 caeteris
2537 2385 3182 2453 eminebantzhebrea,
3224 2389 3458 2456 propter
3502 2384 3739 2455 Judzeos
3789 2382 3849 2439 in

2148 2477 2249 2533 Dei
2275 2482 2415 2548 Lege
2437 2476 2785 2548 gloriantes;
2820 2490 3025 2545 graeca,
3060 2477 3297 2546 propter
3326 2473 3591 2529 Gentium
3625 2470 3854 2543 sapien-

2154 2570 2273 2632 tes;
2299 2565 2498 2631 latina,
2524 2568 2759 2636 prepter
2781 2562 3075 2618 Romanos
3096 2560 3295 2616 multis
3318 2576 3383 2615 ac
3409 2575 3553 2631 pene
3576 2561 3852 2616 omnibus

2146 2655 2269 2725 jam
2300 2659 2440 2709 tunc
2470 2652 2740 2724 gentibus
2772 2651 3148 2721 imperantes.

2221 2745 2276 2799 5.
2310 2742 2570 2799 Dicebant
2597 2758 2722 2812 ergo
2770 2740 2953 2795 Pilato
2996 2738 3285 2812 pontiﬁces
3328 2738 3651 2796 Iudaeorum
3680 2754 3702 2797 :
3731 2737 3855 2794 Noli

2149 2835 2408 2900 scribere,
2440 2835 2554 2889 lica:
2597 2831 2940 2892 Judzorum;
2976 2829 3068 2885 sed
3092 2831 3224 2901 quia
3253 2830 3362 2901 ipse
3390 2828 3557 2900 dixit,
3590 2832 3706 2885 Rea:
3729 2843 3856 2884 sum

2148 2924 2485 2982 Judaeorum.
2538 2922 2835 2992 Respondit
2879 2920 3143 2976 Pilatus:
3190 2920 3343 2989 Quod
3386 2920 3613 2995 scripsi,
3638 2917 3854 2990 scripsi.

2151 3018 2196 3071 Ο
2227 3012 2579 3069 ineffabilem
2612 3012 2727 3065 vim
2760 3010 2966 3065 divinas
2998 3010 3380 3082 operationis,
3413 3010 3589 3065 etiam
3626 3009 3687 3065 in
3728 3024 3859 3065 cor—-

2153 3104 2326 3159 dibus
2358 3099 2753 3172 ignorantium
2780 3098 2794 3154 l
2828 3098 3027 3154 Nonne
3058 3098 3285 3155 occulta
3315 3115 3419 3155 vox
3451 3100 3707 3170 quaedam
3752 3098 3856 3153 Pi-

2152 3191 2271 3248 lato
2312 3191 2468 3245 intus
2517 3190 2792 3260 quodam,
2824 3186 2874 3243 si
2905 3186 3017 3241 dici
3069 3193 3282 3259 potest,
3317 3188 3572 3244 clamoso
3621 3188 3858 3245 silentio

2152 3281 2523 3356 personabat,
2573 3278 2727 3350 quod
2779 3280 2939 3333 tanto
2992 3280 3124 3331 ante
3155 3276 3214 3330 in
3246 3275 3607 3331 Psalmorum
3653 3277 3857 3334 litteris

2152 3370 2564 3445 prephetatum
2612 3370 2722 3437 est,
2762 3365 2837 3421 Ne
2883 3380 3202 3435 corrumpas
3250 3365 3398 3419 tituli
3446 3367 3857 3437 inscriptionem

2152 3462 2274 3535 (Tit.
2308 3460 2457 3516 Psal.
2500 3474 2611 3527 LVI,
2649 3455 2825 3527 Lvn)?
2857 3455 2999 3511 Ecce
3049 3454 3201 3509 tituli
3254 3453 3693 3525 inscriptionem
3741 3470 3857 3510 non

2153 3550 2503 3621 corrumpit;
2529 3548 2681 3619 quod
2718 3546 2970 3618 scripsit,
2995 3544 3246 3616 scripsit.
3270 3543 3383 3599 Sed
3423 3544 3590 3599 etiam
3624 3543 3858 3615 pontiﬁ-

2154 3658 2248 3697 ces
2278 3640 2378 3711 qui
2410 3639 2519 3695 hoc
2550 3636 2846 3707 corrumpi
2878 3634 3166 3701 volebant,
3191 3634 3331 3705 quid
3365 3633 3680 3689 dicebant?
3706 3632 3857 3689 Noli-

2138 3714 2405 3798 Vscribere,
2428 3728 2725 3800 inquiunt,
2750 3726 2861 3781 Rea:
2888 3725 3253 3785 Judzorum;
3283 3722 3373 3779 sed
3394 3721 3525 3794 quia
3556 3725 3670 3794 ipse
3691 3720 3857 3789 dixit,

2152 3822 2264 3875 Rea:
2308 3833 2427 3873 sum
2474 3816 2805 3872 Iudaeorum.
2841 3812 2989 3880 Quid
3038 3810 3374 3883 loquimini,
3418 3809 3659 3867 insani?
3709 3810 3858 3877 Quid

2153 3908 2275 3964 ﬁeri
2298 3904 2719 3974 contradicitis,
2743 3902 2900 3976 quod
2934 3907 3158 3959 mutare
3192 3900 3349 3957 nullo
3381 3906 3547 3974 pacto
3579 3900 3859 3973 potestis?

2148 3998 2445 4069 Numquid
2476 3998 2631 4052 enim
2668 4000 2973 4066 prOpterea
3005 4009 3117 4048 non
3149 3993 3260 4048 erit
3288 4008 3511 4061 verum,
3535 3991 3670 4062 quia
3695 3990 3862 4047 Jesus

2148 4086 2248 4154 ait,
2271 4086 2383 4142 Rex
2410 4101 2534 4140 sum
2561 4082 2883 4139 Iudaeorum
2901 4083 2930 4135 ?
2960 4083 3016 4136 Si
3040 4079 3333 4152 corrumpi
3358 4097 3471 4137 non
3500 4084 3687 4151 potest
3708 4079 3859 4152 quod

2154 4175 2377 4232 Pilatus
2408 4174 2664 4246 scripsit,
2698 4172 2993 4243 corrumpi
3030 4175 3222 4242 potest
3252 4171 3401 4241 quod
3433 4170 3645 4224 veritas
3673 4168 3862 4224 dixit?

2151 4266 2259 4320 Sed
2279 4264 2610 4320 Judreorum
2632 4271 2858 4317 tantum
2881 4276 2979 4316 rex
2995 4270 3080 4315 est
3097 4260 3175 4314 Ch
3189 4258 3464 4327 ristus,an
3480 4256 3821 4312 etGentium
3834 4256 3862 4310 εἰ

2152 4355 2274 4411 Imo
2314 4361 2373 4411 et
2403 4353 2699 4410 Gentium.
2732 4353 2875 4408 Cum
2924 4349 3079 4405 enim
3130 4348 3373 4403 dixisset
3421 4347 3480 4402 in
3532 4346 3861 4418 prophetia,

2153 4448 2258 4516 Ego
2289 4451 2473 4501 autem
2502 4444 2829 4499 constitutus
2872 4456 2995 4495 sum
3025 4454 3126 4493 rex
3154 4438 3223 4492 ab
3253 4452 3314 4491 eo
3342 4450 3509 4507 super
3538 4435 3670 4490 Sion
3700 4449 3860 4490 mon-

2154 4543 2259 4590 tem
2306 4538 2553 4589 sanclum
2600 4533 2737 4601 ejus,
2783 4529 3087 4599 pradicans
3130 4536 3470 4598 praceptum
3501 4524 3759 4588 Domini;
3790 4540 3860 4580 ne

2156 4629 2391 4694 pr0pter
2424 4626 2679 4677 montem
2716 4619 2853 4673 Sion
2886 4617 3026 4673 solis
3056 4616 3277 4671 Judaeis
3307 4632 3438 4671 eum
3473 4631 3666 4687 regem
3700 4616 3862 4687 quis-

2156 4729 2328 4783 quam
2365 4710 2581 4765 diceret
2614 4708 3028 4773 constitutnm,
3062 4705 3338 4762 continuo
3384 4705 3650 4776 subjecit,
3682 4706 3865 4762 Domi-

2155 4819 2261 4856 nus
2282 4800 2427 4856 dixit
2456 4800 2526 4855 ad
2557 4814 2663 4868 me,
2695 4798 2871 4853 Filius
2900 4813 3047 4853 meus
3079 4812 3133 4853 es
3160 4802 3245 4864 tu,
3276 4811 3370 4867 ego
3397 4795 3554 4852 hodie
3581 4798 3747 4867 genui
3773 4800 3864 4853 te:

2156 4892 2377 4961 pustula
2402 4908 2439 4946 a
2470 4906 2575 4957 me,
2606 4894 2657 4944 et
2692 4888 2826 4944 dabo
2859 4885 2964 4943 tibi
2990 4893 3175 4957 gentes
3204 4885 3587 4943 haereditatem
3617 4892 3790 4954 tuam,
3810 4892 3866 4942 et

2154 4979 2545 5054 possessionem
2575 4984 2738 5035 luam
2771 4976 3033 5034 terminos
3066 4984 3232 5034 terra:
3259 4975 3430 5047 (Psal.
3466 4992 3526 5043 ir,
3560 4975 3669 5029 6-8.
3701 4973 3865 5030 Unde

2158 5078 2217 5129 et
2246 5072 2371 5144 ipse
2392 5072 2516 5143 jam
2552 5086 2652 5141 per
2677 5086 2739 5125 os
2770 5068 3070 5141 proprium
3120 5068 3360 5137 loquens
3400 5065 3555 5137 apud
3584 5064 3814 5120 Judaeos
3849 5080 3865 5121 :

2160 5163 2362 5231 Habeo,
2396 5159 2605 5231 inquit,
2636 5158 2781 5215 alias
2819 5174 2939 5213 oves
2978 5171 3103 5229 quae
3148 5170 3255 5212 non
3304 5158 3431 5209 sunt
3460 5156 3529 5209 de
3558 5153 3656 5209 hoc
3684 5155 3819 5210 ovili
3845 5171 3865 5210 :

2154 5257 2368 5325 Oportet
2400 5267 2486 5307 me
2513 5261 2564 5306 et
2596 5252 2741 5322 ipsas
2771 5250 3061 5315 adducere,
3093 5257 3143 5303 et
3180 5262 3364 5302 vocem
3403 5262 3582 5301 meam
3610 5248 3863 5317 audient,

2152 5352 2204 5399 et
2234 5346 2340 5399 erit
2371 5358 2515 5396 unus
2545 5357 2681 5409 grex
2712 5347 2763 5395 et
2795 5356 2935 5394 unus
2964 5342 3147 5410 pastor
3176 5336 3357 5407 (Joan.
3381 5353 3436 5404 x,
3462 5338 3566 5409 16).
3596 5341 3706 5393 Cur
3730 5354 3866 5412 ergo

2157 5448 2435 5503 magnum
2457 5431 2722 5485 volumus
2751 5428 3001 5499 intelligi
3026 5428 3081 5481 in
3108 5427 3216 5482 hoc
3240 5426 3410 5483 titulo
3433 5434 3865 5487 sacramentum

2156 5524 2216 5579 in
2241 5540 2353 5596 quo
2376 5521 2661 5593 scriptum
2693 5525 2840 5589 erat,
2864 5522 2982 5575 Rea:
3008 5517 3350 5591 Iudaeorum,
3372 5520 3423 5576 si
3454 5536 3553 5577 rex
3583 5526 3672 5579 est
3700 5522 3868 5579 Chri-

2154 5617 2280 5670 stus
2311 5617 2368 5673 et
2392 5609 2705 5671 Gentium?
2728 5609 2872 5675 Quia
2899 5608 3125 5669 scilicet
3145 5608 3394 5669 oleaster
3415 5610 3605 5671 factus
3626 5616 3714 5670 est
3732 5630 3867 5686 par-
