4182 6198
340 234 495 298 164⁸1

336 366 524 440 ticeps
565 364 931 440 pinguedinis
957 363 1115 429 oleae,
1144 376 1263 416 non
1293 360 1419 417 olea
1444 361 1733 431 particeps
1766 358 1916 413 facta
1951 361 2040 412 est

341 460 752 513 amaritudinis
782 454 1020 513 oleastri
1052 452 1226 526 (Rom.
1259 468 1340 517 χι,
1375 451 1483 521 17).
1517 450 1661 505 Nam
1700 450 1754 503 in
1786 465 1851 504 eo
1886 448 2037 516 quod

340 547 413 602 de
443 546 666 602 Christo
693 543 969 602 veraciter
1008 541 1260 612 scriptus
1292 544 1378 594 cst
1411 540 1632 607 titulus,
1668 539 1779 593 Res:
1824 538 2041 591 Judazo-

341 652 484 690 rum.
518 635 615 707 qui
649 645 780 691 sunt
802 631 1161 703 intelligendi
1183 630 1388 696 Judaei,
1412 629 1524 683 nisi
1550 644 1747 683 semen
1773 626 2037 687 Abrahae,

343 726 446 783 ﬁlii
478 727 903 798 promissionis,
937 724 1035 795 qui
1070 727 1208 778 sunt
1236 723 1411 775 etiam
1447 720 1549 774 ﬁlii
1582 719 1728 774 Dei?
1758 717 2040 783 Quoniam

339 832 453 871 non
475 816 698 888 quiﬁlii
720 815 919 879 carnis,
957 812 1036 867 ait
1066 810 1406 883 Apostolus,
1430 809 1493 864 hi
1520 807 1633 877 ﬁlii
1665 807 1798 868 Dei;
1829 806 1919 861 sed
1950 808 2044 876 qui

342 906 450 976 ﬁlii
477 906 882 977 promissionis,
915 903 1253 973 deputantur
1282 904 1340 954 in
1370 901 1578 955 semine
1607 899 1708 969 (Id.
1742 912 1818 965 1x,
1859 900 1914 963 7,
1966 896 2039 965 8).

345 996 411 1049 Et
439 996 648 1051 Gentes
680 1001 842 1049 erant
874 993 1083 1064 quibus
1110 991 1357 1059 dicebat,
1392 990 1452 1044 Si
1481 998 1664 1044 autem
1699 1003 1784 1043 vos
1814 985 2043 1050 Christi,

341 1098 467 1151 ergo
498 1082 723 1138 Abrahae
752 1096 934 1137 semen
964 1082 1112 1145 estis,
1144 1080 1438 1135 secundum
1477 1078 1883 1149 promissionem
1935 1074 2048 1131 hie-

341 1172 493 1227 redes
539 1170 742 1242 (Galat.
778 1186 856 1239 ιιι,
905 1171 1018 1242 29).
1063 1170 1179 1225 Rex
1211 1185 1344 1239 ergo
1384 1168 1719 1223 Judeeorum
1761 1164 2045 1231 Christus,

342 1262 446 1317 sed
477 1261 809 1317 Judaeorum
838 1260 1282 1316 circumcisione
1312 1257 1520 1319 cordis,
1549 1256 1780 1327 spiritu,
1812 1271 1925 1309 non
1953 1255 2045 1308 lit-

345 1354 508 1415 tera;
542 1368 790 1423 quorum
831 1350 954 1405 laus
1001 1366 1115 1404 non
1165 1365 1232 1403 ex
1276 1347 1638 1413 hominibus,
1672 1346 1769 1400 sed
1818 1360 1885 1398 ex
1937 1349 2047 1397 Deo

347 1449 432 1497 est
462 1443 637 1511 (Rom.
670 1456 730 1508 ιι,
752 1440 879 1511 29);
906 1439 1319 1511 pertinentium
1353 1438 1423 1492 ad
1459 1436 1782 1492 Jerusalem
1808 1434 2047 1489 liberam

350 1536 597 1585 matrem
642 1533 899 1585 nostram
935 1534 1207 1583 aeternam
1240 1527 1298 1582 in
1330 1526 1513 1593 caelis,
1546 1530 1741 1580 Saram
1774 1525 2049 1595 spiritua-

353 1621 487 1689 lem,
521 1619 794 1675 ancillam
826 1623 884 1674 et
932 1618 1084 1673 ﬁlios
1126 1618 1254 1687 ejus
1290 1620 1305 1652 ¹
1339 1617 1410 1671 de
1441 1617 1612 1671 domo
1641 1614 1924 1670 libertatis
1955 1614 2053 1684 eji-

351 1709 596 1766 cientem
647 1708 848 1781 (Galat.
900 1724 973 1775 ιν,
1023 1707 1238 1778 22-31).
1281 1708 1409 1761 Ideo
1451 1706 1603 1761 enim
1648 1704 1865 1759 Pilatus
1897 1704 2050 1775 quod

351 1799 607 1871 scripsit,
643 1798 917 1869 scripsit;
952 1799 1085 1869 quia
1116 1796 1394 1853 Dominus
1426 1796 1580 1867 quod
1614 1795 1778 1861 dixit,
1820 1793 1980 1849 dixit.

865 1925 1286 1982 TRACTATUS
1324 1924 1568 1980 CXVIII.

355 2037 417 2093 1n
467 2036 583 2093 haec
629 2038 819 2105 verba,
854 2035 1063 2091 Milites
1105 2051 1241 2106 ergo
1274 2050 1407 2089 cum
1440 2032 1869 2089 cruciﬁxissent
1898 2047 2054 2099 eum,

429 2133 773 2198 acceperunt
821 2126 1160 2182 vestimenta
1218 2126 1365 2197 ejus,
1416 2128 1515 2179 etc.
1578 2124 1706 2195 Cap.
1758 2139 1873 2190 xix,
1925 2120 1957 2193 ᾗ
2003 2122 2053 2191 ᾖ.

431 2217 522 2286 23,
552 2216 643 2273 24.

430 2346 484 2403 1.
515 2345 597 2400 Ea
642 2360 766 2416 quae
815 2347 976 2415 gesta
1006 2346 1146 2400 sunt
1172 2345 1337 2414 juxta
1368 2358 1597 2399 crucem
1645 2342 1894 2409 Domini,
1927 2356 2059 2396 cum

352 2436 479 2507 jam
524 2435 833 2490 cruciﬁxus
882 2438 1055 2500 esset,
1108 2434 1240 2501 isto,
1293 2438 1576 2504 quantum
1624 2432 1882 2503 adjuvat,
1944 2448 2060 2487 ser-

360 2540 532 2580 mone
580 2528 917 2578 tractemus.
953 2544 982 2572 ‹‹
1018 2522 1229 2577 Milites
1278 2538 1410 2591 ergo
1455 2538 1587 2576 cum
1640 2521 2063 2577 cruciﬁxissent

356 2629 512 2682 eum,
546 2618 894 2683 acceperunt
946 2611 1290 2666 vestimenta
1339 2610 1488 2679 ejus,
1521 2614 1576 2665 et
1620 2610 1880 2666 fecerunt
1918 2627 2062 2680 qua-

354 2702 509 2757 tuor
536 2705 730 2772 partes
762 2717 778 2771 ;
810 2700 1124 2771 unicuique
1175 2697 1343 2753 militi
1395 2702 1643 2769 partem,
1682 2704 1738 2755 et
1781 2700 2057 2755 tunicam.

354 2791 486 2846 Erat
518 2796 712 2845 autem
748 2790 946 2844 tunica
977 2788 1361 2854 inconsutilis,
1393 2788 1642 2859 desuper
1668 2793 1933 2845 contexta
1965 2806 2065 2859 per

356 2885 549 2937 totum
586 2880 899 2936 :dixerunt
945 2895 1078 2950 ergo
1130 2880 1199 2935 ad
1244 2879 1514 2947 invicem,
1547 2879 1672 2935 Non
1723 2880 2065 2936 scindamus

360 2986 512 3037 eam,
539 2969 635 3024 sed
663 2968 979 3024 sortiamur
1002 2967 1071 3022 de
1094 2966 1193 3021 illa
1215 2968 1381 3039 cujus
1414 2968 1506 3023 sit.
1530 2967 1602 3023 Ut
1630 2969 1924 3040 Scriptura
1954 2968 2063 3023 im-

363 3058 623 3131 pleretur
652 3058 868 3122 dicens,
903 3057 1110 3112 Partiti
1143 3062 1279 3113 sunt
1307 3058 1653 3114 vestimenta
1684 3076 1812 3114 mea
1844 3057 1976 3125 sibi,
2012 3063 2067 3115 et

358 3147 419 3203 in
441 3151 665 3202 vestem
700 3163 883 3201 meam
921 3146 1199 3200 miserunt
1224 3151 1457 3201 sortem.
1486 3167 1512 3195 >›
1540 3146 1777 3201 Factum
1804 3151 1888 3201 est
1910 3146 2061 3216 quod

359 3236 671 3293 voluerunt
700 3234 885 3291 Judaei
914 3252 926 3290 :
963 3252 1076 3291 non
1110 3234 1243 3307 ipsi,
1277 3236 1377 3291 sed
1410 3236 1625 3291 milites
1656 3237 1753 3307 qui
1788 3235 2068 3308 parebant

357 3326 564 3390 Pilato,
593 3323 888 3395 judicante
941 3324 1087 3394 ipso,
1124 3326 1536 3381 cruciﬁxerunt
1584 3324 1824 3393 Jesum;
1872 3329 1926 3378 ct
1976 3328 2065 3378 ta-

360 3431 497 3472 men
540 3416 590 3471 si
623 3415 971 3485 voluntates,
1008 3415 1052 3470 si
1102 3414 1368 3484 insidias,
1400 3416 1448 3470 si
1498 3431 1755 3487 operam,
1791 3414 1835 3469 si
1889 3415 2070 3469 tradi-

358 3506 601 3573 tionem,
637 3508 931 3577 postremo
983 3507 1030 3559 si
1081 3511 1492 3575 extorquentes
1542 3506 1821 3561 clamores
1868 3521 2067 3561 eorum

365 3597 710 3668 cogitemus,
738 3595 923 3666 magis
954 3595 1155 3665 utique
1185 3595 1367 3651 Judmi
1400 3595 1817 3651 cruciﬁxerunt
1843 3596 2069 3651 Jesum.

435 3690 491 3742 2.
523 3685 633 3741 Sed
675 3686 745 3740 de
782 3685 1091 3756 partitione
1141 3689 1199 3740 et
1243 3686 1542 3742 sortitione
1590 3686 2069 3743 vestimentorum

366 3778 491 3847 ejus
514 3792 628 3831 non
652 3780 737 3831 est
768 3781 1177 3848 praetereunter
1206 3775 1577 3846 loquendum.
1615 3777 1887 3841 Quamvis
1916 3779 2068 3833 enim

365 3882 568 3923 omnes
612 3866 991 3937 Evangelistae
1023 3871 1269 3937 quatuor
1318 3866 1495 3938 hujus
1545 3868 1623 3923 rei
1678 3868 2071 3935 meminerint,

368 3957 557 4015 ceteri
588 3963 783 4014 tamen
826 3958 1059 4013 brevius
1091 3974 1268 4028 quam
1308 3958 1563 4015 Joannes
1599 3975 1611 4014 :
1645 3966 1697 4015 et
1727 3961 1921 4017 clause
1968 3959 2072 4028 illi,

366 4048 483 4104 iste
516 4064 646 4104 vero
678 4047 1060 4119 apertissime.
1090 4047 1237 4104 Nam
1280 4048 1588 4104 Matthaeus
1629 4051 1708 4105 ait
1738 4068 1750 4107 :
1784 4053 2077 4124 Postquam

374 4142 556 4195 autem
593 4139 986 4209 eruetﬁxerunt
1035 4154 1180 4209 eum,
1211 4138 1519 4194 diviserunt
1566 4139 1890 4196 vestimenta
1936 4144 2076 4213 eius,

371 4237 569 4285 sortem
619 4230 900 4283 mittentes
947 4228 1151 4297 (Matth.
1185 4245 1361 4297 xxvn,
1392 4229 1503 4300 35).
1538 4234 1768 4285 Marcus
1801 4246 1814 4286 :
1849 4233 1913 4286 Et
1953 4249 2076 4287 eru-

372 4319 658 4391 ciﬁgentes
702 4335 848 4387 eum,
898 4317 1201 4374 diviserunt
1249 4321 1567 4376 vestimenta
1615 4321 1753 4392 ejus,
1800 4325 2079 4377 mittentes

375 4415 575 4465 sortem
606 4424 768 4481 super
797 4408 892 4475 eis,
927 4407 1047 4480 quis
1076 4409 1209 4480 quid
1238 4408 1456 4466 tolleret
1488 4409 1683 4482 (Mare.
1716 4428 1808 4479 xv,
1832 4412 1942 4481 24).
1969 4413 2079 4467 Lu-

376 4515 471 4553 cas
507 4514 521 4553 :
560 4498 873 4553 Dividentes
912 4515 1035 4553 vero
1067 4501 1383 4555 vestimenta
1421 4502 1560 4571 ejus,
1606 4502 1870 4557 miserunt
1916 4510 2083 4557 sortes

380 4588 531 4659 (Luc.
563 4605 725 4656 xxm,
757 4589 865 4659 34).
898 4589 1160 4644 Joannes
1193 4593 1381 4645 autem
1415 4595 1470 4646 et
1501 4596 1853 4663 quotpartes
1886 4593 1956 4648 de
1986 4609 2084 4648 ve-

381 4676 675 4733 stimentis
724 4678 850 4747 ejus
911 4679 1167 4749 fecerint,
1218 4680 1383 4746 dixit,
1434 4682 1491 4737 id
1542 4687 1650 4751 est,
1703 4692 1971 4755 quatuor,
2024 4686 2086 4739 ut

383 4764 646 4838 singulas
692 4765 981 4823 tollerent.
1012 4766 1177 4823 Unde
1221 4774 1457 4842 apparet
1488 4776 1738 4844 quatuor
1770 4773 1949 4829 fuisse
1978 4774 2083 4828 mi-

381 4859 515 4916 lites
548 4856 645 4930 qui
679 4854 738 4911 in
770 4871 835 4911 eo
863 4856 1253 4929 cruciﬁgendo
1286 4860 1513 4930 praesidi
1548 4867 1882 4933 paruerunt.
1909 4862 2086 4918 Mani-

380 4952 522 5009 l‘este
564 4946 777 5021 quippe
824 4945 928 5016 ait,
961 4945 1158 5003 Milites
1190 4964 1322 5023 ergo
1353 4967 1475 5006 eum
1507 4952 1912 5024 eruciﬁxissent
1943 4969 2086 5024 eum,

379 5043 707 5113 acceperunt
738 5039 1056 5095 vestimenta
1089 5040 1295 5111 ejus,et
1324 5043 1577 5112 fecerunt
1608 5046 1850 5114 quatuor
1879 5049 2087 5114 partes,

379 5134 677 5205 unicuique
706 5130 884 5187 militi
911 5134 1143 5199 vartem,
1184 5136 1237 5188 et
1286 5134 1571 5195 tunicam;
1619 5133 2089 5190 subaudiendum

383 5228 486 5290 est,
520 5226 866 5294 acceperunt
896 5237 912 5277 :
949 5230 1009 5278 ut
1059 5224 1168 5281 iste
1215 5222 1291 5279 sit
1341 5240 1571 5294 sensus,
1602 5225 1965 5295 Acceperunt
1997 5240 2093 5279 ve-

384 5315 656 5369 stime;.ta
685 5313 834 5383 ejus,
868 5318 926 5369 et
958 5314 1224 5372 fecerunt
1253 5324 1501 5388 quatuor
1534 5324 1740 5388 partes,
1776 5316 2095 5389 unicuique

390 5401 560 5458 militi
593 5407 851 5470 partem;
884 5412 1233 5479 acceperunt
1259 5412 1315 5463 et
1344 5408 1627 5464 tunicam.
1652 5407 1721 5463 Et
1750 5408 1831 5464 sic
1864 5407 2096 5465 locutus

388 5494 495 5560 est,
529 5493 595 5545 ut
624 5490 694 5544 de
732 5495 956 5549 caeteris
998 5497 1359 5555 vestimentis
1412 5500 1628 5555 nullam
1680 5506 1896 5557 sortem
1948 5499 2096 5557 mis-

485 5588 594 5641 iSic
624 5600 813 5641 omnes
840 5590 963 5643 Mes.
992 5594 1131 5645 Editi
1158 5610 1289 5647 vero
1316 5596 1541 5657 habent,
1572 5602 1623 5649 et
1648 5600 1824 5663 ﬁlium
1846 5600 1977 5665 eius.

1282 229 1356 288 IN
1400 228 1721 291 JOANNIS
1763 222 2299 297 EVANGELIUM,
2349 224 2413 284 S.
2459 224 2882 287 AUGUSTINI

3703 226 3852 286 1948

2148 372 2273 411 sam
2306 372 2433 412 esse
2464 357 2790 424 videamus;
2828 357 2927 412 sed
2962 357 3033 412 de
3066 357 3263 411 tunica
3294 373 3469 427 quam
3507 357 3689 412 simul
3727 375 3855 413 cum

2150 446 2373 502 caeteris
2432 452 2801 518 acceperunt,
2846 447 2945 502 sed
3008 463 3123 501 non
3183 445 3453 502 similiter
3508 447 3852 503 diviserunt.

2154 539 2227 590 De
2258 534 2366 591 hac
2397 535 2551 590 enim
2590 538 2855 607 sequitur
2886 552 3201 607 exponens,
3241 538 3376 589 Erat
3421 543 3613 591 autem
3668 540 3855 593 tunica

2150 626 2519 693 inconsutz’lis,
2543 627 2772 698 desuper
2801 634 3057 682 contexta
3087 644 3183 697 per
3213 635 3402 683 totum.
3431 628 3547 683 Cur
3571 633 3763 684 autem
3791 628 3855 684 de

2151 715 2249 770 illa
2281 722 2493 771 sortem
2529 717 2817 772 miserunt
2849 734 3089 771 narrans
3118 733 3131 771 :
3164 719 3434 773 Dixerunt
3465 735 3618 785 ergo,
3645 718 3852 789 inquit,

2151 804 2220 859 ad
2251 804 2501 871 invicem,
2536 810 2656 862 Non
2686 805 3000 861 seindamus
3030 824 3171 874 eam,
3198 808 3292 861 sed
3328 809 3634 862 sortiamur
3661 807 3727 861 de
3757 807 3853 861 illa

2152 896 2308 966 cujus
2329 899 2415 952 sit.
2441 899 2691 967 Apparet
2723 899 2917 967 itaque
2949 897 3005 951 in
3039 898 3170 953 aliis
3194 899 3453 954 vestibus
3484 898 3728 969 zequalcs
3759 914 3851 952 eos

2155 985 2427 1041 habuisse
2480 990 2688 1056 partes,
2743 991 2803 1041 ut
2847 987 3037 1041 sortiri
3091 1004 3329 1043 necesse
3379 1004 3491 1043 non
3546 989 3717 1042 fuerit
3754 1003 3767 1041 :
3799 987 3858 1041 in

2154 1076 2255 1131 illa
2277 1092 2405 1130 vero
2429 1092 2546 1131 una
2573 1093 2689 1131 non
2711 1093 2807 1131 eos
2833 1076 3043 1133 habere
3068 1077 3322 1149 potuisse
3345 1077 3610 1147 singulas
3646 1082 3859 1147 partes,

2156 1167 2266 1222 nisi
2302 1167 2681 1235 scinderetur,
2718 1176 2777 1224 ut
2808 1185 3032 1239 pannos
3066 1170 3194 1239 ejus
3226 1170 3511 1224 inutiliter
3544 1167 3860 1235 tollerent;

2158 1256 2312 1328 quod
2347 1274 2412 1311 ne
2442 1258 2715 1327 iacerent,
2748 1259 2816 1313 ad
2852 1275 3032 1313 unum
3067 1275 3193 1314 eam
3227 1260 3524 1331 pervenire
3555 1259 3863 1315 sortitione

2160 1347 2504 1402 maluerunt.
2559 1349 2746 1418 Hujus
2796 1348 3163 1421 evangelista:
3215 1351 3533 1405 narrationi
3574 1355 3861 1405 consonat

2158 1437 2337 1494 etiam
2370 1437 2773 1509 propheticum
2809 1439 3230 1507 testimonium,
3257 1439 3409 1510 quod
3445 1444 3501 1494 et
3530 1440 3651 1511 ipse
3683 1439 3870 1495 conti-

2161 1541 2273 1580 nuo
2325 1526 2711 1597 subjungens,
2748 1528 2808 1583 Ut
2838 1530 3135 1598 scriptura,
3166 1528 3377 1600 inquit,
3410 1528 3735 1600 impleretur
3782 1530 3869 1583 di-

2160 1630 2300 1682 cens,
2334 1615 2543 1670 Partiti
2570 1621 2697 1671 sunt
2728 1620 3052 1673 vestimenta
3086 1634 3207 1673 mea
3237 1617 3363 1683 sibi,
3392 1625 3443 1673 et
3474 1635 3640 1690 super
3672 1623 3873 1673 vestem

2161 1720 2339 1759 meam
2385 1704 2654 1760 miserunt
2703 1712 2922 1762 sortem.
2957 1705 3081 1762 Non
3131 1706 3310 1773 enim,
3341 1707 3438 1770 ait,
3481 1707 3711 1774 sortiti;
3744 1708 3874 1773 sed,

2160 1790 2362 1863 partiti
2391 1808 2410 1846 :
2444 1808 2549 1848 nec
2580 1793 2680 1860 ait,
2711 1796 3019 1849 sortientes
3052 1794 3251 1865 partiti
3278 1800 3443 1863 sunt;
3479 1795 3579 1850 sed
3614 1796 3671 1850 in
3707 1800 3876 1849 caste-

2165 1879 2245 1936 ris
2266 1881 2629 1938 vestimentis
2660 1888 2871 1939 sortem
2896 1884 3131 1939 omnino
3163 1901 3276 1940 non
3311 1886 3641 1954 nominans,
3668 1892 3876 1957 postea

2167 1970 2329 2037 dixit,
2360 1979 2409 2026 et
2442 1974 2499 2026 in
2533 1980 2731 2028 vestem
2759 1990 2931 2029 meam
2966 1973 3240 2030 miserunt
3271 1980 3491 2044 sortem,
3528 1985 3763 2048 propter
3816 1976 3882 2031 il-

2169 2058 2284 2115 lam
2320 2060 2603 2133 reliquam
2636 2063 2916 2119 tunicam.
2950 2064 3029 2120 De
3059 2081 3174 2137 qua
3212 2082 3272 2120 re
3313 2065 3505 2121 dicam
3547 2067 3706 2137 quod
3748 2067 3878 2138 ipse

2170 2153 2493 2219 donaverit,
2526 2170 2658 2208 cum
2694 2156 2856 2224 prius
2889 2172 3011 2210 eam
3062 2172 3185 2225 quae
3236 2155 3450 2210 oboriri
3500 2161 3710 2228 potest,
3746 2163 3884 2211 tan-

2171 2261 2345 2315 quam
2396 2244 2770 2316 Evangelistte
2820 2245 2973 2301 inter
3021 2261 3082 2301 se
3130 2245 3479 2317 discrepent,
3522 2246 3884 2303 calumniam

2172 2334 2608 2407 prepulsavero,
2642 2336 3050 2391 demonstrans
3080 2334 3301 2392 nullius
3333 2341 3669 2392 caeterorum
3704 2337 3885 2395 verba

2172 2422 2489 2479 narrationi
2521 2424 2763 2480 Joannis
2795 2442 2921 2481 esse
2954 2425 3263 2480 contraria.

2244 2515 2294 2569 3.
2326 2513 2631 2569 Matthteus
2681 2516 2832 2571 enim
2880 2515 3144 2584 dicendo,
3185 2515 3502 2571 Diviserunt
3549 2518 3889 2573 vestimenta

2173 2606 2313 2677 ejus,
2346 2613 2545 2662 sortem
2575 2608 2871 2674 mittentes,
2897 2608 2967 2663 ad
2995 2612 3171 2662 totam
3196 2606 3538 2663 divisionem
3562 2610 3891 2665 vestimen-

2173 2700 2358 2751 torum
2388 2696 2567 2752 voluit
2590 2696 2835 2769 intelligi
2860 2698 3030 2752 etiam
3058 2697 3315 2752 tunicam
3344 2698 3647 2769 pertinere,
3675 2699 3744 2754 de
3769 2716 3894 2770 qua

2174 2791 2391 2842 sortem
2443 2787 2763 2858 miserunt;
2816 2790 2955 2859 quia
3007 2788 3204 2860 utique
3249 2804 3451 2844 omnes
3502 2796 3688 2843 vestes
3737 2790 3897 2846 divi-

2176 2876 2384 2945 dendo,
2411 2876 2467 2930 in
2492 2877 2701 2947 quibus
2725 2883 2779 2932 et
2803 2877 2901 2932 illa
2928 2878 3053 2945 fuit,
3079 2878 3150 2933 de
3174 2877 3303 2949 ipsa
3334 2876 3523 2932 sortiti
3552 2883 3712 2935 sunt.
3746 2878 3898 2935 Tale

2174 2970 2263 3021 est
2290 2968 2462 3022 etiam
2494 2969 2648 3038 quod
2681 2967 2760 3022 ait
2794 2967 2995 3035 Lucas,
3032 2966 3343 3024 Dividentes
3388 2969 3707 3023 vestimenta
3745 2969 3895 3039 eius,

2176 3058 2447 3113 miserunt
2467 3064 2668 3113 sortes:
2684 3058 3005 3114 dividentes
3026 3059 3180 3114 enim
3197 3063 3479 3114 venerunt
3501 3058 3568 3114 ad
3597 3058 3895 3127 tunicam,

2177 3148 2247 3202 de
2280 3163 2392 3219 qua
2426 3148 2567 3204 facta
2601 3156 2685 3203 est
2716 3149 2961 3218 sortitio,
2997 3153 3060 3204 ut
3090 3148 3239 3205 inter
3269 3165 3365 3205 eos
3398 3148 3671 3204 universa
3701 3150 3894 3206 vesti-

2179 3242 2501 3293 mentorum
2529 3239 2655 3307 ejus
2680 3238 2884 3294 divisio
2900 3239 3307 3309 compleretur.
3325 3238 3469 3303 Quid
3488 3244 3680 3294 autem
3707 3239 3895 3295 inter-

2178 3330 2266 3382 est
2316 3332 2512 3382 utrum
2557 3329 2803 3396 dicatur,
2857 3328 3170 3384 Dividentes
3210 3328 3479 3383 miserunt
3506 3337 3695 3394 sortes,
3732 3334 3891 3402 quod

2180 3416 2261 3471 ait
2291 3419 2504 3486 Lucas;
2541 3436 2637 3484 an,
2670 3419 2999 3488 Diviserunt,
3032 3424 3235 3474 sortem
3276 3418 3571 3484 mittentes,
3607 3420 3760 3490 quod
3812 3421 3896 3475 ait

2181 3506 2486 3562 Mattlizeus
2514 3523 2525 3562 :
2552 3508 2661 3564 nisi
2697 3510 2847 3580 quod
2884 3510 3068 3565 Lucas
3102 3509 3346 3565 dicendo
3379 3517 3570 3577 sortes,
3597 3509 3893 3580 pluralem

2182 3611 2282 3666 pro
2314 3594 2593 3668 singulari
2626 3614 2867 3653 numero
2902 3599 3121 3669 posuit;
3158 3615 3284 3670 qua:
3321 3597 3536 3653 locutio
3566 3598 3892 3669 Scripturis

2182 3686 2401 3741 sanctis
2452 3686 2688 3743 insolita
2736 3706 2847 3744 non
2892 3692 2979 3745 est
3010 3708 3023 3741 :
3060 3689 3324 3761 quamvis
3355 3685 3621 3743 nonnulli
3654 3687 3892 3743 codices

2181 3784 2380 3832 sortem
2430 3779 2794 3850 reperiantur
2840 3778 3053 3834 habere
3086 3779 3185 3851 (a),
3236 3795 3353 3834 non
3396 3779 3613 3834 sortes?
3658 3778 3892 3835 Marcus

2184 3864 2376 3936 itaque
2408 3867 2568 3922 solus
2600 3870 2823 3925 videtur
2856 3868 3112 3940 aliquam
3163 3868 3430 3924 intulisse
3461 3867 3844 3939 quaestionem
3881 3886 3896 3926 :

2184 3954 2427 4011 dicendo
2459 3957 2639 4028 enim,
2666 3958 2945 4015 Mittentes
2997 3962 3196 4016 sortem
3244 3974 3413 4029 super
3451 3959 3549 4027 eis,
3602 3956 3724 4030 quis
3764 3957 3901 4029 quid

2185 4039 2421 4115 tolleret,
2472 4050 2750 4120 tanquam
2806 4066 2982 4121 super
3029 4050 3304 4105 omnibus
3353 4047 3738 4118 vestimentis,
3785 4064 3906 4105 non

2188 4152 2364 4210 super
2395 4136 2515 4192 sola
2546 4137 2743 4194 tunica
2774 4156 2899 4195 sors
2934 4140 3111 4196 missa
3138 4139 3235 4207 sit,
3260 4140 3492 4195 locutus
3514 4138 3763 4194 videtur.
3788 4138 3905 4193 Sed

2189 4227 2359 4284 etiam
2384 4226 2473 4283 hic
2494 4227 2744 4285 brevitas
2764 4228 3173 4286 obscuritatem
3199 4230 3336 4285 facit
3357 4246 3369 4285 :
3395 4228 3478 4285 sic
3501 4227 3657 4284 enim
3677 4227 3907 4285 dictum

2191 4321 2297 4385 est,
2329 4317 2598 4374 Mittentes
2635 4323 2833 4375 sortem
2876 4336 3038 4392 super
3082 4322 3179 4391 eis,
3212 4336 3277 4376 ac
3327 4319 3376 4375 si
3424 4319 3731 4383 diceretur,
3768 4317 3907 4374 Mit—

2190 4411 2381 4465 tentes
2414 4412 2629 4466 sortem
2663 4427 2797 4466 cum
2830 4410 3222 4466 dividerentur
3247 4426 3261 4465 :
3285 4410 3442 4481 quod
3467 4413 3521 4466 et
3545 4409 3760 4464 factum
3786 4412 3904 4463 est.

2193 4500 2466 4555 Omnium
2493 4500 2705 4573 quippe
2726 4501 3209 4558 vestimentorum
3233 4502 3361 4573 ejus
3384 4499 3593 4556 divisio
3612 4497 3907 4571 completa

2194 4606 2311 4646 non
2334 4594 2508 4662 esset,
2532 4590 2644 4647 nisi
2667 4595 2820 4648 sorte
2842 4590 3152 4648 claruisset
3172 4592 3305 4664 quis
3336 4593 3511 4647 etiam
3543 4588 3703 4645 illam
3735 4589 3905 4644 tuni-

2197 4696 2323 4735 cam
2356 4679 2603 4749 tolleret,
2637 4685 2699 4736 ut
2730 4681 2814 4737 sic
2849 4682 3143 4738 contentio
3177 4679 3567 4737 dividentium
3614 4679 3904 4745 ﬁniretur,

2195 4770 2283 4826 vel
2316 4770 2479 4826 nulla
2522 4772 2716 4843 potius
2748 4772 3015 4829 oriretur.
3050 4773 3212 4840 Quod
3269 4788 3403 4844 ergo
3455 4771 3554 4839 ait,
3590 4771 3719 4839 Quis
3770 4770 3909 4841 quid

2199 4859 2434 4926 tolleret,
2470 4860 2943 4932 quandoquidem
2987 4862 3095 4918 hoc
3128 4861 3270 4917 sorti
3304 4862 3642 4934 deputatur,
3677 4874 3793 4914 non
3837 4856 3909 4913 ad

2199 4952 2396 5007 omnia
2428 4967 2554 5021 qua:
2588 4951 2769 5006 divisa
2803 4962 2938 5008 sunt
2968 4953 3317 5009 vestimenta
3366 4950 3732 5007 referendum
3773 4953 3903 5015 est;

2200 5058 2324 5098 sors
2355 5041 2511 5097 enim
2546 5041 2718 5097 missa
2749 5046 2857 5111 est,
2884 5044 3017 5114 quis
3045 5043 3205 5099 illam
3240 5041 3495 5098 tunicam
3529 5040 3757 5096 tolleret
3788 5055 3802 5094 :
3838 5038 3910 5092 de

2199 5150 2315 5205 qua
2347 5132 2623 5205 quoniam
2674 5151 2908 5192 narrare
2959 5135 3325 5207 praetermisit
3375 5132 3566 5205 qualis
3617 5129 3810 5198 fuerit,
3853 5130 3911 5182 et

2202 5223 2695 5294 quemadmodum
2714 5223 3039 5296 aequalibus
3065 5224 3232 5281 factis
3256 5224 3518 5296 partibus
3544 5219 3669 5278 sola
3690 5232 3910 5275 reman-

2202 5313 2361 5383 serit,
2414 5331 2540 5386 qua:
2602 5331 2673 5371 ne
2732 5315 3228 5383 conscinderetur,
3278 5314 3499 5372 veniret
3547 5316 3602 5368 in
3655 5315 3907 5373 sortem;

2204 5408 2508 5477 propterea
2555 5407 2813 5477 positum
2857 5410 2944 5463 est
2984 5406 3137 5479 quod
3186 5406 3285 5476 ait,
3319 5407 3447 5476 Quis
3491 5402 3619 5477 quid
3668 5399 3907 5465 tolleret,

2202 5495 2262 5551 id
2295 5501 2402 5566 est,
2430 5497 2559 5570 quis
2588 5514 2716 5555 eam
2748 5497 2972 5556 tolleret
2999 5515 3013 5557 :
3041 5504 3324 5571 tanquam
3357 5497 3407 5555 si
3434 5498 3620 5554 totum
3653 5492 3728 5550 ita
3757 5490 3909 5549 dice-

2265 5593 2340 5661 (a)
2374 5593 2459 5645 Sic
2493 5593 2652 5647 hodie
2685 5596 2740 5647 in
2769 5611 2962 5661 greco;
2992 5597 3184 5651 cleron.
