4182 6198
300 281 466 343 1949

300 421 486 481 retur,
522 415 847 473 Diviseruut
876 414 1223 471 vestimenta
1266 415 1415 486 ejus,
1450 417 1750 472 mittentes
1796 419 2012 471 sortem

296 522 482 577 super
510 508 616 574 eis,
651 508 781 580 quis
811 507 1061 562 tunicam
1098 524 1224 578 quae
1258 507 1524 579 partibus
1556 508 1877 580 aequalibus
1908 524 2012 563 su-

297 597 613 666 perfuerat,
646 597 893 653 tolleret.

370 688 421 744 4.
449 691 679 756 Quaerat
702 690 844 745 forte
870 688 1109 761 aliquis,
1141 689 1277 761 quid
1312 690 1601 762 signiﬁcet
1623 692 1680 747 in
1707 695 1787 747 tot
1818 693 2012 762 partes

295 779 781 835 vestimentorum
817 780 964 835 facta
988 779 1217 847 divisio,
1243 785 1298 834 et
1320 783 1386 835 de
1412 782 1607 835 tunica
1638 779 1735 835 illa
1765 781 2011 836 sortitio.

295 868 739 940 Quadripertita
771 869 951 924 vestis
979 868 1209 925 Domini
1240 871 1374 924 Jesu
1407 869 1644 937 Christi,
1668 869 2013 941 quadripar-

293 960 465 1016 titam
502 960 773 1031 ﬁguravit
802 961 929 1029 ejus
962 958 1302 1027 Ecclesiam,
1326 964 1446 1016 toto
1480 960 1719 1026 scilicet,
1743 960 1841 1030 qui
1876 975 2012 1030 qua-

298 1054 437 1105 tuor
487 1049 752 1121 partibus
801 1054 1053 1118 constat,
1106 1058 1388 1105 terrarum
1439 1050 1573 1106 orbe
1623 1050 1919 1115 dilfusam,
1955 1053 2012 1104 et

297 1140 576 1195 omnibus
597 1140 820 1195 eisdem
844 1140 1110 1210 partibus
1132 1140 1453 1211 aequaliter,
1470 1141 1524 1194 id
1544 1145 1633 1196 est
1654 1138 2013 1196 concorditer

295 1230 696 1286 distributam.
716 1228 956 1300 Propter
975 1230 1129 1300 quod
1162 1229 1298 1285 alibi
1323 1230 1462 1285 dicit
1482 1230 1801 1286 missurum
1817 1246 1875 1285 se
1895 1229 2010 1284 An-

294 1322 461 1390 gelos
492 1337 652 1391 suos,
684 1325 748 1376 ut
776 1320 1053 1393 colligant
1083 1320 1297 1378 electos
1326 1323 1451 1391 ejus
1483 1340 1516 1378 a
1546 1327 1798 1395 quatuor
1822 1319 2010 1377 ventis

294 1411 519 1480 (Hatth.
552 1426 702 1477 xxxv,
735 1411 825 1483 3t)
859 1426 872 1465 :
907 1412 1059 1483 quod
1096 1411 1237 1483 quid
1270 1416 1375 1479 est,
1412 1412 1519 1467 nisi
1552 1430 1585 1468 a
1616 1416 1863 1485 quatuor
1888 1427 2013 1483 par-

296 1501 458 1557 tibus
502 1500 727 1567 mundi,
772 1502 1025 1571 Oriente,
1075 1501 1404 1571 Occidente,
1446 1503 1729 1574 Aquilone
1777 1506 1834 1557 et
1890 1506 2010 1557 Me-

297 1589 725 1647 ridie?Tunica
741 1606 871 1647 vero
889 1589 989 1646 illa
1008 1591 1231 1659 sortita,
1256 1592 1517 1647 omnium
1548 1592 1797 1661 partium
1831 1589 2014 1663 signi-

297 1682 434 1738 ﬁcat
467 1681 774 1747 unitatem,
805 1697 932 1753 quae
955 1680 1252 1736 charitatis
1282 1682 1514 1738 vinculo
1546 1682 1898 1738 continetur.
1933 1681 2012 1737 De

296 1773 582 1828 charitate
617 1776 814 1827 autem
866 1770 1168 1826 locuturus
1217 1773 1554 1841 Apostolus,
1589 1771 2010 1843 Supereminen-

294 1866 420 1924 tem,
457 1860 673 1934 inquit,
704 1861 848 1917 viam
877 1863 1024 1916 vobis
1064 1860 1371 1917 demonstro
1401 1862 1449 1931 (ι
1494 1863 1619 1917 Cor.
1652 1878 1749 1932 xu,
1782 1862 1871 1932 31)
1909 1877 1922 1915 :
1956 1864 2011 1916 et

298 1952 413 2009 alio
435 1953 562 2010 loco
584 1952 686 2020 ait,
710 1953 1037 2022 Cognoscere
1057 1952 1224 2009 etiam
1246 1954 1743 2024 supereminentem
1765 1952 2012 2009 scientiae

296 2042 631 2100 charitatem
664 2042 874 2098 Christi
904 2043 1120 2115 (Ep/tes.
1154 2060 1239 2110 ιιι,
1272 2044 1396 2113 19);
1430 2044 1688 2114 itemque
1710 2042 1869 2111 alibi,
1902 2041 2013 2097 Su-

292 2150 394 2204 per
411 2135 603 2188 omnia
622 2140 804 2189 autem
828 2134 948 2190 hac
965 2135 1307 2200 eharitatem,
1336 2149 1456 2206 qua
1478 2142 1555 2189 est
1577 2130 1863 2188 vinculum
1882 2148 2010 2205 per-

294 2222 552 2292 fectionis
582 2223 808 2295 (Coloss.
837 2240 917 2292 ιιι,
954 2224 1062 2297 lli).
1097 2223 1155 2278 Si
1191 2240 1326 2295 ergo
1370 2223 1622 2279 charitas
1667 2226 1725 2279 et
1771 2237 2008 2293 supers-

299 2314 713 2369 minentiorem
748 2313 923 2369 habet
952 2314 1129 2384 viam,
1152 2322 1205 2370 et
1236 2314 1629 2385 supereminet
1659 2312 1934 2381 scientias,
1957 2318 2011 2367 et

298 2419 485 2474 super
512 2402 708 2459 omnia
740 2410 1019 2475 praecepta
1048 2407 1168 2473 est;
1203 2403 1409 2459 merito
1438 2404 1613 2460 vestis
1646 2419 1762 2475 qua
1792 2401 2012 2472 signiﬁ-

297 2498 491 2561 catur,
522 2493 762 2564 desuper
792 2497 1061 2549 contexta
1100 2492 1456 2565 perhibetur.
1489 2492 1865 2549 Inconsutilis
1907 2508 2008 2547 au-

298 2588 432 2649 tem,
469 2598 539 2639 ne
570 2582 885 2655 aliquando
927 2583 1223 2639 dissuatur
1256 2599 1270 2638 :
1303 2590 1355 2639 et
1387 2584 1456 2640 ad
1491 2600 1675 2639 unum
1728 2583 2007 2654 pervenit,

298 2671 437 2744 quia
468 2673 525 2728 in
556 2689 737 2729 unum
771 2688 976 2729 omnes
1007 2672 1247 2745 colligit.
1282 2674 1445 2731 Sicut
1475 2674 1535 2730 in
1555 2672 1847 2746 Apostolis
1879 2688 2010 2729 cum

298 2767 450 2819 esset
481 2763 654 2818 etiam
689 2763 814 2834 ipse
845 2780 1129 2819 numerus
1152 2763 1565 2832 duodenarius,
1587 2764 1641 2819 id
1669 2768 1757 2820 est
1778 2762 2013 2835 quadri-

300 2852 554 2925 partitus
587 2853 646 2908 in
679 2857 897 2923 ternos,
925 2858 983 2910 et
1004 2870 1211 2910 omnes
1242 2858 1437 2911 essent
1469 2854 1826 2925 interrogati,
1851 2855 2012 2910 solus

302 2945 510 2997 Petrus
544 2943 865 3013 respondit,
900 2944 974 2998 Tu
1006 2959 1061 2999 es
1095 2942 1347 2999 Christus
1377 2945 1546 3000 Filius
1577 2945 1676 3000 Dei
1704 2945 1851 3007 vivi;
1874 2948 1931 2998 et
1960 2943 2011 2998 ei

295 3031 535 3099 dicitur,
573 3033 701 3089 Tibi
747 3032 885 3089 dabo
934 3034 1116 3090 claves
1163 3052 1316 3103 regni
1349 3036 1609 3091 caelorum
1643 3034 1862 3105 (Matth.
1896 3050 2009 3098 xvr,

298 3123 389 3188 15,
429 3123 515 3191 16,
552 3123 661 3195 19),
696 3127 975 3195 tanquam
1010 3123 1229 3197 ligandi
1260 3129 1317 3181 et
1347 3126 1609 3182 solvendi
1648 3125 1807 3180 solus
1851 3140 2011 3179 acce-

296 3213 449 3283 perit
498 3218 841 3284 potestatem
874 3230 887 3270 :
918 3231 1052 3271 cum
1104 3222 1159 3272 et
1207 3215 1353 3273 illud
1404 3234 1556 3273 unus
1605 3232 1704 3288 pro
1736 3214 2012 3272 omnibus

295 3304 533 3371 dixerit,
562 3308 621 3360 et
652 3304 757 3360 hoc
789 3321 923 3361 cum
957 3305 1230 3363 omnibus
1258 3312 1542 3378 tanquam
1578 3322 1883 3379 personam
1914 3320 2011 3377 ge-

297 3408 433 3447 rens
478 3392 666 3465 ipsius
698 3394 940 3451 unitatis
968 3397 1255 3467 acceperit
1287 3414 1299 3451 :
1337 3398 1462 3453 ideo
1496 3413 1652 3452 unus
1684 3412 1785 3468 pro
1816 3394 2011 3451 omni-

296 3484 431 3549 bus,
464 3482 604 3554 quia
631 3485 826 3540 unitas
874 3489 962 3541 est
1013 3486 1072 3542 in
1122 3488 1417 3544 omnibus.
1451 3487 1614 3543 Unde
1646 3491 1703 3543 et
1749 3486 1843 3543 hic
1874 3503 2011 3542 cum

301 3573 572 3642 dixisset,
622 3573 854 3644 desuper
882 3581 1179 3642 contexta;
1207 3577 1449 3646 addidit,
1481 3594 1585 3649 per
1617 3582 1811 3633 totum.
1847 3574 2014 3641 Quod

297 3664 346 3719 si
384 3663 710 3719 referamus
742 3665 811 3719 ad
845 3664 900 3719 id
936 3664 1089 3736 quod
1122 3666 1433 3737 signiﬁcat,
1464 3684 1630 3723 nemo
1655 3667 1783 3737 ejus
1815 3669 1903 3721 est
1923 3681 2015 3721 ex-

298 3771 431 3825 pers
479 3752 578 3826 qui
630 3753 916 3825 pertinere
968 3754 1259 3811 invenitur
1288 3758 1356 3811 ad
1394 3763 1573 3812 totum
1611 3772 1623 3812 :
1661 3775 1693 3812 a
1723 3772 1836 3827 quo
1868 3760 2013 3823 toto,

295 3845 455 3900 sicut
505 3859 689 3913 graeca
736 3844 956 3900 indicat
988 3844 1208 3917 lingua,
1245 3846 1525 3903 catholica
1556 3850 1793 3903 vocatur
1822 3846 2014 3902 Eccle-

296 3935 387 3989 sia
412 3934 519 4005 (a).
547 3935 612 3989 In
638 3942 787 3990 sorte
813 3940 1009 3990 autem
1032 3936 1196 4007 quid,
1222 3936 1332 3991 nisi
1368 3937 1467 3993 Dei
1498 3936 1686 4011 gratia
1718 3952 2015 3993 commen-

294 4027 432 4081 data
462 4026 591 4080 est?
615 4026 707 4079 Sic
738 4026 951 4098 quippe
983 4027 1040 4081 in
1071 4043 1187 4082 uno
1218 4027 1291 4082 ad
1322 4044 1527 4084 omnes
1567 4030 1849 4100 pervenit,
1879 4043 2011 4085 cum

295 4131 423 4171 sors
455 4114 730 4170 omnibus
765 4114 1002 4186 placuit,
1028 4116 1165 4187 quia
1187 4121 1242 4173 et
1266 4118 1363 4174 Dei
1395 4118 1581 4190 gratia
1608 4119 1666 4175 in
1691 4118 1910 4174 unitate
1941 4119 2013 4174 ad

293 4222 507 4263 omnes
538 4207 793 4277 pervenit
828 4222 841 4261 :
877 4210 932 4261 et
964 4222 1097 4263 cum
1130 4225 1258 4263 sors
1292 4209 1567 4279 mittitur,
1602 4227 1717 4265 non
1752 4226 2014 4281 personae

294 4295 583 4366 cujusque
614 4294 699 4352 vel
734 4296 982 4363 meritis,
1008 4298 1104 4352 sed
1140 4298 1369 4355 occulto
1391 4298 1621 4370 judicio
1644 4298 1744 4355 Dei
1764 4300 2010 4355 ceditur.

372 4387 427 4441 5.
458 4384 573 4441 Nec
602 4384 731 4440 ideo
763 4384 875 4441 ista
904 4402 1018 4442 non
1052 4386 1275 4458 aliquid
1310 4389 1447 4444 boni
1491 4388 1849 4459 signiﬁcasse
1880 4388 2014 4460 quis

291 4473 531 4539 dixerit,
563 4474 701 4543 quia
750 4490 850 4545 per
900 4475 1084 4531 malos
1122 4476 1269 4532 facta
1318 4482 1472 4546 sunt,
1509 4493 1623 4533 non
1660 4477 1883 4533 scilicet
1914 4493 2015 4549 per

289 4581 399 4621 eos
419 4563 521 4637 qui
544 4563 838 4620 Christum
871 4566 1070 4634 secuti,
1096 4566 1195 4623 sed
1226 4567 1327 4638 qui
1360 4571 1497 4624 sunt
1528 4568 1837 4639 persecuti.
1862 4567 2012 4632 Quid

288 4657 451 4714 enim
482 4656 552 4711 de
571 4655 702 4728 ipsa
726 4671 894 4713 cruce
916 4657 1120 4713 dicturi
1155 4674 1382 4727 sumus,
1410 4676 1537 4733 quae
1563 4664 1716 4716 certe
1746 4659 2016 4716 similiter

287 4748 365 4804 ab
404 4745 655 4801 inimicis
680 4755 852 4818 atque
881 4746 1080 4818 impiis
1104 4747 1332 4806 Christo
1360 4751 1508 4805 facta
1531 4755 1589 4806 et
1610 4750 1861 4824 impacta
1882 4750 2011 4807 est?

285 4842 361 4893 Et
407 4840 605 4890 tamen
650 4852 718 4891 ea
768 4835 1086 4907 signiﬁcari
1140 4842 1293 4895 recte
1344 4839 1687 4912 intelligitur
1738 4843 1886 4913 quod
1937 4843 2015 4898 ait

283 4925 628 4999 Apostolus,
666 4926 795 4994 Quae
841 4927 915 4983 sit
966 4928 1224 4997 latitudo,
1256 4938 1307 4985 et
1340 4930 1641 5002 longitudo,
1674 4939 1727 4988 et
1756 4931 2010 5003 altitudo,

283 5022 341 5074 el
404 5020 743 5086 profundum
794 5017 1007 5087 (Ephes.
1060 5035 1142 5081 ιιι,
1199 5019 1304 5091 18).
1358 5020 1493 5076 Lata
1544 5025 1633 5077 est
1682 5021 1895 5094 quippe
1952 5024 2009 5079 in

286 5116 630 5163 transverso
664 5105 842 5177 ligno,
869 5123 979 5179 quo
1001 5108 1398 5165 extenduntur
1430 5112 1733 5180 pendentis
1768 5128 2006 5182 manus;

282 5202 345 5253 et
400 5194 700 5267 signiﬁcat
748 5211 918 5267 opera
967 5196 1142 5267 bona,
1193 5200 1254 5255 in
1304 5198 1615 5256 latitudine
1661 5201 2008 5259 charitatis:

282 5290 474 5357 longa
516 5288 604 5339 est
636 5300 668 5338 a
700 5288 1028 5344 transverso
1079 5287 1237 5361 ligno
1290 5306 1472 5361 usque
1522 5292 1592 5346 ad
1642 5295 1877 5362 terram,
1912 5293 2010 5349 ubi

283 5378 539 5433 dorsum
594 5370 884 5445 pedesque
930 5377 1221 5449 ﬁguntur;
1249 5384 1303 5433 et
1334 5378 1618 5452 signiﬁcat
1650 5397 2012 5452 perseveran-

284 5469 435 5524 tiam
471 5464 530 5519 in
565 5461 930 5535 longitudine
962 5468 1243 5539 temporis
1269 5485 1450 5538 usque
1473 5470 1529 5524 in
1554 5470 1728 5526 ﬁnem
1753 5485 1768 5525 :
1793 5471 1906 5526 alta
1925 5474 2014 5528 est

284 5558 348 5613 in
384 5550 715 5617 cacumine,
739 5567 847 5624 quo
872 5558 1267 5614 transversum
1292 5556 1520 5631 lignum
1548 5574 1787 5618 sursum
1811 5575 2013 5617 versus

355 5660 431 5719 (a)
451 5652 626 5705 Graec.
659 5651 796 5717 olon,
827 5656 1014 5709 totum.

1452 279 1926 346 TRAC'I‘ATUS
1966 278 2167 342 CXIX.
2214 282 2468 349 CAPUT
2512 288 2673 352 XIX.

3676 296 3832 360 1980

2118 418 2448 488 exceditur;
2483 428 2539 479 et
2569 424 2863 496 signiﬁcat
2894 440 3217 496 supernum
3253 425 3450 494 ﬁnem,
3474 444 3589 500 quo
3619 442 3830 489 cuncta

2118 522 2296 577 opera
2323 511 2685 587 referuntur;
2717 515 2993 588 quoniam
3026 524 3237 571 cuncta
3264 532 3395 588 quin
3428 517 3731 577 latitudine
3758 541 3824 579 ac

2116 594 2473 665 longitudine
2507 604 2648 681 bene
2672 622 2737 661 ac
2770 610 3205 676 perseveranter
3238 606 3399 675 ﬁunt,
3427 614 3661 678 propter
3691 612 3828 666 alti-

2119 688 2379 744 tudinem
2413 682 2743 750 divinorum
2778 695 3041 751 facienda
3068 700 3209 751 sunt
3242 697 3614 765 praemiorum
3649 714 3662 754 ε
3699 716 3823 771 pro-

2118 776 2299 835 funda
2329 788 2417 837 est
2446 783 2501 837 in
2535 800 2603 839 ea
2635 791 2794 855 parte
2818 802 2931 857 qua
2964 785 3019 841 in
3055 789 3206 841 terra
3236 784 3472 857 ﬁgitur;
3505 786 3584 842 ibi
3618 789 3831 860 quippe

2117 873 2175 925 et
2203 872 2430 928 occulta
2459 879 2569 941 est,
2604 892 2708 932 nec
2738 875 2917 931 videri
2962 886 3166 946 potest,
3200 877 3299 931 sed
3335 881 3544 933 cuncta
3574 879 3700 948 ejus
3730 895 3831 950 ap-

2118 962 2383 1031 parentia
2413 967 2471 1019 et
2499 964 2816 1023 eminentia
2863 966 2997 1020 inde
3051 972 3449 1035 consurgunt;
3486 966 3641 1022 sicut
3682 969 3832 1024 bona

2118 1054 2317 1105 nostra
2347 1052 2416 1106 de
2450 1054 2834 1122 profunditate
2865 1054 3063 1125 gratiae
3096 1054 3218 1124 Dei,
3248 1072 3374 1127 quae
3406 1055 3829 1129 comprehendi

2118 1156 2185 1197 ac
2226 1141 2533 1211 dijudicari
2583 1161 2697 1199 non
2750 1148 2956 1215 potest,
3002 1145 3274 1200 universa
3329 1147 3671 1215 procedunt.
3717 1146 3825 1201 Sed

2117 1230 2223 1286 etsi
2245 1248 2387 1286 crux
2407 1231 2619 1287 Christi
2646 1233 2752 1289 hoc
2772 1233 2960 1288 solum
2987 1233 3276 1305 signiﬁcet
3297 1236 3449 1304 quod
3478 1237 3559 1290 ait
3583 1239 3828 1303 Aposto-

2117 1320 2231 1387 lus,
2268 1319 2373 1388 Qui
2402 1330 2592 1378 autem
2620 1323 2746 1377 Iesu
2791 1322 2950 1377 Cristi
2998 1330 3147 1389 sunt,
3182 1340 3404 1379 carnem
3454 1342 3614 1382 suam
3657 1327 3832 1382 cruci-

2116 1410 2365 1480 ﬁxerunt
2410 1426 2535 1466 cum
2582 1411 2930 1481 passionibus
2959 1418 3013 1467 et
3049 1415 3504 1484 concupiscentiis
3536 1414 3737 1485 (Galat.
3771 1432 3825 1483 v,

2114 1499 2228 1569 24),
2252 1516 2425 1571 quam
2456 1517 2727 1569 magnum
2748 1501 2971 1557 bonum
2993 1502 3118 1558 est?
3152 1502 3264 1560 Nec
3294 1506 3490 1559 tamen
3525 1505 3662 1560 facit
3694 1504 3827 1575 hoc,

2118 1591 2232 1647 nisi
2284 1595 2705 1666 concupiscens
2757 1595 3034 1649 adversus
3061 1608 3295 1650 carnem
3329 1595 3573 1665 spiritus
3616 1594 3827 1659 bonus,

2117 1696 2250 1737 cum
2278 1680 2436 1738 illam
2463 1701 2696 1741 crucem
2721 1683 2937 1740 Christi
2969 1684 3168 1741 fecerit
3198 1683 3493 1751 inimicus,
3518 1682 3573 1738 id
3598 1687 3687 1738 est
3706 1684 3830 1755 spi-

2117 1772 2264 1828 ritus
2290 1773 2493 1830 malus.
2522 1775 2820 1831 Postremo
2836 1774 2973 1845 quid
2994 1778 3102 1842 est,
3126 1775 3278 1846 quod
3295 1790 3499 1830 omnes
3523 1778 3829 1840 noverunt,

2116 1863 2362 1935 Signum
2395 1864 2600 1935 Chriti,
2637 1866 2750 1922 nisi
2787 1882 2929 1921 crux
2962 1864 3215 1921 Christi?
3247 1865 3408 1928 Quod
3449 1865 3683 1937 signum
3717 1864 3831 1921 nisi

2123 1952 2468 2009 adhibeatur
2497 1956 2617 2011 sive
2649 1956 2936 2011 frontibus
2969 1954 3347 2024 credentium,
3372 1953 3488 2010 sive
3519 1953 3632 2025 ipsi
3664 1969 3827 2024 aqua:

2122 2054 2189 2093 ex
2211 2054 2325 2109 qua
2347 2046 2782 2113 regenerantur,
2807 2042 2927 2099 sive
2948 2043 3073 2099 oleo
3102 2058 3217 2114 quo
3244 2041 3563 2098 chrismate
3594 2057 3828 2111 ungun-

2121 2132 2232 2198 tur,
2257 2130 2378 2188 sive
2408 2134 2694 2190 sacriﬁcio
2717 2150 2827 2203 quo
2860 2132 3116 2199 aluntur,
3145 2132 3291 2188 nihil
3326 2148 3526 2189 eorum
3560 2131 3665 2186 rite
3697 2147 3825 2203 per-

2119 2219 2331 2280 ﬁcitur.
2357 2223 2653 2287 Quomodo
2682 2240 2818 2296 ergo
2851 2241 2952 2295 per
2984 2223 3035 2278 id
3060 2224 3213 2293 quod
3252 2221 3392 2279 mali
3422 2221 3826 2288 faciunt,nihil

2119 2307 2256 2365 boni
2307 2310 2697 2382 signiﬁcatur;
2732 2313 2965 2384 quando
2998 2327 3100 2382 per
3128 2325 3355 2367 crucem
3389 2310 3622 2375 Christi,
3647 2323 3825 2380 quam

2118 2399 2380 2455 fecerunt
2427 2400 2586 2468 mali,
2617 2402 2676 2457 in
2709 2401 3094 2459 celebratione
3143 2401 3655 2457 Sacramentorum
3696 2399 3824 2469 ejus

2118 2487 2335 2545 bonum
2360 2491 2525 2548 nobis
2548 2508 2721 2549 omne
2742 2490 3049 2564 signatur?
3072 2491 3179 2547 Sed
3203 2490 3322 2547 haec
3343 2490 3630 2547 hactenus
3655 2505 3669 2545 :
3694 2506 3821 2561 quas

2121 2583 2316 2636 autem
2347 2590 2701 2655 sequuntur,
2734 2583 2900 2648 alias,
2934 2587 2998 2637 ut
3030 2586 3178 2637 Deus
3209 2578 3613 2652 opitulabitur,
3647 2578 3828 2635 disse-

2120 2667 2298 2726 rendo
2328 2669 2682 2729 videbimus.

2649 2798 3071 2857 TRACTATUS
3112 2798 3303 2856 CXIX.

2119 2903 2195 2959 Ab
2244 2920 2308 2961 eo
2354 2907 2495 2978 quod
2540 2911 2804 2979 sequitur,
2837 2907 2906 2962 Et
2955 2905 3169 2963 milites
3219 2904 3455 2975 quidem
3505 2902 3627 2959 haec
3679 2902 3828 2959 fece-

2197 2998 2361 3060 runt;
2396 3011 2564 3067 usque
2592 2997 2661 3051 ad
2692 2996 2768 3061 id,
2805 2996 2867 3050 Et
2896 2994 3171 3051 inclinato
3205 2994 3391 3065 capite
3422 2990 3662 3048 tradidit
3710 2990 3827 3063 spi-

2194 3082 2391 3139 ritum.
2430 3085 2555 3156 Cap.
2592 3102 2705 3140 xix.
2743 3085 2793 3153 ᾖ.
2826 3084 3017 3139 24-30.

2196 3218 2244 3271 1.
2270 3214 2552 3272 Cruciﬁxo
2577 3213 2847 3283 Domino,
2870 3220 3243 3283 posteaquam
3278 3211 3487 3267 divisio
3518 3209 3830 3265 vestimen-

2126 3310 2316 3363 torum
2367 3306 2492 3377 ejus
2546 3306 2719 3361 etiam
2765 3308 2917 3359 sorte
2966 3301 3144 3357 missa
3202 3299 3484 3370 completa
3541 3306 3651 3367 est,
3702 3314 3826 3369 quas

2122 3397 2331 3453 deinde
2380 3399 2576 3452 narret
2618 3398 2873 3450 Joannes
2923 3390 3278 3462 evangelista
3322 3388 3634 3444 videamus.
3687 3408 3716 3436 «
3765 3387 3829 3441 Et

2123 3486 2341 3542 milites
2371 3485 2633 3558 quidem,
2661 3505 2688 3534 »
2715 3483 2923 3555 inquit,
2948 3503 2977 3532 ι(
3004 3482 3122 3537 ιιωο
3155 3479 3435 3535 fecerunt.
3459 3475 3704 3531 Stabant
3732 3488 3828 3528 au-

2124 3581 2240 3633 tem
2289 3578 2453 3646 juxta
2501 3590 2724 3632 crucem
2748 3574 2913 3639 Jesu,
2946 3576 3133 3627 mater
3162 3569 3309 3638 ejus,
3341 3570 3399 3621 et
3429 3581 3595 3621 soror
3623 3562 3826 3619 matris

2123 3666 2251 3737 ejus
2282 3666 2457 3722 Maria
2487 3664 2772 3736 CleOphsa,
2805 3670 2855 3719 et
2889 3662 3067 3718 Maria
3098 3655 3457 3728 Magdalene.
3487 3653 3631 3709 Cum
3652 3651 3829 3707 vidis-

2124 3758 2212 3811 set
2241 3771 2377 3826 ergo
2425 3756 2594 3810 Iesus
2626 3758 2867 3809 matrem
2901 3755 2953 3807 et
2986 3746 3336 3818 discipulum
3369 3746 3618 3800 stantem
3652 3755 3825 3812 quem

2124 3845 2427 3917 diligebat,
2458 3843 2597 3899 dicit
2629 3842 2799 3899 matri
2832 3857 2967 3908 sum,
3001 3838 3230 3908 Mulier,
3262 3851 3393 3892 ecce
3440 3834 3595 3888 ﬁlius
3635 3836 3778 3887 tuus
3809 3844 3825 3886 :

2124 3935 2334 3991 deinde
2357 3934 2498 3989 dicit
2527 3932 2836 4005 discipulo,
2861 3932 3005 3987 Ecce
3035 3933 3215 3986 mater
3244 3932 3363 3982 tua.
3392 3924 3458 3979 Et
3477 3938 3546 3979 ex
3566 3920 3667 3976 illa
3687 3920 3826 3977 hora

2126 4026 2346 4100 accepit
2376 4042 2501 4083 eam
2525 4024 2849 4097 discipulus
2880 4024 2937 4079 in
2966 4038 3091 4079 sua.
3119 4042 3147 4071 »
3171 4019 3300 4075 Haec
3326 4017 3601 4073 nimirum
3620 4017 3709 4069 est
3729 4012 3827 4067 illa

2125 4117 2269 4174 hora
2315 4119 2385 4173 de
2433 4133 2550 4189 qua
2595 4116 2766 4174 Jesus
2815 4131 3028 4187 aquam
3077 4125 3464 4170 conversurus
3502 4106 3563 4162 in
3604 4104 3825 4170 vinum,

2124 4209 2345 4265 dixerat
2402 4208 2594 4276 matri,
2637 4206 2774 4275 Quid
2821 4206 2963 4261 milii
3010 4209 3059 4262 et
3106 4204 3210 4259 tibi
3258 4210 3355 4271 est,
3407 4196 3642 4254 mulier?
3688 4211 3828 4252 non-

2122 4299 2252 4355 dum
2284 4300 2432 4355 venit
2460 4299 2600 4354 hora
2629 4314 2747 4354 mea
2778 4298 2961 4368 (Joan.
2996 4313 3057 4365 ιι,
3088 4295 3162 4365 4).
3196 4293 3355 4348 llanc
3386 4291 3579 4359 itaque
3625 4285 3824 4341 horam

2124 4388 2466 4462 praedixerat
2495 4405 2619 4460 quae
2649 4392 2788 4443 tunc
2832 4386 3091 4443 nondum
3125 4386 3374 4446 venerat,
3405 4379 3463 4433 in
3498 4392 3611 4448 qua
3649 4374 3825 4430 debe—

2125 4484 2211 4536 ret
2258 4495 2571 4550 agnoscere
2617 4476 2961 4540 moriturus,
2995 4471 3065 4526 de
3114 4486 3229 4542 qua
3276 4470 3463 4523 fuerat
3503 4462 3824 4521 mortaliter

2124 4571 2319 4624 natus.
2350 4567 2516 4623 Tunc
2541 4581 2676 4637 ergo
2703 4563 2896 4619 divina
2919 4562 3195 4626 facturus,
3219 4573 3334 4613 non
3365 4551 3705 4620 divinitatis,
3727 4553 3825 4608 sed

2122 4658 2480 4716 inﬁrmitatis
2500 4661 2744 4713 matrem
2759 4656 2917 4712 velut
2935 4650 3291 4723 incognitam
3312 4645 3650 4718 repellebat:
3668 4660 3823 4700 nunc

2124 4753 2316 4808 autem
2367 4749 2623 4804 humana
2667 4747 2793 4819 jam
2843 4744 3089 4816 patiens,
3137 4756 3205 4796 ex
3252 4754 3363 4810 qua
3412 4738 3596 4793 fuerat
3634 4735 3824 4791 factus

2127 4840 2321 4907 homo,
2345 4841 2551 4896 affectu
2577 4834 3023 4894 commendabat
3053 4833 3330 4889 humano.
3355 4830 3520 4885 Tunc
3544 4825 3700 4883 enim
3724 4824 3823 4897 qui

2126 4931 2365 4988 Mariam
2417 4934 2726 4999 creaverat,
2772 4924 3168 4985 innotescebat
3214 4922 3423 4978 virtute
3456 4936 3469 4977 :
3504 4934 3661 4975 nunc
3692 4930 3823 4971 vero

2123 5022 2277 5091 quod
2314 5020 2492 5078 Maria
2522 5022 2842 5093 pepererat,
2877 5015 3162 5090 pendebat
3192 5012 3248 5067 in
3283 5026 3450 5068 cruce
3482 5009 3577 5080 (a).

2190 5110 2244 5166 2.
2288 5110 2521 5167 Moralis
2572 5110 2747 5182 igitur
2780 5107 3111 5165 insinuatur
3156 5104 3336 5159 locus.
3371 5099 3529 5156 Facit
3558 5095 3708 5167 quod
3742 5094 3827 5149 fa-

2120 5199 2393 5256 ciendum
2445 5202 2742 5266 admonet,
2790 5202 2847 5254 et
2893 5194 3154 5265 exemplo
3204 5208 3313 5248 suo
3370 5205 3508 5246 suos
3557 5182 3827 5241 instruxit

2121 5292 2442 5361 praeceptor
2462 5289 2670 5355 bonus,
2698 5293 2762 5344 ut
2788 5305 2821 5343 a
2853 5287 2984 5342 ﬁliis
3016 5283 3127 5357 piis
3152 5279 3525 5351 impendatur
3546 5292 3682 5332 cura
3724 5291 3826 5347 pa-

2122 5379 2389 5435 rentibus
2416 5394 2430 5435 :
2463 5384 2743 5449 tanquam
2777 5376 3002 5446 lignum
3036 5371 3177 5428 illud
3202 5370 3300 5426 ubi
3326 5372 3488 5425 erant
3518 5368 3629 5423 ﬁxa
3653 5381 3830 5422 mem-

2122 5467 2227 5524 bra
2258 5467 2580 5537 morientis,
2605 5469 2775 5524 etiam
2801 5465 3076 5522 cathedra
3113 5459 3288 5517 fuerit
3327 5457 3591 5531 magistri
3616 5458 3829 5512 docen-

2124 5557 2220 5616 tis.
2252 5558 2333 5614 Ex
2362 5558 2472 5616 hac
2512 5574 2656 5615 sana
2684 5557 2948 5615 doctrina
2982 5553 3267 5611 didicerat
3289 5548 3496 5607 Paulus
3533 5546 3829 5623 apostolus

2187 5657 2265 5723 (a)
2288 5658 2405 5711 Vid.
2438 5672 2618 5724 supra,
2647 5657 2819 5709 Tract.
2848 5654 2900 5710 8.
