4182 6198
404 266 557 327 1951

406 410 562 477 quod
578 410 844 476 docebat,
871 408 1104 480 quando
1136 404 1364 461 dicebat
1395 419 1409 458 :
1443 403 1503 457 Si
1531 403 1651 474 quis
1681 407 1870 456 autem
1901 401 2034 468 suis,
2065 406 2116 454 et

403 500 647 553 maxime
668 500 975 554 domesticis
996 514 1106 553 non
1126 494 1399 565 providet,
1412 490 1579 562 ﬁdem
1594 493 1893 561 negavit,et
1905 493 1983 545 est
1997 490 2117 560 inﬁ-

404 582 523 639 deli
542 586 980 658 deterior(lTim.
1000 582 1305 653 v,8).Quid
1335 582 1664 675 autemsam
1693 577 2115 675 cuiquedpme-

406 675 616 731 sticum
634 691 807 746 quam
832 680 1097 748 parentes
1116 673 1273 741 ﬁliis,
1289 676 1387 727 aut
1409 668 1747 742 parentibus
1773 668 1913 721 filii?
1934 668 2113 737 Hujus

406 760 602 834 itaque
614 765 740 820 salu
752 765 978 821 berrimi
994 761 1258 835 praecepti
1272 763 1393 833 ipse
1408 759 1684 830 magister
1698 761 2029 812 sanctorum
2044 756 2115 811 de

410 853 1012 924 seipsoconstibuebat
1035 852 1387 924 exemplum,
1405 850 1635 921 quando
1662 865 1773 903 non
1800 852 1864 903 ut
1889 845 2115 903 famulas

411 941 562 998 Deus
589 960 767 1015 quam
800 949 1093 1001 creaverat
1122 952 1175 999 et
1207 943 1460 1013 regebat,
1494 941 1595 995 sed
1629 947 1688 993 ut
1730 939 1900 993 matri
1942 938 2114 992 homo

414 1034 484 1088 de
512 1049 626 1104 qua
657 1040 887 1090 creatus
919 1036 1105 1091 fuerat
1135 1042 1186 1089 et
1218 1048 1391 1105 quam
1434 1030 1820 1101 relinquebat,
1872 1028 2112 1084 alterum

412 1138 514 1192 pro
547 1139 607 1177 se
640 1125 1067 1194 quedammodo
1103 1123 1285 1179 tilium
1318 1120 1671 1194 providebat.
1702 1119 1843 1173 Nam
1878 1134 1979 1173 cur
2006 1117 2115 1172 hoc

412 1212 627 1281 fecerit,
662 1215 814 1283 quod
846 1215 1115 1285 sequitur
1140 1213 1361 1268 indicat
1393 1212 1509 1268 :ait
1537 1210 1691 1265 enim
1728 1207 2112 1279 Evangelista,

412 1300 475 1354 Et
495 1315 564 1355 ea:
594 1302 693 1356 illa
726 1302 861 1358 liora
892 1305 1099 1374 accepit
1121 1317 1240 1358 eam
1260 1295 1570 1371 discipulus
1594 1301 1651 1354 in
1680 1316 1797 1365 sua,
1821 1298 1892 1351 de
1921 1298 2115 1369 seipso

386 1426 389 1429 »
416 1390 635 1447 dicens.
671 1393 764 1449 Sic
794 1395 1005 1466 quippe
1038 1408 1492 1450 commemorare
1524 1407 1585 1447 se
1615 1390 1776 1459 solet,
1800 1390 1953 1459 quod
1983 1405 2113 1444 eum

415 1478 696 1551 diligebat
725 1482 897 1538 Jesus
927 1499 940 1539 :
975 1483 1073 1554 qui
1115 1483 1316 1553 utique
1350 1497 1576 1547 omnes,
1611 1478 1709 1536 sed
1756 1479 1946 1550 ipsum
2000 1494 2116 1550 prae

413 1569 635 1623 caeteris
683 1578 736 1624 et
784 1570 1135 1627 familiarius
1185 1570 1481 1642 diligebat,
1532 1570 1614 1625 ita
1661 1573 1726 1624 ut
1766 1568 1827 1623 in
1857 1568 2115 1624 convivio

414 1674 587 1728 super
639 1665 837 1731 pectus
887 1678 1061 1717 suum
1104 1662 1469 1718 discumbere
1518 1662 1731 1717 faceret
1768 1661 1950 1732 (Joan.
1991 1676 2112 1731 xm,

411 1746 533 1816 23);
564 1750 735 1804 credo
769 1755 831 1805 ut
862 1750 1035 1807 istius
1069 1751 1382 1822 Evangelii,
1410 1753 1557 1823 quod
1602 1766 1699 1822 per
1746 1766 1878 1806 eum
1932 1750 2117 1804 fuerat

415 1837 844 1913 pradicaturus,
882 1841 1136 1897 divinam
1168 1840 1568 1897 excellentiam
1599 1840 1707 1896 hoc
1739 1839 1908 1896 modo
1940 1838 2115 1895 altius

413 1932 864 1987 commendaret.

483 2015 538 2071 3.
570 2019 679 2072 Sed
710 2018 767 2073 in
802 2037 925 2090 quas
956 2037 1063 2077 sua
1091 2023 1340 2077 Joannes
1391 2025 1637 2077 matrem
1690 2018 1917 2076 Domini
1948 2034 2117 2075 acce—

414 2103 539 2175 pit?
563 2105 761 2177 Neque
781 2108 936 2165 enim
968 2126 1080 2165 non
1106 2127 1170 2167 ex
1202 2110 1287 2166 eis
1318 2120 1439 2167 erat
1471 2110 1567 2180 qui
1600 2110 1871 2166 dixerunt
1892 2108 1964 2173 ei,
1989 2109 2117 2162 Ecce

410 2210 507 2249 nos
532 2194 843 2253 dimisimus
871 2200 1077 2269 omnia,
1108 2209 1157 2256 et
1187 2201 1359 2257 secuti
1386 2216 1574 2256 sumus
1606 2208 1673 2256 te.
1708 2199 1815 2255 Sed
1856 2198 1935 2253 ibi
1968 2213 2117 2270 quo-

411 2300 523 2355 que
579 2286 860 2359 audierat,
892 2290 1260 2364 Quicumque
1289 2292 1404 2347 ista
1434 2290 1724 2347 dimiserit
1761 2293 1995 2361 prepter
2026 2303 2118 2343 me

415 2374 659 2445 accipiet
680 2377 739 2433 in
766 2379 868 2435 hoc
892 2380 1103 2437 saeculo
1134 2382 1353 2438 centies
1384 2386 1609 2438 tantum
1645 2380 1851 2453 (Matth.
1880 2396 1998 2445 xix,
2024 2378 2116 2447 27,

415 2463 539 2534 29).
564 2463 823 2522 Habebat
851 2484 984 2540 ergo
1017 2469 1113 2525 ille
1145 2470 1463 2541 discipulus
1509 2468 1910 2541 centupliciter
1953 2468 2120 2539 plura

416 2568 594 2622 quam
627 2555 947 2625 dimiserat,
982 2558 1037 2613 in
1072 2576 1197 2630 quae
1228 2560 1550 2631 susciperet
1579 2561 1706 2631 ejus
1739 2562 1984 2613 matrem
2019 2559 2117 2630 qui

414 2638 511 2693 illa
559 2640 890 2698 donaverat.
927 2646 1037 2700 Sed
1093 2646 1150 2701 in
1201 2663 1264 2702 ea
1314 2646 1586 2703 societate
1629 2649 1832 2703 beatus
1869 2647 2119 2704 Joannes

416 2734 709 2800 receperat
730 2732 1093 2804 centuplum,
1112 2734 1210 2790 ubi
1234 2752 1405 2791 nemo
1429 2736 1652 2791 dicebat
1675 2736 1894 2807 aliquid
1918 2755 2114 2800 suum.

416 2819 515 2874 sed
568 2828 726 2876 erant
771 2821 887 2877 illis
920 2822 1116 2879 omnia
1147 2825 1519 2894 communia;
1545 2826 1786 2881 sicutin
1820 2829 2120 2900 Apostolo-

416 2922 549 2962 rum
582 2909 821 2963 Actibus
868 2908 1153 2983 scriptum
1185 2917 1291 2969 est.
1327 2915 1417 2969 Sic
1448 2915 1600 2971 enim
1633 2917 1894 2988 Apostoli
1931 2928 2115 2985 erant,

419 2998 589 3067 quasi
611 2997 755 3052 nihil
780 2998 1076 3070 habentes,
1102 3008 1158 3058 et
1179 3005 1372 3060 omnia
1404 3006 1769 3076 possidentes
1792 3006 1869 3079 (II
1893 3008 2010 3068 Cor.
2040 3030 2115 3079 νι,

422 3086 530 3157 10).
563 3086 859 3150 Quomodo
891 3108 1026 3164 ergo
1057 3101 1299 3151 matrem
1334 3097 1594 3168 magistri
1644 3103 1699 3155 et
1750 3101 1976 3158 Domini
2026 3108 2116 3163 sui

418 3176 738 3248 discipulus
759 3184 815 3235 et
838 3181 1090 3239 famulus
1114 3187 1332 3258 accepit
1352 3185 1409 3241 in
1436 3204 1563 3254 sua,
1581 3188 1679 3244 ubi
1702 3189 1925 3261 aliquid
1948 3212 2115 3252 suum

416 3280 586 3322 nemo
616 3267 890 3326 dicebat?
917 3273 1003 3327 An
1052 3274 1187 3346 quia
1233 3275 1406 3347 paulo
1456 3282 1588 3349 post
1627 3278 1685 3333 in
1719 3281 1922 3336 eodem
1972 3284 2116 3342 libro

413 3355 644 3429 legitur,
678 3358 944 3433 Quotquot
973 3362 1122 3418 enim
1167 3381 1499 3436 possessores
1535 3367 1877 3439 praediorum
1907 3374 1992 3428 vel
2020 3374 2113 3431 do-

411 3452 631 3500 morum
659 3450 1142 3518 erant,vendentes
1170 3454 1476 3525 aﬂerebant
1502 3458 1688 3528 pretia
1713 3474 1924 3529 eorum,
1941 3468 1992 3518 et
2020 3480 2117 3535 po—

413 3536 617 3592 nebant
636 3539 713 3593 ad
734 3539 897 3610 pedes
917 3542 1297 3613 Apostolorum
1312 3545 1770 3604 :distribuebatur
1788 3560 1976 3608 autem
1998 3557 2115 3611 uni-

412 3624 615 3697 cuique
639 3632 799 3698 prout
827 3645 961 3701 opus
991 3640 1108 3689 erat
1131 3633 1268 3705 (Act.
1302 3650 1376 3705 tv,
1408 3635 1628 3708 32-35),
1669 3638 2114 3712 intelligendum

416 3724 502 3771 est
531 3715 617 3771 sic
646 3717 1015 3777 distributum
1060 3723 1235 3779 fuisse
1284 3724 1420 3780 huic
1469 3728 1757 3799 discipulo
1789 3731 1939 3801 quod
1972 3749 2116 3804 opus

380 3807 560 3874 :erat,
585 3810 650 3862 ut
678 3806 796 3864 illic
817 3810 992 3865 etiam
1026 3812 1211 3868 beatae
1239 3813 1431 3870 Marias
1455 3821 1730 3889 tanquam
1764 3820 1965 3877 matris
1987 3823 2114 3894 ejus

416 3894 603 3965 portio
661 3903 1007 3969 poneretur;
1068 3902 1369 3974 magisque
1418 3905 1503 3961 sic
1550 3907 1827 3964 debemus
1857 3912 2115 3984 accipere

417 3986 570 4056 quod
605 3986 825 4043 dictum
857 3999 962 4057 est,
996 3992 1081 4047 Ea:
1109 3993 1210 4047 illa
1238 3994 1371 4049 hora
1401 3996 1639 4065 suscepit
1664 4014 1786 4053 eam
1814 3999 2115 4073 discipulus

416 4074 477 4127 in
497 4090 618 4143 sua,
635 4084 695 4132 ut
718 4080 788 4133 ad
810 4079 1151 4149 ejuscuram
1168 4085 1452 4156 quidquid
1476 4087 1524 4143 si
1546 4094 1698 4144 esset
1719 4094 2110 4150 necessarium

416 4166 763 4234 pertineret?
812 4169 1081 4243 Suscepit
1127 4189 1264 4244 ergo
1313 4192 1440 4230 eam
1472 4176 1531 4232 in
1565 4196 1693 4246 sua,
1727 4197 1843 4236 non
1881 4183 2111 4252 prsidia,

414 4269 539 4324 qua:
568 4256 727 4313 nulla
750 4261 982 4331 propria
1005 4262 1362 4334 possidebat;
1386 4266 1714 4334 sedofﬁcia,
1731 4286 1857 4340 quas
1882 4274 2113 4343 propria

412 4344 842 4416 dispensatione
871 4353 1245 4422 exsequenda
1275 4354 1532 4411 curabat.

484 4433 535 4489 4.
571 4433 785 4492 Deinde
832 4438 1183 4512 subjungit:
1222 4462 1247 4494 ι
1281 4444 1490 4500 Postea
1537 4444 1728 4501 sciens
1772 4447 1945 4503 Jesus
1976 4449 2114 4521 quia

412 4524 612 4579 omnia
632 4534 1043 4585 consummata
1066 4536 1223 4600 sunt,
1243 4537 1301 4587 ut
1322 4542 1833 4593 consummaretur
1854 4537 2112 4610 Scriptu-

412 4613 650 4678 ra,dicit
684 4615 887 4673 :Sitio.
920 4617 1033 4675 Vas
1065 4637 1201 4692 ergo
1234 4624 1485 4693 positum
1509 4631 1634 4681 erat
1654 4631 1813 4685 aceto
1837 4628 2108 4700 plenum;

410 4700 493 4755 illi
521 4708 711 4758 autem
744 4707 1047 4777 spongiam
1080 4710 1313 4780 plenam
1336 4718 1494 4769 aceto
1517 4714 1769 4787 hyssopo
1793 4718 2112 4790 circumpo-

412 4798 635 4861 nentes,
652 4792 984 4851 obtulerunt
1006 4800 1091 4855 ori
1115 4801 1259 4870 ejus.
1286 4800 1429 4857 Cum
1456 4819 1586 4873 ergo
1609 4807 2110 4878 accepissetJesus

410 4888 664 4950 acetum,
696 4882 844 4938 dixit
877 4899 892 4939 :
925 4886 1401 4946 Consummatum
1444 4896 1551 4947 est.
1589 4892 1653 4948 Et
1694 4894 1973 4952 inclinato
2013 4914 2111 4953 ca-

408 4973 544 5046 pite,
579 4973 818 5029 tradidit
848 4975 1143 5046 spiritum.
1176 5002 1204 5029 ››
1238 4979 1377 5043 Quis
1428 4986 1619 5052 potest
1667 5001 1798 5055 quae
1843 4986 1998 5054 facit,
2031 4988 2112 5043 ita

410 5063 741 5136 disponere,
774 5067 1061 5135 quomodo
1091 5067 1381 5139 disposuit
1408 5069 1583 5126 homo
1616 5071 1721 5127 iste
1748 5088 1872 5144 quae
1904 5091 2109 5145 passus

412 5153 669 5211 est?Sed
722 5155 894 5212 homo
945 5159 1227 5216 mediator
1256 5159 1352 5215 Dei
1386 5164 1443 5216 et
1470 5160 1800 5232 hominum;
1837 5163 2011 5221 homo
2041 5166 2109 5220 de

411 5258 526 5311 quo
558 5246 892 5315 praedictum
926 5248 1159 5321 legitur,
1187 5250 1254 5305 Et
1278 5251 1442 5305 homo
1466 5253 1572 5319 est,
1601 5257 1657 5306 et
1680 5253 1808 5322 quis
1838 5262 2111 5325 agnoscet

411 5334 583 5388 eum?
615 5336 891 5408 quoniam
944 5338 1212 5397 homines
1262 5358 1362 5411 per
1391 5357 1539 5410 quos
1574 5340 1695 5396 haec
1727 5342 1961 5414 fiebant,
1996 5361 2107 5399 non

412 5426 808 5488 agnoscebant
840 5429 1133 5488 hominem
1167 5435 1369 5489 Deum.
1395 5430 1576 5488 Homo
1608 5448 1853 5502 namque
1874 5449 2111 5506 appare-

413 5506 511 5564 bat
531 5512 629 5579 qui
651 5513 805 5570 Deus
829 5516 1073 5589 latebat;
1098 5522 1427 5594 patiebatur
1446 5521 1569 5579 haac
1591 5522 1790 5579 omnia
1809 5523 1910 5596 qui
1932 5541 2107 5596 appa-

415 5598 600 5666 rebat,
620 5605 676 5656 et
695 5601 847 5659 idem
876 5606 999 5677 ipse
1018 5609 1366 5681 disponebat
1386 5612 1507 5668 haec
1528 5613 1727 5671 omnia
1747 5613 1848 5685 qui
1871 5613 2104 5693 latebat.

1354 268 1429 326 IN
1476 264 1797 327 .IOANNIS
1844 260 2369 335 EVANGELIUM,
2415 260 2480 321 S.
2528 258 2954 325 AUGUSTINI

3783 269 3940 330 1952

2223 398 2382 453 Vidit
2411 413 2544 468 ergo
2574 399 2709 469 quia
2741 400 3149 454 consummata
3179 401 3318 453 sunt
3340 399 3537 455 omnia
3560 417 3688 473 quae
3712 408 3945 474 Oporte-

2225 487 2322 542 bat
2352 491 2417 541 ut
2449 488 2652 544 fierent
2684 497 2995 561 antequam
3028 488 3315 559 acciperet
3346 495 3574 545 acetum
3599 496 3656 547 et
3684 493 3947 549 traderet

2226 576 2533 648 spiritum;
2585 582 2761 650 atque
2793 583 2857 633 ut
2892 577 3000 634 hoc
3031 580 3205 633 etiam
3238 586 3752 637 consummaretur
3784 584 3945 655 quod

2226 666 2525 739 Scriptura
2569 668 2927 738 praedixerat,
2981 671 3052 723 Et
3102 670 3161 722 in
3206 667 3307 724 siti
3346 685 3465 726 mea
3495 676 3825 740 putaverunt
3855 688 3949 727 me

2225 763 2377 812 aceto
2409 756 2579 827 (Psat.
2623 773 2812 825 vant,
2862 757 2974 823 22),
3030 757 3188 826 Sitio,
3240 758 3477 829 inquit:
3514 765 3795 831 tanquam
3845 762 3946 816 di-

2225 848 2398 912 ceret,
2454 844 2571 899 Hoc
2632 846 2824 901 minus
2885 846 3126 911 fecistis,
3177 847 3276 901 dat
3334 848 3485 916 quod
3543 850 3701 906 estis.
3749 850 3944 906 Judaei

2225 932 2437 1003 quippe
2484 932 2595 1003 ipsi
2648 937 2813 988 erant
2862 939 3116 1003 acetum,
3153 936 3571 1004 degenerantes
3601 955 3634 992 a
3663 937 3791 993 vino
3821 943 3944 993 Pa-

2225 1020 2605 1078 triarcbarum
2638 1030 2690 1077 et
2722 1023 3180 1094 Prophetarum;
3215 1028 3273 1078 et
3312 1028 3594 1095 tanquam
3640 1027 3709 1081 de
3757 1028 3939 1099 pleno

2225 1127 2381 1177 vase,
2401 1112 2470 1166 de
2498 1110 2807 1182 iniquitate
2840 1114 3042 1168 mundi
3075 1112 3258 1183 hujus
3292 1113 3540 1185 impleti,
3573 1131 3669 1171 cor
3706 1116 3944 1172 haben—

2228 1204 2311 1255 tes
2356 1200 2508 1256 velut
2554 1203 2885 1273 spongiam,
2920 1204 3254 1259 cavernosis
3301 1204 3734 1273 quodammodo
3761 1210 3943 1275 atque

2227 1289 2771 1347 tortuosislatibulis
2786 1291 3245 1349 fraudulentum.
3266 1298 3599 1366 Uyssopum
3625 1298 3819 1349 autem
3838 1296 3940 1350 cui

2226 1378 2771 1451 circumposuerunt
2808 1381 3115 1453 spongiam
3159 1388 3322 1439 aceto
3370 1382 3627 1453 plenam,
3660 1384 3940 1454 quoniam

2229 1467 2405 1525 herba
2454 1474 2543 1525 est
2594 1470 2856 1538 humilis,
2893 1478 2946 1526 et
2976 1475 3178 1543 pectus
3225 1476 3451 1543 purgat,
3488 1471 3676 1544 ipsius
3725 1471 3941 1529 Christi

2226 1559 2611 1617 humilitatem
2635 1567 3017 1633 congruenter
3035 1562 3357 1633 accipimus
3383 1579 3587 1634 :quam
3608 1562 3941 1619 circumde-

2227 1650 2459 1718 derunt,
2508 1655 2565 1707 ct
2612 1668 2673 1707 se
2722 1651 3178 1709 circumvenisse
3228 1658 3597 1724 putaverunt.
3644 1652 3805 1709 Unde
3845 1659 3939 1709 est

2225 1739 2371 1795 illud
2422 1741 2479 1796 in
2529 1742 2777 1811 psalmo,
2811 1742 3070 1814 Asperges
3121 1760 3208 1799 me
3255 1744 3502 1816 hyssopo,
3532 1749 3584 1799 et
3626 1743 3937 1801 mundabor

2224 1828 2396 1900 (Psat.
2433 1847 2482 1897 ι,
2515 1831 2595 1902 9).
2625 1831 2839 1886 Christi
2873 1848 3132 1903 namque
3171 1832 3499 1889 humilitate
3539 1834 3931 1903 mundamur;

2228 1919 2368 1991 quia
2415 1919 2528 1976 nisi
2576 1921 2945 1978 humiliasset
2994 1923 3404 1994 semetipsum,
3438 1924 3628 1979 factus
3656 1923 3937 1979 obediens

2228 2026 2415 2080 usque
2458 2011 2526 2064 ad
2572 2016 2818 2067 mortem
2854 2012 3043 2067 crucis
3071 2012 3339 2083 (Philipp.
3372 2030 3435 2080 ιι,
3470 2012 3548 2085 8),
3582 2028 3697 2068 non
3737 2013 3938 2084 utique

2227 2099 2465 2169 sanguis
2493 2102 2621 2171 ejus
2654 2101 2710 2155 in
2745 2107 3112 2172 peccatorum
3146 2102 3577 2171 remissionem,
3603 2102 3709 2158 hoc
3738 2107 3849 2171 est,
3874 2104 3933 2159 in

2229 2193 2487 2246 nostram
2521 2191 2963 2247 mundationem
2993 2192 3199 2247 fuisset
3220 2191 3462 2248 effusus.

2296 2280 2348 2333 5.
2383 2280 2498 2336 Nec
2530 2285 2756 2337 moveat
2786 2282 3079 2353 quomodo
3111 2282 3359 2353 spongia
3386 2283 3470 2338 ori
3503 2284 3631 2355 ejus
3684 2283 3936 2356 potuerit

2227 2370 2548 2441 admoveri,
2572 2371 2671 2441 qui
2703 2370 2760 2426 in
2791 2387 2960 2429 cruce
2993 2372 3183 2426 fuerat
3213 2372 3499 2427 exaltatus
3528 2376 3755 2428 aterra.
3780 2372 3933 2428 Sicut

2228 2459 2381 2515 enim
2414 2460 2568 2531 apud
2600 2459 2743 2516 alios
2773 2460 3161 2533 evangelistas
3210 2461 3438 2532 legitur,
3471 2463 3623 2533 quod
3659 2463 3751 2518 hic
3783 2479 3933 2534 pra-

2202 2596 2205 2599 .
2228 2549 2561 2615 termisit,in
2576 2551 2863 2607 arundine
2875 2559 2962 2607 est
2976 2552 3186 2608 factum
3206 2552 3747 2625 (Matth.xxvn,48,et
3762 2554 3931 2611 Marc.

2229 2656 2321 2706 xv,
2344 2641 2458 2709 36),
2483 2640 2629 2697 utin
2652 2640 2895 2712 spongia
2914 2640 3050 2697 talis
3074 2646 3243 2713 potus
3264 2643 3331 2697 ad
3356 2643 3545 2698 crucis
3566 2642 3840 2699 sublimia
3861 2644 3934 2700 le-

2229 2735 2480 2785 varetur.
2499 2732 2606 2786 Per
2628 2730 2971 2787 arundinem
2986 2748 3119 2787 vero
3136 2731 3437 2803 Scriptura
3462 2732 3930 2802 signiﬁcabatur,

2230 2837 2357 2892 qua:
2382 2821 2734 2890 implebatur
2757 2821 2861 2876 hoc
2879 2822 3040 2878 facto.
3059 2822 3385 2879 Sicutenim
3404 2824 3925 2893 linguadiciturvel

2229 2925 2416 2980 graeca
2437 2910 2521 2967 vel
2548 2912 2746 2979 latina,
2774 2911 2857 2967 vel
2882 2911 2995 2968 alia
3025 2912 3297 2983 quaelibet
3327 2929 3536 2968 sonum
3570 2912 3930 2985 signiﬁcans,

2230 3002 2332 3073 qui
2360 3001 2560 3074 lingua
2592 3001 2905 3071 promitur;
2940 3001 3023 3057 sic
3055 3002 3279 3058 arundo
3321 3001 3435 3059 dici
3482 3006 3672 3074 potest
3720 3003 3929 3071 littera,

2230 3108 2359 3164 quae
2390 3092 2674 3148 arundine
2697 3091 2989 3147 scribitur.
3017 3091 3128 3147 Sed
3153 3108 3330 3147 sonos
3353 3091 3755 3164 significantes
3775 3093 3930 3149 vocis

2229 3181 2501 3238 humanae
2543 3180 2926 3237 usitatissime
2954 3180 3206 3236 dicimus
3254 3180 3487 3251 linguas
3518 3196 3532 3236 :
3567 3180 3927 3253 Scripturam

2227 3286 2359 3327 vero
2376 3268 2717 3325 arundinem
2741 3267 2875 3339 dici,
2900 3284 3015 3341 quo
3049 3268 3245 3324 minus
3276 3276 3359 3323 est
3391 3268 3695 3339 usitatum,
3718 3286 3785 3326 eo
3817 3287 3935 3326 ma-

2227 3359 2316 3429 gis
2348 3363 2437 3414 est
2468 3358 2707 3431 mystice
2740 3358 3078 3430 figuratum.
3104 3357 3373 3414 Faciebat
3400 3356 3511 3414 ista
3543 3358 3798 3430 populus
3830 3360 3936 3415 im-

2227 3449 2378 3519 pius,
2414 3451 2742 3521 patiebatur
2784 3450 2892 3505 ista
2937 3449 3270 3505 misericors
3296 3448 3580 3504 Christus.
3615 3448 3725 3515 Qui
3757 3448 3931 3505 faeie-

2227 3538 2344 3609 bat,
2375 3540 2515 3612 quid
2566 3541 2781 3595 faceret
2830 3538 3119 3595 nesciebat
3157 3555 3171 3593 :
3204 3540 3302 3609 qui
3346 3537 3675 3609 patiebatur
3710 3544 3929 3595 autem.

2227 3644 2342 3683 non
2395 3628 2585 3685 solum
2633 3629 2766 3699 quid
2819 3629 2983 3685 ﬁeret
3030 3635 3083 3684 et
3112 3644 3215 3683 cur
3267 3628 3427 3684 ﬁeret
3457 3626 3696 3696 sciebat,
3724 3643 3928 3683 verum

2225 3717 2403 3774 etiam
2434 3719 2505 3773 de
2534 3717 2686 3774 male
2716 3717 3063 3775 facientibus
3091 3718 3240 3773 bene
3272 3718 3390 3788 ipse
3422 3718 3689 3775 faciebat.

2295 3808 2348 3863 6.
2376 3808 2507 3863 Cum
2537 3824 2664 3877 ergo
2695 3808 2990 3879 accepisset
3019 3809 3168 3863 Jcsus
3195 3811 3435 3875 acetum,
3456 3805 3643 3862 dixit:
3664 3805 3930 3862 Consum-

2223 3905 2432 3954 matum
2462 3903 2560 3954 est.
2584 3896 2751 3965 Quid,
2776 3897 2889 3953 nisi
2915 3899 3070 3968 quod
3104 3896 3406 3968 prophetia
3434 3902 3591 3951 tanto
3618 3901 3756 3952 ante
3788 3913 3929 3968 pre—

2225 3987 2487 4044 dixerat?
2504 3988 2723 4043 Deinde
2736 3987 2869 4058 quia
2891 3986 3034 4042 nihil
3058 3987 3584 4056 remanseratquod
3608 3992 3926 4057 antequam

2225 4086 2537 4135 moreretur
2569 4078 2691 4134 fieri
2716 4077 2906 4133 adhuc
2929 4080 3235 4148 Oporteret,
3260 4080 3535 4147 tanquam
3568 4075 3665 4131 ille
3692 4077 3793 4147 qui
3829 4093 3927 4147 po-

2223 4173 2495 4226 testatem
2545 4167 2794 4224 habebat
2841 4167 3092 4239 ponendi
3123 4165 3379 4222 animam
3411 4182 3598 4225 suam,
3627 4171 3685 4220 et
3714 4166 3928 4221 iterum

2224 4262 2497 4318 sumendi
2526 4276 2653 4317 eam
2684 4260 2862 4331 (Joan.
2886 4277 2943 4326 x,
2976 4260 3087 4330 18),
3122 4258 3371 4328 peractis
3404 4256 3679 4312 omnibus
3711 4274 3837 4328 qua:
3872 4264 3932 4314 ut

2224 4354 2639 4422 peragerentur
2703 4348 3091 4417 exspectabat,
3123 4347 3396 4402 Inclinato
3450 4344 3638 4417 capite
3692 4345 3930 4401 tradidit

2222 4442 2498 4511 spiritum.
2525 4438 2667 4503 Quis
2697 4438 2780 4495 ita
2809 4438 3026 4494 dormit
3047 4438 3276 4508 quando
3300 4436 3561 4504 voluerit,
3585 4435 3735 4489 sicut
3754 4434 3932 4491 Jesus

2225 4534 2492 4585 mortuus
2536 4533 2625 4586 est
2677 4528 2911 4600 quando
2957 4526 3178 4583 voluit?
3224 4525 3367 4590 Quis
3396 4526 3473 4581 ita
3502 4529 3722 4581 vestem
3766 4525 3933 4595 ponit

2224 4617 2459 4688 quando
2489 4614 2758 4683 voluerit,
2780 4614 2930 4671 sicut
2959 4630 3021 4669 se
3052 4628 3222 4669 carne
3251 4614 3411 4668 exuit
3442 4612 3671 4682 quando
3704 4608 3930 4668 voluit?

2223 4705 2361 4771 Quis
2382 4706 2462 4763 ita
2482 4722 2617 4763 cum
2642 4705 2885 4762 voluerit
2906 4704 3046 4772 abit,
3071 4703 3360 4775 quomodo
3382 4719 3511 4757 cum
3538 4700 3722 4757 voluit
3742 4701 3887 4757 obiit
3904 4698 3931 4754 ?

2222 4798 2450 4862 Quanta
2478 4796 2766 4866 speranda
2796 4793 2877 4850 vel
2913 4793 3164 4849 timenda
3193 4796 3447 4864 potestas
3469 4795 3558 4848 est
3580 4791 3927 4861 judicantis,

2222 4883 2270 4939 si
2301 4885 2573 4956 apparuit
2602 4889 2761 4940 tanta
2792 4880 3137 4939 morientis?

2752 5008 3176 5068 TRACTATUS
3218 5008 3384 5065 CXX.

2221 5124 2297 5179 Ab
2324 5137 2383 5178 co
2413 5123 2554 5194 quod
2582 5121 2846 5192 sequitur,
2878 5119 3060 5177 Judaei
3099 5135 3255 5191 ergo,
3289 5117 3567 5190 quoniam
3618 5130 3933 5188 parasceve

2291 5217 2589 5280 erat,etc.;
2612 5227 2781 5283 usque
2801 5210 2871 5266 ad
2894 5210 2967 5280 id,
2991 5207 3260 5264 Nondum
3292 5207 3451 5263 enim
3482 5204 3746 5262 sciebant
3775 5202 3930 5259 Scri-

2293 5312 2541 5374 pturam,
2594 5303 2732 5374 quia
2780 5305 3004 5373 oportet
3052 5315 3185 5355 eum
3228 5316 3260 5355 a
3300 5296 3549 5353 mortuis
3598 5309 3930 5367 resurgere.

2294 5394 2422 5464 Cap.
2454 5411 2570 5461 xix,
2602 5394 2657 5462 ᾖ.
2688 5392 2869 5462 31-42,
2900 5399 2953 5448 et
2983 5408 3100 5463 cap.
3133 5406 3227 5460 xx,
3261 5390 3315 5458 in
3350 5388 3467 5443 1-9.

2293 5524 2343 5577 1.
2375 5525 2765 5594 Posteaquam
2812 5518 3095 5577 Dominus
3138 5519 3328 5587 Iesus,
3368 5514 3615 5589 peractis
3645 5513 3926 5570 omnibus

2220 5628 2343 5683 quas
2375 5616 2509 5669 ante
2536 5627 2706 5670 suam
2736 5613 2984 5667 mortem
3032 5607 3229 5680 peragi
3256 5609 3521 5681 oportere
3560 5602 3931 5677 praeciebat;
