  <div class='ocr_page' id='page_1' title='image "/cluster/home/n/w/nwhite01/storage/ocr_20150623/35/hvd.32044054170956/326.png"; bbox 0 0 4182 6198; ppageno 0'>
   <div class='ocr_carea' id='block_1_1' title="bbox 258 236 423 298">
    <p class='ocr_par' dir='ltr' id='par_1_1' title="bbox 258 236 423 298">
     <span class='ocr_line' id='line_1_1' title="bbox 258 236 423 298; baseline -0.012 0"><span class='ocrx_word' id='word_1_1' title='bbox 258 236 423 298; x_wconf 80' lang='grc'><strong>1953</strong></span> 
     </span>
    </p>
   </div>
   <div class='ocr_carea' id='block_1_2' title="bbox 253 371 1977 449">
    <p class='ocr_par' dir='ltr' id='par_1_2' title="bbox 253 371 1977 449">
     <span class='ocr_line' id='line_1_2' title="bbox 253 371 1977 449; baseline -0.001 -17"><span class='ocrx_word' id='word_1_2' title='bbox 253 375 499 449; x_wconf 91' lang='lat' dir='ltr'><strong>quando</strong></span> <span class='ocrx_word' id='word_1_3' title='bbox 548 373 727 431; x_wconf 83' lang='lat' dir='ltr'><strong>voluit</strong></span> <span class='ocrx_word' id='word_1_4' title='bbox 777 371 1018 430; x_wconf 79' lang='lat' dir='ltr'><strong>tradidit</strong></span> <span class='ocrx_word' id='word_1_5' title='bbox 1047 372 1343 445; x_wconf 76' lang='lat' dir='ltr'><strong>spiritum,</strong></span> <span class='ocrx_word' id='word_1_6' title='bbox 1378 390 1507 446; x_wconf 59' lang='lat' dir='ltr'><strong>qua;</strong></span> <span class='ocrx_word' id='word_1_7' title='bbox 1538 373 1745 431; x_wconf 84' lang='lat' dir='ltr'><strong>deinde</strong></span> <span class='ocrx_word' id='word_1_8' title='bbox 1773 380 1977 433; x_wconf 88' lang='lat' dir='ltr'><strong>secuta</strong></span> 
     </span>
    </p>
   </div>
   <div class='ocr_carea' id='block_1_3' title="bbox 257 462 1972 537">
    <p class='ocr_par' dir='ltr' id='par_1_3' title="bbox 257 462 1972 537">
     <span class='ocr_line' id='line_1_3' title="bbox 257 462 1972 537; baseline 0 -15"><span class='ocrx_word' id='word_1_9' title='bbox 257 470 421 533; x_wconf 88' lang='lat' dir='ltr'><strong>sunt,</strong></span> <span class='ocrx_word' id='word_1_10' title='bbox 460 463 832 537; x_wconf 80' lang='lat' dir='ltr'><strong>Evangelista</strong></span> <span class='ocrx_word' id='word_1_11' title='bbox 876 466 1149 519; x_wconf 81' lang='lat' dir='ltr'><strong>narrante</strong></span> <span class='ocrx_word' id='word_1_12' title='bbox 1180 462 1503 520; x_wconf 78' lang='lat' dir='ltr'><strong>videamus.</strong></span> <span class='ocrx_word' id='word_1_13' title='bbox 1537 486 1565 514; x_wconf 85' lang='grc'><strong>‹‹</strong></span> <span class='ocrx_word' id='word_1_14' title='bbox 1595 464 1779 520; x_wconf 69' lang='lat' dir='ltr'><strong>Judaei</strong></span> <span class='ocrx_word' id='word_1_15' title='bbox 1818 481 1972 537; x_wconf 81' lang='lat' dir='ltr'><strong>ergo,</strong></span> 
     </span>
    </p>
   </div>
   <div class='ocr_carea' id='block_1_4' title="bbox 258 555 1976 628">
    <p class='ocr_par' dir='ltr' id='par_1_4' title="bbox 258 555 1976 628">
     <span class='ocr_line' id='line_1_4' title="bbox 258 555 1976 628; baseline -0.001 -17"><span class='ocrx_word' id='word_1_16' title='bbox 258 555 479 628; x_wconf 83' lang='lat' dir='ltr'><strong>inquit,</strong></span> <span class='ocrx_word' id='word_1_17' title='bbox 512 555 791 628; x_wconf 84' lang='lat' dir='ltr'><strong>quoniam</strong></span> <span class='ocrx_word' id='word_1_18' title='bbox 845 568 1152 623; x_wconf 90' lang='lat' dir='ltr'><strong>parasceve</strong></span> <span class='ocrx_word' id='word_1_19' title='bbox 1177 557 1321 617; x_wconf 87' lang='lat' dir='ltr'><strong>erat,</strong></span> <span class='ocrx_word' id='word_1_20' title='bbox 1356 557 1420 608; x_wconf 91' lang='lat' dir='ltr'><strong>ut</strong></span> <span class='ocrx_word' id='word_1_21' title='bbox 1450 570 1564 608; x_wconf 91' lang='lat' dir='ltr'><strong>non</strong></span> <span class='ocrx_word' id='word_1_22' title='bbox 1605 560 1976 613; x_wconf 82' lang='lat' dir='ltr'><strong>remanerent</strong></span> 
     </span>
    </p>
   </div>
   <div class='ocr_carea' id='block_1_5' title="bbox 252 641 1974 715">
    <p class='ocr_par' dir='ltr' id='par_1_5' title="bbox 252 641 1974 715">
     <span class='ocr_line' id='line_1_5' title="bbox 252 641 1974 715; baseline 0.001 -17"><span class='ocrx_word' id='word_1_23' title='bbox 252 644 313 699; x_wconf 90' lang='lat' dir='ltr'><strong>in</strong></span> <span class='ocrx_word' id='word_1_24' title='bbox 350 660 527 702; x_wconf 82' lang='lat' dir='ltr'><strong>cruce</strong></span> <span class='ocrx_word' id='word_1_25' title='bbox 556 659 801 714; x_wconf 86' lang='lat' dir='ltr'><strong>corpora</strong></span> <span class='ocrx_word' id='word_1_26' title='bbox 830 643 1069 698; x_wconf 89' lang='lat' dir='ltr'><strong>sabbato</strong></span> <span class='ocrx_word' id='word_1_27' title='bbox 1094 643 1241 715; x_wconf 89' lang='lat' dir='ltr'><strong>(erat</strong></span> <span class='ocrx_word' id='word_1_28' title='bbox 1263 641 1419 697; x_wconf 90' lang='lat' dir='ltr'><strong>enim</strong></span> <span class='ocrx_word' id='word_1_29' title='bbox 1454 658 1700 714; x_wconf 85' lang='lat' dir='ltr'><strong>magnus</strong></span> <span class='ocrx_word' id='word_1_30' title='bbox 1730 644 1854 701; x_wconf 89' lang='lat' dir='ltr'><strong>dies</strong></span> <span class='ocrx_word' id='word_1_31' title='bbox 1875 644 1974 700; x_wconf 90' lang='lat' dir='ltr'><strong>ille</strong></span> 
     </span>
    </p>
   </div>
   <div class='ocr_carea' id='block_1_6' title="bbox 254 732 1971 805">
    <p class='ocr_par' dir='ltr' id='par_1_6' title="bbox 254 732 1971 805">
     <span class='ocr_line' id='line_1_6' title="bbox 254 732 1971 805; baseline 0.002 -18"><span class='ocrx_word' id='word_1_32' title='bbox 254 734 539 805; x_wconf 82' lang='lat' dir='ltr'><strong>sabbati),</strong></span> <span class='ocrx_word' id='word_1_33' title='bbox 573 735 923 804; x_wconf 80' lang='lat' dir='ltr'><strong>rogaverunt</strong></span> <span class='ocrx_word' id='word_1_34' title='bbox 954 732 1204 787; x_wconf 85' lang='lat' dir='ltr'><strong>Pilatum</strong></span> <span class='ocrx_word' id='word_1_35' title='bbox 1238 737 1301 787; x_wconf 92' lang='lat' dir='ltr'><strong>ut</strong></span> <span class='ocrx_word' id='word_1_36' title='bbox 1329 732 1738 804; x_wconf 77' lang='lat' dir='ltr'><strong>frangerentur</strong></span> <span class='ocrx_word' id='word_1_37' title='bbox 1768 750 1971 791; x_wconf 88' lang='lat' dir='ltr'><strong>eorum</strong></span> 
     </span>
    </p>
   </div>
   <div class='ocr_carea' id='block_1_7' title="bbox 254 821 1972 891">
    <p class='ocr_par' dir='ltr' id='par_1_7' title="bbox 254 821 1972 891">
     <span class='ocr_line' id='line_1_7' title="bbox 254 821 1972 891; baseline 0 -12"><span class='ocrx_word' id='word_1_38' title='bbox 254 839 450 891; x_wconf 83' lang='lat' dir='ltr'><strong>crura,</strong></span> <span class='ocrx_word' id='word_1_39' title='bbox 484 828 541 878; x_wconf 92' lang='lat' dir='ltr'><strong>et</strong></span> <span class='ocrx_word' id='word_1_40' title='bbox 570 821 935 877; x_wconf 87' lang='lat' dir='ltr'><strong>tollerentur.</strong></span> <span class='ocrx_word' id='word_1_41' title='bbox 970 841 995 871; x_wconf 69' lang='grc' dir='ltr'><strong><em>ν</em></strong></span> <span class='ocrx_word' id='word_1_42' title='bbox 1028 822 1154 876; x_wconf 89' lang='lat' dir='ltr'><strong>Non</strong></span> <span class='ocrx_word' id='word_1_43' title='bbox 1186 837 1358 876; x_wconf 89' lang='lat' dir='ltr'><strong>crura</strong></span> <span class='ocrx_word' id='word_1_44' title='bbox 1391 821 1751 891; x_wconf 86' lang='lat' dir='ltr'><strong>tollerentur,</strong></span> <span class='ocrx_word' id='word_1_45' title='bbox 1780 824 1879 879; x_wconf 91' lang='lat' dir='ltr'><strong>sed</strong></span> <span class='ocrx_word' id='word_1_46' title='bbox 1916 824 1972 879; x_wconf 91' lang='lat' dir='ltr'><strong>bi</strong></span> 
     </span>
    </p>
   </div>
   <div class='ocr_carea' id='block_1_8' title="bbox 256 910 1971 983">
    <p class='ocr_par' dir='ltr' id='par_1_8' title="bbox 256 910 1971 983">
     <span class='ocr_line' id='line_1_8' title="bbox 256 910 1971 983; baseline 0.001 -16"><span class='ocrx_word' id='word_1_47' title='bbox 256 912 476 983; x_wconf 85' lang='lat' dir='ltr'><strong>quibus</strong></span> <span class='ocrx_word' id='word_1_48' title='bbox 507 912 637 967; x_wconf 90' lang='lat' dir='ltr'><strong>ideo</strong></span> <span class='ocrx_word' id='word_1_49' title='bbox 661 910 1081 983; x_wconf 82' lang='lat' dir='ltr'><strong>frangebantur</strong></span> <span class='ocrx_word' id='word_1_50' title='bbox 1104 914 1167 966; x_wconf 89' lang='lat' dir='ltr'><strong>ut</strong></span> <span class='ocrx_word' id='word_1_51' title='bbox 1189 920 1571 979; x_wconf 79' lang='lat' dir='ltr'><strong>morerentur,</strong></span> <span class='ocrx_word' id='word_1_52' title='bbox 1595 917 1653 967; x_wconf 88' lang='lat' dir='ltr'><strong>et</strong></span> <span class='ocrx_word' id='word_1_53' title='bbox 1674 913 1971 969; x_wconf 78' lang='lat' dir='ltr'><strong>auferren-</strong></span> 
     </span>
    </p>
   </div>
   <div class='ocr_carea' id='block_1_9' title="bbox 254 998 1970 1072">
    <p class='ocr_par' dir='ltr' id='par_1_9' title="bbox 254 998 1970 1072">
     <span class='ocr_line' id='line_1_9' title="bbox 254 998 1970 1072; baseline 0.001 -16"><span class='ocrx_word' id='word_1_54' title='bbox 254 1008 353 1058; x_wconf 83' lang='lat' dir='ltr'><strong>tur</strong></span> <span class='ocrx_word' id='word_1_55' title='bbox 374 1017 445 1056; x_wconf 83' lang='lat' dir='ltr'><strong>ex</strong></span> <span class='ocrx_word' id='word_1_56' title='bbox 477 999 669 1071; x_wconf 89' lang='lat' dir='ltr'><strong>ligno;</strong></span> <span class='ocrx_word' id='word_1_57' title='bbox 697 1015 768 1054; x_wconf 91' lang='lat' dir='ltr'><strong>ne</strong></span> <span class='ocrx_word' id='word_1_58' title='bbox 793 1000 1115 1070; x_wconf 90' lang='lat' dir='ltr'><strong>pendentes</strong></span> <span class='ocrx_word' id='word_1_59' title='bbox 1139 998 1197 1054; x_wconf 91' lang='lat' dir='ltr'><strong>in</strong></span> <span class='ocrx_word' id='word_1_60' title='bbox 1222 998 1494 1055; x_wconf 86' lang='lat' dir='ltr'><strong>crucibus</strong></span> <span class='ocrx_word' id='word_1_61' title='bbox 1518 1015 1794 1072; x_wconf 88' lang='lat' dir='ltr'><strong>magnum</strong></span> <span class='ocrx_word' id='word_1_62' title='bbox 1816 1001 1970 1057; x_wconf 88' lang='lat' dir='ltr'><strong>diem</strong></span> 
     </span>
    </p>
   </div>
   <div class='ocr_carea' id='block_1_10' title="bbox 254 1087 1809 1148">
    <p class='ocr_par' dir='ltr' id='par_1_10' title="bbox 254 1087 1809 1148">
     <span class='ocr_line' id='line_1_10' title="bbox 254 1087 1809 1148; baseline 0.001 -2"><span class='ocrx_word' id='word_1_63' title='bbox 254 1091 476 1147; x_wconf 88' lang='lat' dir='ltr'><strong>festum</strong></span> <span class='ocrx_word' id='word_1_64' title='bbox 507 1089 597 1144; x_wconf 85' lang='lat' dir='ltr'><strong>sui</strong></span> <span class='ocrx_word' id='word_1_65' title='bbox 629 1087 826 1144; x_wconf 90' lang='lat' dir='ltr'><strong>diurni</strong></span> <span class='ocrx_word' id='word_1_66' title='bbox 860 1089 874 1124; x_wconf 88' lang='grc'>¹</span> <span class='ocrx_word' id='word_1_67' title='bbox 912 1088 1202 1144; x_wconf 86' lang='lat' dir='ltr'><strong>cruciatus</strong></span> <span class='ocrx_word' id='word_1_68' title='bbox 1236 1088 1469 1145; x_wconf 89' lang='lat' dir='ltr'><strong>horrore</strong></span> <span class='ocrx_word' id='word_1_69' title='bbox 1507 1090 1809 1148; x_wconf 83' lang='lat' dir='ltr'><strong>fcedarent.</strong></span> 
     </span>
    </p>
   </div>
   <div class='ocr_carea' id='block_1_11' title="bbox 325 1177 1972 1252">
    <p class='ocr_par' dir='ltr' id='par_1_11' title="bbox 325 1177 1972 1252">
     <span class='ocr_line' id='line_1_11' title="bbox 325 1177 1972 1252; baseline 0.002 -19"><span class='ocrx_word' id='word_1_70' title='bbox 325 1181 381 1233; x_wconf 82' lang='lat'><strong>2.</strong></span> <span class='ocrx_word' id='word_1_71' title='bbox 411 1203 440 1229; x_wconf 89' lang='grc'><strong>‹‹</strong></span> <span class='ocrx_word' id='word_1_72' title='bbox 467 1182 763 1234; x_wconf 85' lang='lat' dir='ltr'><strong>Venerunt</strong></span> <span class='ocrx_word' id='word_1_73' title='bbox 788 1193 923 1251; x_wconf 87' lang='lat' dir='ltr'><strong>ergo</strong></span> <span class='ocrx_word' id='word_1_74' title='bbox 956 1177 1189 1247; x_wconf 87' lang='lat' dir='ltr'><strong>milites,</strong></span> <span class='ocrx_word' id='word_1_75' title='bbox 1215 1181 1271 1233; x_wconf 92' lang='lat' dir='ltr'><strong>et</strong></span> <span class='ocrx_word' id='word_1_76' title='bbox 1303 1177 1476 1249; x_wconf 86' lang='lat' dir='ltr'><strong>primi</strong></span> <span class='ocrx_word' id='word_1_77' title='bbox 1508 1178 1747 1251; x_wconf 88' lang='lat' dir='ltr'><strong>quidem</strong></span> <span class='ocrx_word' id='word_1_78' title='bbox 1783 1181 1972 1252; x_wconf 83' lang='lat' dir='ltr'><strong>frege-</strong></span> 
     </span>
    </p>
   </div>
   <div class='ocr_carea' id='block_1_12' title="bbox 254 1268 1970 1341">
    <p class='ocr_par' dir='ltr' id='par_1_12' title="bbox 254 1268 1970 1341">
     <span class='ocr_line' id='line_1_12' title="bbox 254 1268 1970 1341; baseline -0.001 -15"><span class='ocrx_word' id='word_1_79' title='bbox 254 1274 395 1326; x_wconf 88' lang='lat' dir='ltr'><strong>runt</strong></span> <span class='ocrx_word' id='word_1_80' title='bbox 426 1286 616 1335; x_wconf 88' lang='lat' dir='ltr'><strong>crura,</strong></span> <span class='ocrx_word' id='word_1_81' title='bbox 650 1274 707 1324; x_wconf 90' lang='lat' dir='ltr'><strong>et</strong></span> <span class='ocrx_word' id='word_1_82' title='bbox 739 1268 981 1324; x_wconf 76' lang='lat' dir='ltr'><strong>alterius</strong></span> <span class='ocrx_word' id='word_1_83' title='bbox 1014 1269 1114 1341; x_wconf 91' lang='lat' dir='ltr'><strong>qui</strong></span> <span class='ocrx_word' id='word_1_84' title='bbox 1146 1268 1457 1324; x_wconf 82' lang='lat' dir='ltr'><strong>crucifixus</strong></span> <span class='ocrx_word' id='word_1_85' title='bbox 1486 1273 1574 1325; x_wconf 92' lang='lat' dir='ltr'><strong>est</strong></span> <span class='ocrx_word' id='word_1_86' title='bbox 1604 1286 1737 1325; x_wconf 91' lang='lat' dir='ltr'><strong>cum</strong></span> <span class='ocrx_word' id='word_1_87' title='bbox 1770 1286 1858 1327; x_wconf 89' lang='lat' dir='ltr'><strong>eo.</strong></span> <span class='ocrx_word' id='word_1_88' title='bbox 1884 1271 1970 1326; x_wconf 85' lang='lat' dir='ltr'><strong>Ad</strong></span> 
     </span>
    </p>
   </div>
   <div class='ocr_carea' id='block_1_13' title="bbox 253 1358 1969 1431">
    <p class='ocr_par' dir='ltr' id='par_1_13' title="bbox 253 1358 1969 1431">
     <span class='ocr_line' id='line_1_13' title="bbox 253 1358 1969 1431; baseline 0 -16"><span class='ocrx_word' id='word_1_89' title='bbox 253 1360 461 1415; x_wconf 82' lang='lat' dir='ltr'><strong>Jesum</strong></span> <span class='ocrx_word' id='word_1_90' title='bbox 496 1364 689 1415; x_wconf 89' lang='lat' dir='ltr'><strong>autem</strong></span> <span class='ocrx_word' id='word_1_91' title='bbox 723 1375 852 1414; x_wconf 87' lang='lat' dir='ltr'><strong>cum</strong></span> <span class='ocrx_word' id='word_1_92' title='bbox 886 1358 1203 1430; x_wconf 86' lang='lat' dir='ltr'><strong>venissent,</strong></span> <span class='ocrx_word' id='word_1_93' title='bbox 1238 1362 1301 1414; x_wconf 92' lang='lat' dir='ltr'><strong>ut</strong></span> <span class='ocrx_word' id='word_1_94' title='bbox 1348 1358 1618 1414; x_wconf 85' lang='lat' dir='ltr'><strong>viderunt</strong></span> <span class='ocrx_word' id='word_1_95' title='bbox 1667 1376 1799 1415; x_wconf 90' lang='lat' dir='ltr'><strong>eum</strong></span> <span class='ocrx_word' id='word_1_96' title='bbox 1842 1360 1969 1431; x_wconf 89' lang='lat' dir='ltr'><strong>jam</strong></span> 
     </span>
    </p>
   </div>
   <div class='ocr_carea' id='block_1_14' title="bbox 259 1447 1969 1519">
    <p class='ocr_par' dir='ltr' id='par_1_14' title="bbox 259 1447 1969 1519">
     <span class='ocr_line' id='line_1_14' title="bbox 259 1447 1969 1519; baseline 0.001 -17"><span class='ocrx_word' id='word_1_97' title='bbox 259 1453 581 1517; x_wconf 88' lang='lat' dir='ltr'><strong>mortuum,</strong></span> <span class='ocrx_word' id='word_1_98' title='bbox 613 1464 729 1503; x_wconf 87' lang='lat' dir='ltr'><strong>non</strong></span> <span class='ocrx_word' id='word_1_99' title='bbox 761 1448 1059 1519; x_wconf 83' lang='lat' dir='ltr'><strong>fregerunt</strong></span> <span class='ocrx_word' id='word_1_100' title='bbox 1087 1447 1215 1517; x_wconf 85' lang='lat' dir='ltr'><strong>ejus</strong></span> <span class='ocrx_word' id='word_1_101' title='bbox 1237 1463 1445 1503; x_wconf 89' lang='lat' dir='ltr'><strong>crura:</strong></span> <span class='ocrx_word' id='word_1_102' title='bbox 1478 1448 1577 1503; x_wconf 89' lang='lat' dir='ltr'><strong>sed</strong></span> <span class='ocrx_word' id='word_1_103' title='bbox 1610 1464 1764 1504; x_wconf 88' lang='lat' dir='ltr'><strong>unus</strong></span> <span class='ocrx_word' id='word_1_104' title='bbox 1811 1448 1969 1505; x_wconf 84' lang='lat' dir='ltr'><strong>mili-</strong></span> 
     </span>
    </p>
   </div>
   <div class='ocr_carea' id='block_1_15' title="bbox 257 1536 1970 1607">
    <p class='ocr_par' dir='ltr' id='par_1_15' title="bbox 257 1536 1970 1607">
     <span class='ocr_line' id='line_1_15' title="bbox 257 1536 1970 1607; baseline 0.002 -15"><span class='ocrx_word' id='word_1_105' title='bbox 257 1541 381 1593; x_wconf 90' lang='lat' dir='ltr'><strong>tum</strong></span> <span class='ocrx_word' id='word_1_106' title='bbox 406 1538 612 1592; x_wconf 81' lang='lat' dir='ltr'><strong>lancea</strong></span> <span class='ocrx_word' id='word_1_107' title='bbox 634 1536 785 1592; x_wconf 87' lang='lat' dir='ltr'><strong>latus</strong></span> <span class='ocrx_word' id='word_1_108' title='bbox 806 1537 935 1606; x_wconf 83' lang='lat' dir='ltr'><strong>ejus</strong></span> <span class='ocrx_word' id='word_1_109' title='bbox 971 1536 1221 1607; x_wconf 85' lang='lat' dir='ltr'><strong>aperuit,</strong></span> <span class='ocrx_word' id='word_1_110' title='bbox 1244 1542 1300 1591; x_wconf 91' lang='lat' dir='ltr'><strong>et</strong></span> <span class='ocrx_word' id='word_1_111' title='bbox 1331 1536 1609 1593; x_wconf 90' lang='lat' dir='ltr'><strong>continuo</strong></span> <span class='ocrx_word' id='word_1_112' title='bbox 1631 1538 1804 1595; x_wconf 85' lang='lat' dir='ltr'><strong>exivit</strong></span> <span class='ocrx_word' id='word_1_113' title='bbox 1834 1555 1970 1595; x_wconf 91' lang='lat' dir='ltr'><strong>san-</strong></span> 
     </span>
    </p>
   </div>
   <div class='ocr_carea' id='block_1_16' title="bbox 256 1626 1970 1700">
    <p class='ocr_par' dir='ltr' id='par_1_16' title="bbox 256 1626 1970 1700">
     <span class='ocr_line' id='line_1_16' title="bbox 256 1626 1970 1700; baseline 0.001 -18"><span class='ocrx_word' id='word_1_114' title='bbox 256 1628 392 1700; x_wconf 88' lang='lat' dir='ltr'><strong>guis</strong></span> <span class='ocrx_word' id='word_1_115' title='bbox 416 1632 474 1682; x_wconf 90' lang='lat' dir='ltr'><strong>et</strong></span> <span class='ocrx_word' id='word_1_116' title='bbox 494 1644 668 1698; x_wconf 87' lang='lat' dir='ltr'><strong>aqua.</strong></span> <span class='ocrx_word' id='word_1_117' title='bbox 692 1649 719 1677; x_wconf 89' lang='grc'><strong>››</strong></span> <span class='ocrx_word' id='word_1_118' title='bbox 740 1626 1015 1698; x_wconf 88' lang='lat' dir='ltr'><strong>Vigilanti</strong></span> <span class='ocrx_word' id='word_1_119' title='bbox 1038 1626 1209 1682; x_wconf 79' lang='lat' dir='ltr'><strong>verbo</strong></span> <span class='ocrx_word' id='word_1_120' title='bbox 1232 1626 1602 1699; x_wconf 88' lang='lat' dir='ltr'><strong>Evangelista</strong></span> <span class='ocrx_word' id='word_1_121' title='bbox 1624 1644 1767 1684; x_wconf 88' lang='lat' dir='ltr'><strong>usus</strong></span> <span class='ocrx_word' id='word_1_122' title='bbox 1789 1632 1970 1697; x_wconf 89' lang='lat' dir='ltr'><strong>est,ut</strong></span> 
     </span>
    </p>
   </div>
   <div class='ocr_carea' id='block_1_17' title="bbox 259 1716 1971 1789">
    <p class='ocr_par' dir='ltr' id='par_1_17' title="bbox 259 1716 1971 1789">
     <span class='ocr_line' id='line_1_17' title="bbox 259 1716 1971 1789; baseline 0.001 -16"><span class='ocrx_word' id='word_1_123' title='bbox 259 1735 376 1773; x_wconf 91' lang='lat' dir='ltr'><strong>non</strong></span> <span class='ocrx_word' id='word_1_124' title='bbox 401 1717 639 1786; x_wconf 87' lang='lat' dir='ltr'><strong>diceret,</strong></span> <span class='ocrx_word' id='word_1_125' title='bbox 666 1717 842 1772; x_wconf 86' lang='lat' dir='ltr'><strong>Latus</strong></span> <span class='ocrx_word' id='word_1_126' title='bbox 874 1716 999 1787; x_wconf 90' lang='lat' dir='ltr'><strong>ejus</strong></span> <span class='ocrx_word' id='word_1_127' title='bbox 1039 1717 1342 1789; x_wconf 86' lang='lat' dir='ltr'><strong>percussit,</strong></span> <span class='ocrx_word' id='word_1_128' title='bbox 1364 1724 1461 1772; x_wconf 87' lang='lat' dir='ltr'><strong>aut</strong></span> <span class='ocrx_word' id='word_1_129' title='bbox 1499 1717 1843 1788; x_wconf 88' lang='lat' dir='ltr'><strong>vulneravit,</strong></span> <span class='ocrx_word' id='word_1_130' title='bbox 1869 1724 1971 1775; x_wconf 91' lang='lat' dir='ltr'><strong>aut</strong></span> 
     </span>
    </p>
   </div>
   <div class='ocr_carea' id='block_1_18' title="bbox 259 1805 1965 1878">
    <p class='ocr_par' dir='ltr' id='par_1_18' title="bbox 259 1805 1965 1878">
     <span class='ocr_line' id='line_1_18' title="bbox 259 1805 1965 1878; baseline 0.002 -17"><span class='ocrx_word' id='word_1_131' title='bbox 259 1806 398 1878; x_wconf 88' lang='lat' dir='ltr'><strong>quid</strong></span> <span class='ocrx_word' id='word_1_132' title='bbox 431 1806 583 1861; x_wconf 86' lang='lat' dir='ltr'><strong>aliud</strong></span> <span class='ocrx_word' id='word_1_133' title='bbox 614 1825 629 1874; x_wconf 86' lang='lat'><strong>;</strong></span> <span class='ocrx_word' id='word_1_134' title='bbox 662 1807 786 1874; x_wconf 89' lang='lat' dir='ltr'><strong>sed,</strong></span> <span class='ocrx_word' id='word_1_135' title='bbox 817 1806 1035 1876; x_wconf 84' lang='lat' dir='ltr'><strong>aperuit</strong></span> <span class='ocrx_word' id='word_1_136' title='bbox 1063 1823 1084 1861; x_wconf 90' lang='lat'><strong><em>:</em></strong></span> <span class='ocrx_word' id='word_1_137' title='bbox 1118 1810 1180 1861; x_wconf 92' lang='lat' dir='ltr'><strong>ut</strong></span> <span class='ocrx_word' id='word_1_138' title='bbox 1224 1805 1341 1862; x_wconf 91' lang='lat' dir='ltr'><strong>illic</strong></span> <span class='ocrx_word' id='word_1_139' title='bbox 1373 1807 1806 1878; x_wconf 80' lang='lat' dir='ltr'><strong>quodammodo</strong></span> <span class='ocrx_word' id='word_1_140' title='bbox 1837 1808 1965 1866; x_wconf 67' lang='lat' dir='ltr'><strong>vitai</strong></span> 
     </span>
    </p>
   </div>
   <div class='ocr_carea' id='block_1_19' title="bbox 258 1896 1965 1967">
    <p class='ocr_par' dir='ltr' id='par_1_19' title="bbox 258 1896 1965 1967">
     <span class='ocr_line' id='line_1_19' title="bbox 258 1896 1965 1967; baseline 0.004 -16"><span class='ocrx_word' id='word_1_141' title='bbox 258 1896 478 1951; x_wconf 88' lang='lat' dir='ltr'><strong>ostium</strong></span> <span class='ocrx_word' id='word_1_142' title='bbox 503 1896 872 1967; x_wconf 80' lang='lat' dir='ltr'><strong>panderetur,</strong></span> <span class='ocrx_word' id='word_1_143' title='bbox 901 1896 1053 1951; x_wconf 90' lang='lat' dir='ltr'><strong>unde</strong></span> <span class='ocrx_word' id='word_1_144' title='bbox 1076 1896 1451 1952; x_wconf 86' lang='lat' dir='ltr'><strong>Sacramenta</strong></span> <span class='ocrx_word' id='word_1_145' title='bbox 1474 1896 1741 1955; x_wconf 66' lang='lat' dir='ltr'><strong>Ecclesiae</strong></span> <span class='ocrx_word' id='word_1_146' title='bbox 1776 1916 1965 1957; x_wconf 88' lang='lat' dir='ltr'><strong>mana-</strong></span> 
     </span>
    </p>
   </div>
   <div class='ocr_carea' id='block_1_20' title="bbox 254 1984 1964 2059">
    <p class='ocr_par' dir='ltr' id='par_1_20' title="bbox 254 1984 1964 2059">
     <span class='ocr_line' id='line_1_20' title="bbox 254 1984 1964 2059; baseline 0.005 -19"><span class='ocrx_word' id='word_1_147' title='bbox 254 1989 489 2049; x_wconf 87' lang='lat' dir='ltr'><strong>verunt,</strong></span> <span class='ocrx_word' id='word_1_148' title='bbox 514 1984 640 2040; x_wconf 87' lang='lat' dir='ltr'><strong>sine</strong></span> <span class='ocrx_word' id='word_1_149' title='bbox 662 1985 873 2056; x_wconf 90' lang='lat' dir='ltr'><strong>quibus</strong></span> <span class='ocrx_word' id='word_1_150' title='bbox 911 1986 982 2041; x_wconf 91' lang='lat' dir='ltr'><strong>ad</strong></span> <span class='ocrx_word' id='word_1_151' title='bbox 1025 1985 1200 2041; x_wconf 90' lang='lat' dir='ltr'><strong>vitam</strong></span> <span class='ocrx_word' id='word_1_152' title='bbox 1242 2003 1368 2057; x_wconf 71' lang='lat' dir='ltr'><strong>quae</strong></span> <span class='ocrx_word' id='word_1_153' title='bbox 1400 2003 1533 2042; x_wconf 91' lang='lat' dir='ltr'><strong>vera</strong></span> <span class='ocrx_word' id='word_1_154' title='bbox 1570 1988 1680 2044; x_wconf 86' lang='lat' dir='ltr'><strong>vita</strong></span> <span class='ocrx_word' id='word_1_155' title='bbox 1708 1993 1811 2059; x_wconf 88' lang='lat' dir='ltr'><strong>est,</strong></span> <span class='ocrx_word' id='word_1_156' title='bbox 1848 2008 1964 2048; x_wconf 93' lang='lat' dir='ltr'><strong>non</strong></span> 
     </span>
    </p>
   </div>
   <div class='ocr_carea' id='block_1_21' title="bbox 250 2074 1963 2150">
    <p class='ocr_par' dir='ltr' id='par_1_21' title="bbox 250 2074 1963 2150">
     <span class='ocr_line' id='line_1_21' title="bbox 250 2074 1963 2150; baseline 0.004 -20"><span class='ocrx_word' id='word_1_157' title='bbox 250 2075 530 2131; x_wconf 86' lang='lat' dir='ltr'><strong>intratur.</strong></span> <span class='ocrx_word' id='word_1_158' title='bbox 554 2074 654 2130; x_wconf 89' lang='lat' dir='ltr'><strong>Ille</strong></span> <span class='ocrx_word' id='word_1_159' title='bbox 675 2075 919 2146; x_wconf 82' lang='lat' dir='ltr'><strong>sanguis</strong></span> <span class='ocrx_word' id='word_1_160' title='bbox 944 2075 1003 2130; x_wconf 91' lang='lat' dir='ltr'><strong>in</strong></span> <span class='ocrx_word' id='word_1_161' title='bbox 1028 2075 1433 2131; x_wconf 88' lang='lat' dir='ltr'><strong>remissionem</strong></span> <span class='ocrx_word' id='word_1_162' title='bbox 1456 2076 1621 2132; x_wconf 86' lang='lat' dir='ltr'><strong>fusus</strong></span> <span class='ocrx_word' id='word_1_163' title='bbox 1644 2084 1730 2133; x_wconf 88' lang='lat' dir='ltr'><strong>est</strong></span> <span class='ocrx_word' id='word_1_164' title='bbox 1760 2096 1963 2150; x_wconf 87' lang='lat' dir='ltr'><strong>pecca-</strong></span> 
     </span>
    </p>
   </div>
   <div class='ocr_carea' id='block_1_22' title="bbox 250 2163 1964 2243">
    <p class='ocr_par' dir='ltr' id='par_1_22' title="bbox 250 2163 1964 2243">
     <span class='ocr_line' id='line_1_22' title="bbox 250 2163 1964 2243; baseline 0.006 -25"><span class='ocrx_word' id='word_1_165' title='bbox 250 2168 442 2219; x_wconf 88' lang='lat' dir='ltr'><strong>torum</strong></span> <span class='ocrx_word' id='word_1_166' title='bbox 478 2180 491 2218; x_wconf 91' lang='lat'>:</span> <span class='ocrx_word' id='word_1_167' title='bbox 522 2180 675 2236; x_wconf 86' lang='lat' dir='ltr'><strong>aqua</strong></span> <span class='ocrx_word' id='word_1_168' title='bbox 698 2163 796 2220; x_wconf 91' lang='lat' dir='ltr'><strong>illa</strong></span> <span class='ocrx_word' id='word_1_169' title='bbox 819 2164 1073 2221; x_wconf 87' lang='lat' dir='ltr'><strong>salutare</strong></span> <span class='ocrx_word' id='word_1_170' title='bbox 1096 2170 1373 2237; x_wconf 89' lang='lat' dir='ltr'><strong>temperat</strong></span> <span class='ocrx_word' id='word_1_171' title='bbox 1410 2165 1724 2237; x_wconf 88' lang='lat' dir='ltr'><strong>poculum;</strong></span> <span class='ocrx_word' id='word_1_172' title='bbox 1751 2168 1873 2243; x_wconf 65' lang='lat' dir='ltr'><strong>haec</strong></span> <span class='ocrx_word' id='word_1_173' title='bbox 1907 2175 1964 2228; x_wconf 91' lang='lat' dir='ltr'><strong>et</strong></span> 
     </span>
    </p>
   </div>
   <div class='ocr_carea' id='block_1_23' title="bbox 243 2254 1958 2330">
    <p class='ocr_par' dir='ltr' id='par_1_23' title="bbox 243 2254 1958 2330">
     <span class='ocr_line' id='line_1_23' title="bbox 243 2254 1958 2330; baseline 0.005 -21"><span class='ocrx_word' id='word_1_174' title='bbox 243 2254 543 2309; x_wconf 84' lang='lat' dir='ltr'><strong>lavacrum</strong></span> <span class='ocrx_word' id='word_1_175' title='bbox 576 2258 834 2325; x_wconf 68' lang='lat' dir='ltr'><strong>praestat,</strong></span> <span class='ocrx_word' id='word_1_176' title='bbox 859 2260 916 2310; x_wconf 90' lang='lat' dir='ltr'><strong>et</strong></span> <span class='ocrx_word' id='word_1_177' title='bbox 946 2259 1168 2327; x_wconf 90' lang='lat' dir='ltr'><strong>potum.</strong></span> <span class='ocrx_word' id='word_1_178' title='bbox 1203 2258 1321 2311; x_wconf 84' lang='lat' dir='ltr'><strong>Hoc</strong></span> <span class='ocrx_word' id='word_1_179' title='bbox 1344 2256 1774 2327; x_wconf 66' lang='lat' dir='ltr'><strong>prmnuntiabat</strong></span> <span class='ocrx_word' id='word_1_180' title='bbox 1803 2262 1958 2330; x_wconf 91' lang='lat' dir='ltr'><strong>quod</strong></span> 
     </span>
    </p>
   </div>
   <div class='ocr_carea' id='block_1_24' title="bbox 244 2340 1958 2418">
    <p class='ocr_par' dir='ltr' id='par_1_24' title="bbox 244 2340 1958 2418">
     <span class='ocr_line' id='line_1_24' title="bbox 244 2340 1958 2418; baseline 0.004 -21"><span class='ocrx_word' id='word_1_181' title='bbox 244 2341 371 2397; x_wconf 88' lang='lat' dir='ltr'><strong>Noe</strong></span> <span class='ocrx_word' id='word_1_182' title='bbox 401 2340 463 2396; x_wconf 89' lang='lat' dir='ltr'><strong>in</strong></span> <span class='ocrx_word' id='word_1_183' title='bbox 502 2340 679 2397; x_wconf 90' lang='lat' dir='ltr'><strong>latere</strong></span> <span class='ocrx_word' id='word_1_184' title='bbox 717 2358 859 2397; x_wconf 86' lang='lat' dir='ltr'><strong>arcae</strong></span> <span class='ocrx_word' id='word_1_185' title='bbox 883 2342 1096 2398; x_wconf 87' lang='lat' dir='ltr'><strong>ostium</strong></span> <span class='ocrx_word' id='word_1_186' title='bbox 1138 2343 1325 2401; x_wconf 87' lang='lat' dir='ltr'><strong>facere</strong></span> <span class='ocrx_word' id='word_1_187' title='bbox 1346 2344 1547 2416; x_wconf 85' lang='lat' dir='ltr'><strong>jussus</strong></span> <span class='ocrx_word' id='word_1_188' title='bbox 1578 2351 1665 2402; x_wconf 89' lang='lat' dir='ltr'><strong>est</strong></span> <span class='ocrx_word' id='word_1_189' title='bbox 1693 2347 1847 2418; x_wconf 85' lang='lat' dir='ltr'><strong>(Gen.</strong></span> <span class='ocrx_word' id='word_1_190' title='bbox 1877 2366 1958 2418; x_wconf 76' lang='lat' dir='ltr'><strong>vr,</strong></span> 
     </span>
    </p>
   </div>
   <div class='ocr_carea' id='block_1_25' title="bbox 252 2430 1957 2503">
    <p class='ocr_par' dir='ltr' id='par_1_25' title="bbox 252 2430 1957 2503">
     <span class='ocr_line' id='line_1_25' title="bbox 252 2430 1957 2503; baseline 0.006 -19"><span class='ocrx_word' id='word_1_191' title='bbox 252 2431 367 2503; x_wconf 85' lang='lat' dir='ltr'><strong>l6),</strong></span> <span class='ocrx_word' id='word_1_192' title='bbox 402 2447 517 2501; x_wconf 89' lang='lat' dir='ltr'><strong>qua</strong></span> <span class='ocrx_word' id='word_1_193' title='bbox 544 2430 828 2486; x_wconf 89' lang='lat' dir='ltr'><strong>intrarent</strong></span> <span class='ocrx_word' id='word_1_194' title='bbox 872 2431 1148 2489; x_wconf 86' lang='lat' dir='ltr'><strong>animalia</strong></span> <span class='ocrx_word' id='word_1_195' title='bbox 1187 2450 1309 2503; x_wconf 67' lang='lat' dir='ltr'><strong>quas</strong></span> <span class='ocrx_word' id='word_1_196' title='bbox 1362 2450 1478 2490; x_wconf 90' lang='lat' dir='ltr'><strong>non</strong></span> <span class='ocrx_word' id='word_1_197' title='bbox 1526 2440 1693 2491; x_wconf 89' lang='lat' dir='ltr'><strong>erant</strong></span> <span class='ocrx_word' id='word_1_198' title='bbox 1741 2436 1957 2495; x_wconf 91' lang='lat' dir='ltr'><strong>diluvio</strong></span> 
     </span>
    </p>
   </div>
   <div class='ocr_carea' id='block_1_26' title="bbox 247 2520 1958 2599">
    <p class='ocr_par' dir='ltr' id='par_1_26' title="bbox 247 2520 1958 2599">
     <span class='ocr_line' id='line_1_26' title="bbox 247 2520 1958 2599; baseline 0.006 -24"><span class='ocrx_word' id='word_1_199' title='bbox 247 2520 533 2592; x_wconf 88' lang='lat' dir='ltr'><strong>peritura.</strong></span> <span class='ocrx_word' id='word_1_200' title='bbox 549 2522 760 2592; x_wconf 83' lang='lat' dir='ltr'><strong>quibus</strong></span> <span class='ocrx_word' id='word_1_201' title='bbox 786 2521 1270 2593; x_wconf 69' lang='lat' dir='ltr'><strong>praeﬁgurabatur</strong></span> <span class='ocrx_word' id='word_1_202' title='bbox 1290 2523 1561 2581; x_wconf 87' lang='lat' dir='ltr'><strong>Ecclesia.</strong></span> <span class='ocrx_word' id='word_1_203' title='bbox 1587 2526 1828 2599; x_wconf 88' lang='lat' dir='ltr'><strong>Propter</strong></span> <span class='ocrx_word' id='word_1_204' title='bbox 1850 2526 1958 2585; x_wconf 90' lang='lat' dir='ltr'><strong>hoc</strong></span> 
     </span>
    </p>
   </div>
   <div class='ocr_carea' id='block_1_27' title="bbox 245 2610 1951 2691">
    <p class='ocr_par' dir='ltr' id='par_1_27' title="bbox 245 2610 1951 2691">
     <span class='ocr_line' id='line_1_27' title="bbox 245 2610 1951 2691; baseline 0.006 -28"><span class='ocrx_word' id='word_1_205' title='bbox 245 2611 441 2681; x_wconf 83' lang='lat' dir='ltr'><strong>prima</strong></span> <span class='ocrx_word' id='word_1_206' title='bbox 488 2610 695 2666; x_wconf 88' lang='lat' dir='ltr'><strong>mulier</strong></span> <span class='ocrx_word' id='word_1_207' title='bbox 739 2613 887 2666; x_wconf 80' lang='lat' dir='ltr'><strong>tacta</strong></span> <span class='ocrx_word' id='word_1_208' title='bbox 916 2617 1004 2667; x_wconf 89' lang='lat' dir='ltr'><strong>est</strong></span> <span class='ocrx_word' id='word_1_209' title='bbox 1033 2613 1100 2667; x_wconf 91' lang='lat' dir='ltr'><strong>de</strong></span> <span class='ocrx_word' id='word_1_210' title='bbox 1132 2612 1311 2667; x_wconf 83' lang='lat' dir='ltr'><strong>latere</strong></span> <span class='ocrx_word' id='word_1_211' title='bbox 1342 2612 1444 2669; x_wconf 91' lang='lat' dir='ltr'><strong>viri</strong></span> <span class='ocrx_word' id='word_1_212' title='bbox 1478 2615 1821 2673; x_wconf 88' lang='lat' dir='ltr'><strong>dormientis</strong></span> <span class='ocrx_word' id='word_1_213' title='bbox 1854 2618 1951 2691; x_wconf 88' lang='lat' dir='ltr'><strong>(Id.</strong></span> 
     </span>
    </p>
   </div>
   <div class='ocr_carea' id='block_1_28' title="bbox 240 2700 1952 2780">
    <p class='ocr_par' dir='ltr' id='par_1_28' title="bbox 240 2700 1952 2780">
     <span class='ocr_line' id='line_1_28' title="bbox 240 2700 1952 2780; baseline 0.005 -24"><span class='ocrx_word' id='word_1_214' title='bbox 240 2717 304 2767; x_wconf 78' lang='grc' dir='ltr'><strong>ιι,</strong></span> <span class='ocrx_word' id='word_1_215' title='bbox 338 2700 451 2768; x_wconf 85' lang='lat'><strong>22),</strong></span> <span class='ocrx_word' id='word_1_216' title='bbox 485 2704 542 2755; x_wconf 86' lang='lat' dir='ltr'><strong>et</strong></span> <span class='ocrx_word' id='word_1_217' title='bbox 584 2700 881 2773; x_wconf 86' lang='lat' dir='ltr'><strong>appellata</strong></span> <span class='ocrx_word' id='word_1_218' title='bbox 922 2706 1012 2758; x_wconf 88' lang='lat' dir='ltr'><strong>est</strong></span> <span class='ocrx_word' id='word_1_219' title='bbox 1060 2701 1171 2758; x_wconf 90' lang='lat' dir='ltr'><strong>vita</strong></span> <span class='ocrx_word' id='word_1_220' title='bbox 1222 2706 1522 2776; x_wconf 82' lang='lat' dir='ltr'><strong>materque</strong></span> <span class='ocrx_word' id='word_1_221' title='bbox 1559 2705 1815 2763; x_wconf 85' lang='lat' dir='ltr'><strong>vivorum</strong></span> <span class='ocrx_word' id='word_1_222' title='bbox 1850 2708 1952 2780; x_wconf 86' lang='lat' dir='ltr'><strong>(Id.</strong></span> 
     </span>
    </p>
   </div>
   <div class='ocr_carea' id='block_1_29' title="bbox 241 2779 1956 2866">
    <p class='ocr_par' dir='ltr' id='par_1_29' title="bbox 241 2779 1956 2866">
     <span class='ocr_line' id='line_1_29' title="bbox 241 2779 1956 2866; baseline 0.007 -23"><span class='ocrx_word' id='word_1_223' title='bbox 241 2804 334 2855; x_wconf 79' lang='grc' dir='ltr'>ιιι,</span> <span class='ocrx_word' id='word_1_224' title='bbox 384 2789 497 2860; x_wconf 85' lang='grc'><strong>20).</strong></span> <span class='ocrx_word' id='word_1_225' title='bbox 549 2791 822 2861; x_wconf 79' lang='lat' dir='ltr'><strong>Magnum</strong></span> <span class='ocrx_word' id='word_1_226' title='bbox 872 2779 1086 2863; x_wconf 88' lang='lat' dir='ltr'><strong>quippe</strong></span> <span class='ocrx_word' id='word_1_227' title='bbox 1133 2792 1481 2862; x_wconf 82' lang='lat' dir='ltr'><strong>signiﬁcavit</strong></span> <span class='ocrx_word' id='word_1_228' title='bbox 1525 2794 1770 2866; x_wconf 89' lang='lat' dir='ltr'><strong>bonum,</strong></span> <span class='ocrx_word' id='word_1_229' title='bbox 1822 2802 1956 2855; x_wconf 88' lang='lat' dir='ltr'><strong>ante</strong></span> 
     </span>
    </p>
   </div>
   <div class='ocr_carea' id='block_1_30' title="bbox 244 2880 1951 2950">
    <p class='ocr_par' dir='ltr' id='par_1_30' title="bbox 244 2880 1951 2950">
     <span class='ocr_line' id='line_1_30' title="bbox 244 2880 1951 2950; baseline 0.008 -20"><span class='ocrx_word' id='word_1_230' title='bbox 244 2892 529 2947; x_wconf 82' lang='lat' dir='ltr'><strong>magnum</strong></span> <span class='ocrx_word' id='word_1_231' title='bbox 551 2880 1039 2950; x_wconf 64' lang='lat' dir='ltr'><strong>praevaricationis</strong></span> <span class='ocrx_word' id='word_1_232' title='bbox 1056 2881 1276 2937; x_wconf 89' lang='lat' dir='ltr'><strong>malum</strong></span> <span class='ocrx_word' id='word_1_233' title='bbox 1297 2881 1319 2916; x_wconf 78' lang='grc'>²</span> <span class='ocrx_word' id='word_1_234' title='bbox 1336 2882 1438 2938; x_wconf 89' lang='lat' dir='ltr'><strong>Hic</strong></span> <span class='ocrx_word' id='word_1_235' title='bbox 1456 2886 1751 2942; x_wconf 89' lang='lat' dir='ltr'><strong>secundus</strong></span> <span class='ocrx_word' id='word_1_236' title='bbox 1777 2887 1951 2943; x_wconf 87' lang='lat' dir='ltr'><strong>Adam</strong></span> 
     </span>
    </p>
   </div>
   <div class='ocr_carea' id='block_1_31' title="bbox 241 2966 1954 3041">
    <p class='ocr_par' dir='ltr' id='par_1_31' title="bbox 241 2966 1954 3041">
     <span class='ocr_line' id='line_1_31' title="bbox 241 2966 1954 3041; baseline 0.009 -21"><span class='ocrx_word' id='word_1_237' title='bbox 241 2966 528 3023; x_wconf 82' lang='lat' dir='ltr'><strong>inclinato</strong></span> <span class='ocrx_word' id='word_1_238' title='bbox 558 2970 748 3040; x_wconf 85' lang='lat' dir='ltr'><strong>capite</strong></span> <span class='ocrx_word' id='word_1_239' title='bbox 792 2971 849 3025; x_wconf 89' lang='lat' dir='ltr'><strong>in</strong></span> <span class='ocrx_word' id='word_1_240' title='bbox 899 2987 1069 3026; x_wconf 88' lang='lat' dir='ltr'><strong>cruce</strong></span> <span class='ocrx_word' id='word_1_241' title='bbox 1099 2972 1390 3041; x_wconf 87' lang='lat' dir='ltr'><strong>dormivit,</strong></span> <span class='ocrx_word' id='word_1_242' title='bbox 1425 2976 1486 3029; x_wconf 89' lang='lat' dir='ltr'><strong>ut</strong></span> <span class='ocrx_word' id='word_1_243' title='bbox 1516 2974 1646 3030; x_wconf 90' lang='lat' dir='ltr'><strong>inde</strong></span> <span class='ocrx_word' id='word_1_244' title='bbox 1676 2975 1954 3035; x_wconf 87' lang='lat' dir='ltr'><strong>formare-</strong></span> 
     </span>
    </p>
   </div>
   <div class='ocr_carea' id='block_1_32' title="bbox 240 3057 1954 3131">
    <p class='ocr_par' dir='ltr' id='par_1_32' title="bbox 240 3057 1954 3131">
     <span class='ocr_line' id='line_1_32' title="bbox 240 3057 1954 3131; baseline 0.009 -21"><span class='ocrx_word' id='word_1_245' title='bbox 240 3060 343 3112; x_wconf 87' lang='lat' dir='ltr'><strong>tur</strong></span> <span class='ocrx_word' id='word_1_246' title='bbox 392 3057 443 3112; x_wconf 89' lang='lat' dir='ltr'><strong>ei</strong></span> <span class='ocrx_word' id='word_1_247' title='bbox 494 3063 727 3129; x_wconf 83' lang='lat' dir='ltr'><strong>conjux,</strong></span> <span class='ocrx_word' id='word_1_248' title='bbox 760 3061 914 3131; x_wconf 91' lang='lat' dir='ltr'><strong>quod</strong></span> <span class='ocrx_word' id='word_1_249' title='bbox 947 3061 1016 3117; x_wconf 88' lang='lat' dir='ltr'><strong>de</strong></span> <span class='ocrx_word' id='word_1_250' title='bbox 1046 3059 1220 3118; x_wconf 90' lang='lat' dir='ltr'><strong>latere</strong></span> <span class='ocrx_word' id='word_1_251' title='bbox 1254 3062 1595 3120; x_wconf 86' lang='lat' dir='ltr'><strong>dormientis</strong></span> <span class='ocrx_word' id='word_1_252' title='bbox 1634 3066 1877 3125; x_wconf 82' lang='lat' dir='ltr'><strong>efﬂuxit.</strong></span> <span class='ocrx_word' id='word_1_253' title='bbox 1909 3073 1954 3127; x_wconf 92' lang='grc' dir='ltr'>Ο</span> 
     </span>
    </p>
   </div>
   <div class='ocr_carea' id='block_1_33' title="bbox 240 3150 1953 3229">
    <p class='ocr_par' dir='ltr' id='par_1_33' title="bbox 240 3150 1953 3229">
     <span class='ocr_line' id='line_1_33' title="bbox 240 3150 1953 3229; baseline 0.008 -27"><span class='ocrx_word' id='word_1_254' title='bbox 240 3163 402 3203; x_wconf 88' lang='lat' dir='ltr'><strong>mors</strong></span> <span class='ocrx_word' id='word_1_255' title='bbox 457 3150 606 3204; x_wconf 88' lang='lat' dir='ltr'><strong>unde</strong></span> <span class='ocrx_word' id='word_1_256' title='bbox 656 3150 867 3205; x_wconf 85' lang='lat' dir='ltr'><strong>mortui</strong></span> <span class='ocrx_word' id='word_1_257' title='bbox 919 3150 1302 3208; x_wconf 82' lang='lat' dir='ltr'><strong>reviviscunt!</strong></span> <span class='ocrx_word' id='word_1_258' title='bbox 1336 3153 1485 3221; x_wconf 88' lang='lat' dir='ltr'><strong>Quid</strong></span> <span class='ocrx_word' id='word_1_259' title='bbox 1528 3155 1637 3211; x_wconf 92' lang='lat' dir='ltr'><strong>isto</strong></span> <span class='ocrx_word' id='word_1_260' title='bbox 1669 3158 1953 3229; x_wconf 87' lang='lat' dir='ltr'><strong>sanguine</strong></span> 
     </span>
    </p>
   </div>
   <div class='ocr_carea' id='block_1_34' title="bbox 236 3236 1527 3311">
    <p class='ocr_par' dir='ltr' id='par_1_34' title="bbox 236 3236 1527 3311">
     <span class='ocr_line' id='line_1_34' title="bbox 236 3236 1527 3311; baseline 0.005 -19"><span class='ocrx_word' id='word_1_261' title='bbox 236 3236 565 3293; x_wconf 83' lang='lat' dir='ltr'><strong>mundius?</strong></span> <span class='ocrx_word' id='word_1_262' title='bbox 597 3239 735 3311; x_wconf 91' lang='lat' dir='ltr'><strong>quid</strong></span> <span class='ocrx_word' id='word_1_263' title='bbox 770 3238 1003 3295; x_wconf 90' lang='lat' dir='ltr'><strong>vulnere</strong></span> <span class='ocrx_word' id='word_1_264' title='bbox 1034 3240 1149 3296; x_wconf 91' lang='lat' dir='ltr'><strong>isto</strong></span> <span class='ocrx_word' id='word_1_265' title='bbox 1182 3241 1527 3299; x_wconf 83' lang='lat' dir='ltr'><strong>salubrius?</strong></span> 
     </span>
    </p>
   </div>
   <div class='ocr_carea' id='block_1_35' title="bbox 307 3327 1952 3407">
    <p class='ocr_par' dir='ltr' id='par_1_35' title="bbox 307 3327 1952 3407">
     <span class='ocr_line' id='line_1_35' title="bbox 307 3327 1952 3407; baseline 0.009 -25"><span class='ocrx_word' id='word_1_266' title='bbox 307 3328 361 3382; x_wconf 89' lang='lat'><strong>3.</strong></span> <span class='ocrx_word' id='word_1_267' title='bbox 400 3328 464 3380; x_wconf 84' lang='lat' dir='ltr'><strong>Et</strong></span> <span class='ocrx_word' id='word_1_268' title='bbox 512 3327 611 3401; x_wconf 89' lang='lat' dir='ltr'><strong>qui</strong></span> <span class='ocrx_word' id='word_1_269' title='bbox 656 3328 815 3393; x_wconf 84' lang='lat' dir='ltr'><strong>vidit,</strong></span> <span class='ocrx_word' id='word_1_270' title='bbox 869 3329 1079 3402; x_wconf 88' lang='lat' dir='ltr'><strong>inquit,</strong></span> <span class='ocrx_word' id='word_1_271' title='bbox 1129 3330 1507 3389; x_wconf 85' lang='lat' dir='ltr'><strong>testimonium</strong></span> <span class='ocrx_word' id='word_1_272' title='bbox 1550 3335 1853 3407; x_wconf 76' lang='lat' dir='ltr'><strong>perhibuit,</strong></span> <span class='ocrx_word' id='word_1_273' title='bbox 1901 3348 1952 3396; x_wconf 92' lang='lat' dir='ltr'><strong>et</strong></span> 
     </span>
    </p>
   </div>
   <div class='ocr_carea' id='block_1_36' title="bbox 230 3422 1951 3498">
    <p class='ocr_par' dir='ltr' id='par_1_36' title="bbox 230 3422 1951 3498">
     <span class='ocr_line' id='line_1_36' title="bbox 230 3422 1951 3498; baseline 0.008 -24"><span class='ocrx_word' id='word_1_274' title='bbox 230 3435 424 3475; x_wconf 84' lang='lat' dir='ltr'><strong>verum</strong></span> <span class='ocrx_word' id='word_1_275' title='bbox 450 3430 528 3474; x_wconf 83' lang='lat' dir='ltr'><strong>est</strong></span> <span class='ocrx_word' id='word_1_276' title='bbox 552 3422 921 3476; x_wconf 84' lang='lat' dir='ltr'><strong>testimonium</strong></span> <span class='ocrx_word' id='word_1_277' title='bbox 944 3423 1058 3489; x_wconf 82' lang='lat' dir='ltr'><strong>eius</strong></span> <span class='ocrx_word' id='word_1_278' title='bbox 1076 3438 1099 3479; x_wconf 90' lang='lat'><strong><em>:</em></strong></span> <span class='ocrx_word' id='word_1_279' title='bbox 1120 3430 1170 3478; x_wconf 86' lang='lat' dir='ltr'><strong>et</strong></span> <span class='ocrx_word' id='word_1_280' title='bbox 1199 3423 1300 3479; x_wconf 85' lang='lat' dir='ltr'><strong>ille</strong></span> <span class='ocrx_word' id='word_1_281' title='bbox 1330 3426 1436 3480; x_wconf 84' lang='lat' dir='ltr'><strong>scit</strong></span> <span class='ocrx_word' id='word_1_282' title='bbox 1467 3428 1599 3497; x_wconf 86' lang='lat' dir='ltr'><strong>quia</strong></span> <span class='ocrx_word' id='word_1_283' title='bbox 1631 3444 1761 3484; x_wconf 85' lang='lat' dir='ltr'><strong>vera</strong></span> <span class='ocrx_word' id='word_1_284' title='bbox 1788 3430 1951 3498; x_wconf 81' lang='lat' dir='ltr'><strong>dicit,</strong></span> 
     </span>
    </p>
   </div>
   <div class='ocr_carea' id='block_1_37' title="bbox 234 3510 1953 3586">
    <p class='ocr_par' dir='ltr' id='par_1_37' title="bbox 234 3510 1953 3586">
     <span class='ocr_line' id='line_1_37' title="bbox 234 3510 1953 3586; baseline 0.008 -22"><span class='ocrx_word' id='word_1_285' title='bbox 234 3515 377 3583; x_wconf 77' lang='lat' dir='ltr'><strong>utet</strong></span> <span class='ocrx_word' id='word_1_286' title='bbox 409 3524 500 3564; x_wconf 89' lang='lat' dir='ltr'><strong>vos</strong></span> <span class='ocrx_word' id='word_1_287' title='bbox 528 3511 777 3566; x_wconf 79' lang='lat' dir='ltr'><strong>credatis.</strong></span> <span class='ocrx_word' id='word_1_288' title='bbox 814 3510 939 3566; x_wconf 92' lang='lat' dir='ltr'><strong>Non</strong></span> <span class='ocrx_word' id='word_1_289' title='bbox 972 3512 1137 3579; x_wconf 88' lang='lat' dir='ltr'><strong>dixit,</strong></span> <span class='ocrx_word' id='word_1_290' title='bbox 1171 3521 1233 3568; x_wconf 92' lang='lat' dir='ltr'><strong>ut</strong></span> <span class='ocrx_word' id='word_1_291' title='bbox 1259 3517 1316 3568; x_wconf 89' lang='lat' dir='ltr'><strong>et</strong></span> <span class='ocrx_word' id='word_1_292' title='bbox 1347 3530 1445 3570; x_wconf 90' lang='lat' dir='ltr'><strong>vos</strong></span> <span class='ocrx_word' id='word_1_293' title='bbox 1477 3516 1713 3586; x_wconf 84' lang='lat' dir='ltr'><strong>sciatis;</strong></span> <span class='ocrx_word' id='word_1_294' title='bbox 1747 3521 1849 3575; x_wconf 91' lang='lat' dir='ltr'><strong>sed</strong></span> <span class='ocrx_word' id='word_1_295' title='bbox 1895 3527 1953 3577; x_wconf 90' lang='lat' dir='ltr'><strong>ut</strong></span> 
     </span>
    </p>
   </div>
   <div class='ocr_carea' id='block_1_38' title="bbox 234 3599 1950 3675">
    <p class='ocr_par' dir='ltr' id='par_1_38' title="bbox 234 3599 1950 3675">
     <span class='ocr_line' id='line_1_38' title="bbox 234 3599 1950 3675; baseline 0.009 -21"><span class='ocrx_word' id='word_1_296' title='bbox 234 3599 477 3655; x_wconf 77' lang='lat' dir='ltr'><strong>credatis</strong></span> <span class='ocrx_word' id='word_1_297' title='bbox 498 3617 516 3654; x_wconf 88' lang='lat'><strong><em>:</em></strong></span> <span class='ocrx_word' id='word_1_298' title='bbox 541 3601 649 3656; x_wconf 90' lang='lat' dir='ltr'><strong>scit</strong></span> <span class='ocrx_word' id='word_1_299' title='bbox 675 3602 825 3657; x_wconf 89' lang='lat' dir='ltr'><strong>enim</strong></span> <span class='ocrx_word' id='word_1_300' title='bbox 852 3602 951 3674; x_wconf 91' lang='lat' dir='ltr'><strong>qui</strong></span> <span class='ocrx_word' id='word_1_301' title='bbox 993 3602 1156 3673; x_wconf 91' lang='lat' dir='ltr'><strong>vidit,</strong></span> <span class='ocrx_word' id='word_1_302' title='bbox 1189 3604 1358 3675; x_wconf 91' lang='lat' dir='ltr'><strong>cujus</strong></span> <span class='ocrx_word' id='word_1_303' title='bbox 1389 3608 1583 3664; x_wconf 91' lang='lat' dir='ltr'><strong>credat</strong></span> <span class='ocrx_word' id='word_1_304' title='bbox 1614 3611 1950 3670; x_wconf 86' lang='lat' dir='ltr'><strong>testimonio</strong></span> 
     </span>
    </p>
   </div>
   <div class='ocr_carea' id='block_1_39' title="bbox 242 3688 1954 3772">
    <p class='ocr_par' dir='ltr' id='par_1_39' title="bbox 242 3688 1954 3772">
     <span class='ocr_line' id='line_1_39' title="bbox 242 3688 1954 3772; baseline 0.011 -31"><span class='ocrx_word' id='word_1_305' title='bbox 242 3688 345 3765; x_wconf 80' lang='lat' dir='ltr'><strong>qui</strong></span> <span class='ocrx_word' id='word_1_306' title='bbox 383 3705 501 3743; x_wconf 87' lang='lat' dir='ltr'><strong>non</strong></span> <span class='ocrx_word' id='word_1_307' title='bbox 530 3689 694 3745; x_wconf 91' lang='lat' dir='ltr'><strong>vidit.</strong></span> <span class='ocrx_word' id='word_1_308' title='bbox 723 3690 907 3763; x_wconf 87' lang='lat' dir='ltr'><strong>Magis</strong></span> <span class='ocrx_word' id='word_1_309' title='bbox 937 3696 1128 3748; x_wconf 85' lang='lat' dir='ltr'><strong>autem</strong></span> <span class='ocrx_word' id='word_1_310' title='bbox 1154 3694 1223 3748; x_wconf 93' lang='lat' dir='ltr'><strong>ad</strong></span> <span class='ocrx_word' id='word_1_311' title='bbox 1250 3694 1422 3751; x_wconf 84' lang='lat' dir='ltr'><strong>ﬁdem</strong></span> <span class='ocrx_word' id='word_1_312' title='bbox 1443 3699 1675 3754; x_wconf 89' lang='lat' dir='ltr'><strong>credere</strong></span> <span class='ocrx_word' id='word_1_313' title='bbox 1706 3701 1954 3772; x_wconf 90' lang='lat' dir='ltr'><strong>pertinet</strong></span> 
     </span>
    </p>
   </div>
   <div class='ocr_carea' id='block_1_40' title="bbox 242 3777 1951 3858">
    <p class='ocr_par' dir='ltr' id='par_1_40' title="bbox 242 3777 1951 3858">
     <span class='ocr_line' id='line_1_40' title="bbox 242 3777 1951 3858; baseline 0.01 -27"><span class='ocrx_word' id='word_1_314' title='bbox 242 3794 424 3849; x_wconf 89' lang='lat' dir='ltr'><strong>quam</strong></span> <span class='ocrx_word' id='word_1_315' title='bbox 450 3777 661 3834; x_wconf 88' lang='lat' dir='ltr'><strong>videre.</strong></span> <span class='ocrx_word' id='word_1_316' title='bbox 686 3778 826 3834; x_wconf 89' lang='lat' dir='ltr'><strong>Nam</strong></span> <span class='ocrx_word' id='word_1_317' title='bbox 853 3780 993 3852; x_wconf 90' lang='lat' dir='ltr'><strong>quid</strong></span> <span class='ocrx_word' id='word_1_318' title='bbox 1017 3785 1105 3837; x_wconf 91' lang='lat' dir='ltr'><strong>est</strong></span> <span class='ocrx_word' id='word_1_319' title='bbox 1126 3781 1283 3838; x_wconf 89' lang='lat' dir='ltr'><strong>aliud</strong></span> <span class='ocrx_word' id='word_1_320' title='bbox 1304 3785 1560 3853; x_wconf 91' lang='lat' dir='ltr'><strong>credere,</strong></span> <span class='ocrx_word' id='word_1_321' title='bbox 1577 3803 1750 3858; x_wconf 89' lang='lat' dir='ltr'><strong>quam</strong></span> <span class='ocrx_word' id='word_1_322' title='bbox 1776 3790 1951 3848; x_wconf 84' lang='lat' dir='ltr'><strong>ﬁdem</strong></span> 
     </span>
    </p>
   </div>
   <div class='ocr_carea' id='block_1_41' title="bbox 239 3871 1956 3949">
    <p class='ocr_par' dir='ltr' id='par_1_41' title="bbox 239 3871 1956 3949">
     <span class='ocr_line' id='line_1_41' title="bbox 239 3871 1956 3949; baseline 0.009 -25"><span class='ocrx_word' id='word_1_323' title='bbox 239 3871 729 3927; x_wconf 78' lang='lat' dir='ltr'><strong>accommodare?</strong></span> <span class='ocrx_word' id='word_1_324' title='bbox 757 3872 917 3926; x_wconf 81' lang='lat' dir='ltr'><strong>Facta</strong></span> <span class='ocrx_word' id='word_1_325' title='bbox 953 3878 1085 3927; x_wconf 87' lang='lat' dir='ltr'><strong>sunt</strong></span> <span class='ocrx_word' id='word_1_326' title='bbox 1114 3874 1265 3929; x_wconf 89' lang='lat' dir='ltr'><strong>enim</strong></span> <span class='ocrx_word' id='word_1_327' title='bbox 1305 3874 1439 3945; x_wconf 58' lang='lat' dir='ltr'><strong>hac,</strong></span> <span class='ocrx_word' id='word_1_328' title='bbox 1473 3876 1682 3949; x_wconf 90' lang='lat' dir='ltr'><strong>inquit,</strong></span> <span class='ocrx_word' id='word_1_329' title='bbox 1714 3888 1777 3936; x_wconf 87' lang='lat' dir='ltr'><strong>ut</strong></span> <span class='ocrx_word' id='word_1_330' title='bbox 1808 3881 1956 3939; x_wconf 86' lang='lat' dir='ltr'><strong>Scri-</strong></span> 
     </span>
    </p>
   </div>
   <div class='ocr_carea' id='block_1_42' title="bbox 229 3958 1954 4033">
    <p class='ocr_par' dir='ltr' id='par_1_42' title="bbox 229 3958 1954 4033">
     <span class='ocr_line' id='line_1_42' title="bbox 229 3958 1954 4033; baseline 0.009 -18"><span class='ocrx_word' id='word_1_331' title='bbox 229 3971 400 4033; x_wconf 81' lang='lat' dir='ltr'><strong>ptura</strong></span> <span class='ocrx_word' id='word_1_332' title='bbox 435 3958 778 4028; x_wconf 78' lang='lat' dir='ltr'><strong>impleretur.</strong></span> <span class='ocrx_word' id='word_1_333' title='bbox 804 3963 874 4019; x_wconf 85' lang='lat' dir='ltr'><strong>Os</strong></span> <span class='ocrx_word' id='word_1_334' title='bbox 907 3979 1017 4019; x_wconf 84' lang='lat' dir='ltr'><strong>non</strong></span> <span class='ocrx_word' id='word_1_335' title='bbox 1047 3966 1434 4023; x_wconf 85' lang='lat' dir='ltr'><strong>comminuetis</strong></span> <span class='ocrx_word' id='word_1_336' title='bbox 1454 3983 1525 4024; x_wconf 74' lang='lat' dir='ltr'><strong>ex</strong></span> <span class='ocrx_word' id='word_1_337' title='bbox 1551 3984 1632 4026; x_wconf 88' lang='lat' dir='ltr'><strong>eo.</strong></span> <span class='ocrx_word' id='word_1_338' title='bbox 1658 3972 1723 4027; x_wconf 91' lang='lat' dir='ltr'><strong>Et</strong></span> <span class='ocrx_word' id='word_1_339' title='bbox 1750 3972 1954 4031; x_wconf 82' lang='lat' dir='ltr'><strong>iterum</strong></span> 
     </span>
    </p>
   </div>
   <div class='ocr_carea' id='block_1_43' title="bbox 232 4050 1948 4131">
    <p class='ocr_par' dir='ltr' id='par_1_43' title="bbox 232 4050 1948 4131">
     <span class='ocr_line' id='line_1_43' title="bbox 232 4050 1948 4131; baseline 0.008 -26"><span class='ocrx_word' id='word_1_340' title='bbox 232 4052 357 4105; x_wconf 83' lang='lat' dir='ltr'><strong>alia</strong></span> <span class='ocrx_word' id='word_1_341' title='bbox 402 4051 690 4121; x_wconf 82' lang='lat' dir='ltr'><strong>Scriptura</strong></span> <span class='ocrx_word' id='word_1_342' title='bbox 738 4050 891 4121; x_wconf 81' lang='lat' dir='ltr'><strong>dicit,</strong></span> <span class='ocrx_word' id='word_1_343' title='bbox 945 4052 1219 4110; x_wconf 77' lang='lat' dir='ltr'><strong>Videbunt</strong></span> <span class='ocrx_word' id='word_1_344' title='bbox 1267 4055 1325 4109; x_wconf 84' lang='lat' dir='ltr'><strong>in</strong></span> <span class='ocrx_word' id='word_1_345' title='bbox 1375 4072 1537 4125; x_wconf 86' lang='lat' dir='ltr'><strong>quem</strong></span> <span class='ocrx_word' id='word_1_346' title='bbox 1585 4060 1948 4131; x_wconf 74' lang='lat' dir='ltr'><strong>conﬁxerunt.</strong></span> 
     </span>
    </p>
   </div>
   <div class='ocr_carea' id='block_1_44' title="bbox 237 4142 1951 4223">
    <p class='ocr_par' dir='ltr' id='par_1_44' title="bbox 237 4142 1951 4223">
     <span class='ocr_line' id='line_1_44' title="bbox 237 4142 1951 4223; baseline 0.008 -25"><span class='ocrx_word' id='word_1_347' title='bbox 237 4142 366 4223; x_wconf 79' lang='lat' dir='ltr'><strong>Duo</strong></span> <span class='ocrx_word' id='word_1_348' title='bbox 396 4142 739 4201; x_wconf 85' lang='lat' dir='ltr'><strong>testimonia</strong></span> <span class='ocrx_word' id='word_1_349' title='bbox 769 4144 838 4200; x_wconf 88' lang='lat' dir='ltr'><strong>de</strong></span> <span class='ocrx_word' id='word_1_350' title='bbox 867 4143 1182 4217; x_wconf 89' lang='lat' dir='ltr'><strong>Scripturis</strong></span> <span class='ocrx_word' id='word_1_351' title='bbox 1213 4148 1465 4205; x_wconf 88' lang='lat' dir='ltr'><strong>reddidit</strong></span> <span class='ocrx_word' id='word_1_352' title='bbox 1494 4151 1743 4223; x_wconf 84' lang='lat' dir='ltr'><strong>singulis</strong></span> <span class='ocrx_word' id='word_1_353' title='bbox 1776 4156 1951 4212; x_wconf 90' lang='lat' dir='ltr'><strong>rebus</strong></span> 
     </span>
    </p>
   </div>
   <div class='ocr_carea' id='block_1_45' title="bbox 238 4220 1949 4314">
    <p class='ocr_par' dir='ltr' id='par_1_45' title="bbox 238 4220 1949 4314">
     <span class='ocr_line' id='line_1_45' title="bbox 238 4220 1949 4314; baseline 0.009 -28"><span class='ocrx_word' id='word_1_354' title='bbox 238 4220 387 4303; x_wconf 74' lang='lat' dir='ltr'><strong>quas</strong></span> <span class='ocrx_word' id='word_1_355' title='bbox 437 4230 617 4287; x_wconf 84' lang='lat' dir='ltr'><strong>factas</strong></span> <span class='ocrx_word' id='word_1_356' title='bbox 670 4231 844 4289; x_wconf 81' lang='lat' dir='ltr'><strong>fuisse</strong></span> <span class='ocrx_word' id='word_1_357' title='bbox 893 4235 1167 4291; x_wconf 87' lang='lat' dir='ltr'><strong>narravit.</strong></span> <span class='ocrx_word' id='word_1_358' title='bbox 1218 4239 1357 4293; x_wconf 81' lang='lat' dir='ltr'><strong>Nam</strong></span> <span class='ocrx_word' id='word_1_359' title='bbox 1407 4239 1542 4309; x_wconf 88' lang='lat' dir='ltr'><strong>quia</strong></span> <span class='ocrx_word' id='word_1_360' title='bbox 1584 4220 1827 4314; x_wconf 82' lang='lat' dir='ltr'><strong>dixerat,</strong></span> <span class='ocrx_word' id='word_1_361' title='bbox 1868 4245 1949 4302; x_wconf 80' lang='lat' dir='ltr'><strong>Ad</strong></span> 
     </span>
    </p>
   </div>
   <div class='ocr_carea' id='block_1_46' title="bbox 232 4324 1948 4401">
    <p class='ocr_par' dir='ltr' id='par_1_46' title="bbox 232 4324 1948 4401">
     <span class='ocr_line' id='line_1_46' title="bbox 232 4324 1948 4401; baseline 0.009 -26"><span class='ocrx_word' id='word_1_362' title='bbox 232 4324 428 4376; x_wconf 86' lang='lat' dir='ltr'><strong>Jesum</strong></span> <span class='ocrx_word' id='word_1_363' title='bbox 456 4329 641 4376; x_wconf 87' lang='lat' dir='ltr'><strong>autem</strong></span> <span class='ocrx_word' id='word_1_364' title='bbox 673 4338 799 4378; x_wconf 83' lang='lat' dir='ltr'><strong>cum</strong></span> <span class='ocrx_word' id='word_1_365' title='bbox 830 4326 1127 4392; x_wconf 74' lang='lat' dir='ltr'><strong>venissent,</strong></span> <span class='ocrx_word' id='word_1_366' title='bbox 1150 4329 1209 4381; x_wconf 88' lang='lat' dir='ltr'><strong>ut</strong></span> <span class='ocrx_word' id='word_1_367' title='bbox 1238 4327 1636 4386; x_wconf 86' lang='lat' dir='ltr'><strong>viderunteum</strong></span> <span class='ocrx_word' id='word_1_368' title='bbox 1656 4332 1780 4401; x_wconf 88' lang='lat' dir='ltr'><strong>jam</strong></span> <span class='ocrx_word' id='word_1_369' title='bbox 1807 4349 1948 4391; x_wconf 87' lang='lat' dir='ltr'><strong>mor-</strong></span> 
     </span>
    </p>
   </div>
   <div class='ocr_carea' id='block_1_47' title="bbox 232 4413 1943 4489">
    <p class='ocr_par' dir='ltr' id='par_1_47' title="bbox 232 4413 1943 4489">
     <span class='ocr_line' id='line_1_47' title="bbox 232 4413 1943 4489; baseline 0.009 -23"><span class='ocrx_word' id='word_1_370' title='bbox 232 4418 415 4478; x_wconf 87' lang='lat' dir='ltr'><strong>tuum,</strong></span> <span class='ocrx_word' id='word_1_371' title='bbox 449 4428 563 4466; x_wconf 87' lang='lat' dir='ltr'><strong>non</strong></span> <span class='ocrx_word' id='word_1_372' title='bbox 586 4413 873 4483; x_wconf 79' lang='lat' dir='ltr'><strong>fregerunt</strong></span> <span class='ocrx_word' id='word_1_373' title='bbox 901 4414 1017 4484; x_wconf 84' lang='lat' dir='ltr'><strong>ejus</strong></span> <span class='ocrx_word' id='word_1_374' title='bbox 1047 4430 1231 4482; x_wconf 83' lang='lat' dir='ltr'><strong>crura,</strong></span> <span class='ocrx_word' id='word_1_375' title='bbox 1266 4418 1337 4472; x_wconf 91' lang='lat' dir='ltr'><strong>ad</strong></span> <span class='ocrx_word' id='word_1_376' title='bbox 1370 4417 1478 4473; x_wconf 89' lang='lat' dir='ltr'><strong>hoc</strong></span> <span class='ocrx_word' id='word_1_377' title='bbox 1494 4421 1745 4489; x_wconf 88' lang='lat' dir='ltr'><strong>pertinet</strong></span> <span class='ocrx_word' id='word_1_378' title='bbox 1776 4425 1943 4481; x_wconf 85' lang='lat' dir='ltr'><strong>testi-</strong></span> 
     </span>
    </p>
   </div>
   <div class='ocr_carea' id='block_1_48' title="bbox 230 4500 1945 4584">
    <p class='ocr_par' dir='ltr' id='par_1_48' title="bbox 230 4500 1945 4584">
     <span class='ocr_line' id='line_1_48' title="bbox 230 4500 1945 4584; baseline 0.009 -29"><span class='ocrx_word' id='word_1_379' title='bbox 230 4500 522 4569; x_wconf 88' lang='lat' dir='ltr'><strong>monium,</strong></span> <span class='ocrx_word' id='word_1_380' title='bbox 549 4502 613 4559; x_wconf 82' lang='lat' dir='ltr'><strong>Os</strong></span> <span class='ocrx_word' id='word_1_381' title='bbox 643 4519 757 4557; x_wconf 89' lang='lat' dir='ltr'><strong>non</strong></span> <span class='ocrx_word' id='word_1_382' title='bbox 781 4506 1159 4560; x_wconf 84' lang='lat' dir='ltr'><strong>comminuetis</strong></span> <span class='ocrx_word' id='word_1_383' title='bbox 1179 4522 1248 4561; x_wconf 79' lang='lat' dir='ltr'><strong>ea:</strong></span> <span class='ocrx_word' id='word_1_384' title='bbox 1287 4524 1351 4562; x_wconf 91' lang='lat' dir='ltr'><strong>eo</strong></span> <span class='ocrx_word' id='word_1_385' title='bbox 1372 4526 1392 4564; x_wconf 84' lang='lat'><strong><em>:</em></strong></span> <span class='ocrx_word' id='word_1_386' title='bbox 1415 4510 1566 4579; x_wconf 84' lang='lat' dir='ltr'><strong>quod</strong></span> <span class='ocrx_word' id='word_1_387' title='bbox 1596 4518 1945 4584; x_wconf 73' lang='lat' dir='ltr'><strong>praeceptum</strong></span> 
     </span>
    </p>
   </div>
   <div class='ocr_carea' id='block_1_49' title="bbox 227 4591 1944 4666">
    <p class='ocr_par' dir='ltr' id='par_1_49' title="bbox 227 4591 1944 4666">
     <span class='ocr_line' id='line_1_49' title="bbox 227 4591 1944 4666; baseline 0.009 -20"><span class='ocrx_word' id='word_1_388' title='bbox 227 4596 319 4647; x_wconf 89' lang='lat' dir='ltr'><strong>est</strong></span> <span class='ocrx_word' id='word_1_389' title='bbox 352 4591 440 4646; x_wconf 92' lang='lat' dir='ltr'><strong>eis</strong></span> <span class='ocrx_word' id='word_1_390' title='bbox 471 4591 570 4663; x_wconf 92' lang='lat' dir='ltr'><strong>qui</strong></span> <span class='ocrx_word' id='word_1_391' title='bbox 604 4591 894 4650; x_wconf 89' lang='lat' dir='ltr'><strong>celebrare</strong></span> <span class='ocrx_word' id='word_1_392' title='bbox 927 4594 1145 4650; x_wconf 86' lang='lat' dir='ltr'><strong>Pascha</strong></span> <span class='ocrx_word' id='word_1_393' title='bbox 1166 4596 1323 4666; x_wconf 88' lang='lat' dir='ltr'><strong>jussi</strong></span> <span class='ocrx_word' id='word_1_394' title='bbox 1354 4604 1493 4655; x_wconf 91' lang='lat' dir='ltr'><strong>sunt</strong></span> <span class='ocrx_word' id='word_1_395' title='bbox 1523 4601 1645 4657; x_wconf 91' lang='lat' dir='ltr'><strong>ovis</strong></span> <span class='ocrx_word' id='word_1_396' title='bbox 1678 4603 1944 4661; x_wconf 85' lang='lat' dir='ltr'><strong>immola-</strong></span> 
     </span>
    </p>
   </div>
   <div class='ocr_carea' id='block_1_50' title="bbox 229 4680 1948 4758">
    <p class='ocr_par' dir='ltr' id='par_1_50' title="bbox 229 4680 1948 4758">
     <span class='ocr_line' id='line_1_50' title="bbox 229 4680 1948 4758; baseline 0.01 -24"><span class='ocrx_word' id='word_1_397' title='bbox 229 4680 393 4735; x_wconf 88' lang='lat' dir='ltr'><strong>tione</strong></span> <span class='ocrx_word' id='word_1_398' title='bbox 426 4680 484 4735; x_wconf 92' lang='lat' dir='ltr'><strong>in</strong></span> <span class='ocrx_word' id='word_1_399' title='bbox 508 4681 684 4737; x_wconf 88' lang='lat' dir='ltr'><strong>veteri</strong></span> <span class='ocrx_word' id='word_1_400' title='bbox 720 4683 878 4751; x_wconf 79' lang='lat' dir='ltr'><strong>Lege,</strong></span> <span class='ocrx_word' id='word_1_401' title='bbox 904 4700 1030 4755; x_wconf 64' lang='lat' dir='ltr'><strong>quae</strong></span> <span class='ocrx_word' id='word_1_402' title='bbox 1062 4685 1379 4743; x_wconf 63' lang='lat' dir='ltr'><strong>Dominicis</strong></span> <span class='ocrx_word' id='word_1_403' title='bbox 1416 4691 1705 4758; x_wconf 88' lang='lat' dir='ltr'><strong>passionis</strong></span> <span class='ocrx_word' id='word_1_404' title='bbox 1737 4695 1948 4752; x_wconf 89' lang='lat' dir='ltr'><strong>umbra</strong></span> 
     </span>
    </p>
   </div>
   <div class='ocr_carea' id='block_1_51' title="bbox 231 4770 1946 4841">
    <p class='ocr_par' dir='ltr' id='par_1_51' title="bbox 231 4770 1946 4841">
     <span class='ocr_line' id='line_1_51' title="bbox 231 4770 1946 4841; baseline 0.01 -18"><span class='ocrx_word' id='word_1_405' title='bbox 231 4776 640 4841; x_wconf 84' lang='lat' dir='ltr'><strong>praecesserat.</strong></span> <span class='ocrx_word' id='word_1_406' title='bbox 658 4770 818 4827; x_wconf 87' lang='lat' dir='ltr'><strong>Unde</strong></span> <span class='ocrx_word' id='word_1_407' title='bbox 844 4776 1052 4830; x_wconf 82' lang='lat' dir='ltr'><strong>Pascha</strong></span> <span class='ocrx_word' id='word_1_408' title='bbox 1080 4782 1325 4832; x_wconf 86' lang='lat' dir='ltr'><strong>nostrum</strong></span> <span class='ocrx_word' id='word_1_409' title='bbox 1345 4778 1666 4837; x_wconf 81' lang='lat' dir='ltr'><strong>immolatus</strong></span> <span class='ocrx_word' id='word_1_410' title='bbox 1683 4788 1763 4838; x_wconf 84' lang='lat' dir='ltr'><strong>est</strong></span> <span class='ocrx_word' id='word_1_411' title='bbox 1786 4784 1946 4841; x_wconf 83' lang='lat' dir='ltr'><strong>Chri-</strong></span> 
     </span>
    </p>
   </div>
   <div class='ocr_carea' id='block_1_52' title="bbox 226 4860 1945 4943">
    <p class='ocr_par' dir='ltr' id='par_1_52' title="bbox 226 4860 1945 4943">
     <span class='ocr_line' id='line_1_52' title="bbox 226 4860 1945 4943; baseline 0.01 -30"><span class='ocrx_word' id='word_1_412' title='bbox 226 4866 349 4914; x_wconf 82' lang='lat' dir='ltr'><strong>stus</strong></span> <span class='ocrx_word' id='word_1_413' title='bbox 377 4860 423 4929; x_wconf 83' lang='grc' dir='ltr'>(Ι</span> <span class='ocrx_word' id='word_1_414' title='bbox 451 4860 580 4915; x_wconf 85' lang='lat' dir='ltr'><strong>Cor.</strong></span> <span class='ocrx_word' id='word_1_415' title='bbox 606 4877 665 4928; x_wconf 87' lang='lat' dir='ltr'><strong>v,</strong></span> <span class='ocrx_word' id='word_1_416' title='bbox 686 4861 742 4932; x_wconf 89' lang='lat'><strong>7)</strong></span> <span class='ocrx_word' id='word_1_417' title='bbox 768 4878 781 4917; x_wconf 93' lang='lat'><strong>:</strong></span> <span class='ocrx_word' id='word_1_418' title='bbox 806 4863 877 4918; x_wconf 92' lang='lat' dir='ltr'><strong>de</strong></span> <span class='ocrx_word' id='word_1_419' title='bbox 902 4879 1017 4933; x_wconf 93' lang='lat' dir='ltr'><strong>quo</strong></span> <span class='ocrx_word' id='word_1_420' title='bbox 1050 4868 1105 4920; x_wconf 91' lang='lat' dir='ltr'><strong>et</strong></span> <span class='ocrx_word' id='word_1_421' title='bbox 1137 4866 1316 4921; x_wconf 87' lang='lat' dir='ltr'><strong>Isaias</strong></span> <span class='ocrx_word' id='word_1_422' title='bbox 1350 4868 1634 4940; x_wconf 88' lang='lat' dir='ltr'><strong>propheta</strong></span> <span class='ocrx_word' id='word_1_423' title='bbox 1665 4873 1945 4943; x_wconf 66' lang='lat' dir='ltr'><strong>praedixe-</strong></span> 
     </span>
    </p>
   </div>
   <div class='ocr_carea' id='block_1_53' title="bbox 229 4949 1943 5036">
    <p class='ocr_par' dir='ltr' id='par_1_53' title="bbox 229 4949 1943 5036">
     <span class='ocr_line' id='line_1_53' title="bbox 229 4949 1943 5036; baseline 0.01 -34"><span class='ocrx_word' id='word_1_424' title='bbox 229 4953 340 5016; x_wconf 86' lang='lat' dir='ltr'><strong>rat,</strong></span> <span class='ocrx_word' id='word_1_425' title='bbox 373 4949 531 5004; x_wconf 81' lang='lat' dir='ltr'><strong>Sicut</strong></span> <span class='ocrx_word' id='word_1_426' title='bbox 552 4951 663 5005; x_wconf 85' lang='lat' dir='ltr'><strong>ovis</strong></span> <span class='ocrx_word' id='word_1_427' title='bbox 682 4949 754 5005; x_wconf 85' lang='lat' dir='ltr'><strong>ad</strong></span> <span class='ocrx_word' id='word_1_428' title='bbox 787 4953 1187 5008; x_wconf 82' lang='lat' dir='ltr'><strong>immolandum</strong></span> <span class='ocrx_word' id='word_1_429' title='bbox 1214 4953 1406 5011; x_wconf 83' lang='lat' dir='ltr'><strong>ductus</strong></span> <span class='ocrx_word' id='word_1_430' title='bbox 1435 4966 1513 5013; x_wconf 88' lang='lat' dir='ltr'><strong>est</strong></span> <span class='ocrx_word' id='word_1_431' title='bbox 1544 4959 1693 5030; x_wconf 88' lang='lat' dir='ltr'><strong>(Isai.</strong></span> <span class='ocrx_word' id='word_1_432' title='bbox 1722 4978 1842 5031; x_wconf 85' lang='lat' dir='ltr'><strong>Lm,</strong></span> <span class='ocrx_word' id='word_1_433' title='bbox 1862 4963 1943 5036; x_wconf 87' lang='grc'><strong>7).</strong></span> 
     </span>
    </p>
   </div>
   <div class='ocr_carea' id='block_1_54' title="bbox 227 5037 1946 5113">
    <p class='ocr_par' dir='ltr' id='par_1_54' title="bbox 227 5037 1946 5113">
     <span class='ocr_line' id='line_1_54' title="bbox 227 5037 1946 5113; baseline 0.009 -20"><span class='ocrx_word' id='word_1_434' title='bbox 227 5038 376 5093; x_wconf 83' lang='lat' dir='ltr'><strong>Item</strong></span> <span class='ocrx_word' id='word_1_435' title='bbox 412 5037 549 5109; x_wconf 89' lang='lat' dir='ltr'><strong>quia</strong></span> <span class='ocrx_word' id='word_1_436' title='bbox 579 5040 966 5113; x_wconf 86' lang='lat' dir='ltr'><strong>subjunxerat</strong></span> <span class='ocrx_word' id='word_1_437' title='bbox 998 5043 1219 5111; x_wconf 90' lang='lat' dir='ltr'><strong>dicens,</strong></span> <span class='ocrx_word' id='word_1_438' title='bbox 1243 5046 1348 5101; x_wconf 87' lang='lat' dir='ltr'><strong>Sed</strong></span> <span class='ocrx_word' id='word_1_439' title='bbox 1378 5064 1520 5103; x_wconf 86' lang='lat' dir='ltr'><strong>unus</strong></span> <span class='ocrx_word' id='word_1_440' title='bbox 1548 5049 1795 5106; x_wconf 84' lang='lat' dir='ltr'><strong>militum</strong></span> <span class='ocrx_word' id='word_1_441' title='bbox 1825 5053 1946 5107; x_wconf 87' lang='lat' dir='ltr'><strong>lan-</strong></span> 
     </span>
    </p>
   </div>
   <div class='ocr_carea' id='block_1_55' title="bbox 227 5128 1941 5208">
    <p class='ocr_par' dir='ltr' id='par_1_55' title="bbox 227 5128 1941 5208">
     <span class='ocr_line' id='line_1_55' title="bbox 227 5128 1941 5208; baseline 0.009 -25"><span class='ocrx_word' id='word_1_442' title='bbox 227 5143 327 5183; x_wconf 82' lang='lat' dir='ltr'><strong>cea</strong></span> <span class='ocrx_word' id='word_1_443' title='bbox 361 5128 512 5185; x_wconf 84' lang='lat' dir='ltr'><strong>latus</strong></span> <span class='ocrx_word' id='word_1_444' title='bbox 546 5130 664 5200; x_wconf 74' lang='lat' dir='ltr'><strong>ejus</strong></span> <span class='ocrx_word' id='word_1_445' title='bbox 694 5134 957 5203; x_wconf 83' lang='lat' dir='ltr'><strong>aperuit;</strong></span> <span class='ocrx_word' id='word_1_446' title='bbox 984 5133 1054 5189; x_wconf 90' lang='lat' dir='ltr'><strong>ad</strong></span> <span class='ocrx_word' id='word_1_447' title='bbox 1086 5133 1195 5190; x_wconf 91' lang='lat' dir='ltr'><strong>hoc</strong></span> <span class='ocrx_word' id='word_1_448' title='bbox 1227 5139 1475 5208; x_wconf 86' lang='lat' dir='ltr'><strong>pertinet</strong></span> <span class='ocrx_word' id='word_1_449' title='bbox 1505 5139 1751 5197; x_wconf 90' lang='lat' dir='ltr'><strong>alterum</strong></span> <span class='ocrx_word' id='word_1_450' title='bbox 1778 5143 1941 5199; x_wconf 85' lang='lat' dir='ltr'><strong>testi-</strong></span> 
     </span>
    </p>
   </div>
   <div class='ocr_carea' id='block_1_56' title="bbox 294 5386 1411 5455">
    <p class='ocr_par' dir='ltr' id='par_1_56' title="bbox 294 5386 1411 5455">
     <span class='ocr_line' id='line_1_56' title="bbox 294 5386 1411 5455; baseline 0.009 -20"><span class='ocrx_word' id='word_1_451' title='bbox 294 5386 315 5455; x_wconf 66' lang='grc' dir='ltr'><em>ξ</em></span> <span class='ocrx_word' id='word_1_452' title='bbox 346 5386 786 5455; x_wconf 60' lang='lat' dir='ltr'><strong>Lov.,__diutu_rni.</strong></span> <span class='ocrx_word' id='word_1_453' title='bbox 818 5390 917 5440; x_wconf 80' lang='lat' dir='ltr'><strong>Alii</strong></span> <span class='ocrx_word' id='word_1_454' title='bbox 948 5391 1174 5455; x_wconf 87' lang='lat' dir='ltr'><strong>codices,</strong></span> <span class='ocrx_word' id='word_1_455' title='bbox 1205 5393 1411 5445; x_wconf 81' lang='lat' dir='ltr'><strong>diurni.</strong></span> 
     </span>
    </p>
   </div>
   <div class='ocr_carea' id='block_1_57' title="bbox 292 5447 1936 5521">
    <p class='ocr_par' dir='ltr' id='par_1_57' title="bbox 292 5447 1936 5521">
     <span class='ocr_line' id='line_1_57' title="bbox 292 5447 1936 5521; baseline 0.009 -26"><span class='ocrx_word' id='word_1_456' title='bbox 292 5447 321 5521; x_wconf 55' lang='grc' dir='ltr'><strong>ξ</strong></span> <span class='ocrx_word' id='word_1_457' title='bbox 349 5448 407 5497; x_wconf 88' lang='lat' dir='ltr'><strong>In</strong></span> <span class='ocrx_word' id='word_1_458' title='bbox 439 5450 617 5499; x_wconf 88' lang='lat' dir='ltr'><strong>tribus</strong></span> <span class='ocrx_word' id='word_1_459' title='bbox 646 5449 789 5513; x_wconf 63' lang='lat' dir='ltr'><strong>Msa,</strong></span> <span class='ocrx_word' id='word_1_460' title='bbox 838 5457 891 5521; x_wconf 81' lang='lat' dir='ltr'><strong>et</strong></span> <span class='ocrx_word' id='word_1_461' title='bbox 930 5456 1086 5521; x_wconf 11' lang='lat' dir='ltr'><strong>apud;</strong></span> <span class='ocrx_word' id='word_1_462' title='bbox 1114 5447 1420 5521; x_wconf 77' lang='lat' dir='ltr'><strong>Alcuinum,</strong></span> <span class='ocrx_word' id='word_1_463' title='bbox 1470 5462 1585 5516; x_wconf 85' lang='lat' dir='ltr'><strong>post</strong></span> <span class='ocrx_word' id='word_1_464' title='bbox 1613 5459 1728 5510; x_wconf 71' lang='lat' dir='ltr'><strong>hinc</strong></span> <span class='ocrx_word' id='word_1_465' title='bbox 1755 5462 1936 5521; x_wconf 81' lang='lat' dir='ltr'><strong>verba,</strong></span> 
     </span>
    </p>
   </div>
   <div class='ocr_carea' id='block_1_58' title="bbox 222 5514 1939 5583">
    <p class='ocr_par' dir='ltr' id='par_1_58' title="bbox 222 5514 1939 5583">
     <span class='ocr_line' id='line_1_58' title="bbox 222 5514 1939 5583; baseline 0.008 -23"><span class='ocrx_word' id='word_1_466' title='bbox 222 5514 351 5579; x_wconf 57' lang='lat' dir='ltr'><strong>ante</strong></span> <span class='ocrx_word' id='word_1_467' title='bbox 379 5526 633 5583; x_wconf 72' lang='lat' dir='ltr'><strong>magnum</strong></span> <span class='ocrx_word' id='word_1_468' title='bbox 660 5514 1112 5583; x_wconf 60' lang='lat' dir='ltr'><strong>praevaricationis</strong></span> <span class='ocrx_word' id='word_1_469' title='bbox 1141 5520 1361 5583; x_wconf 84' lang='lat' dir='ltr'><strong>malum,</strong></span> <span class='ocrx_word' id='word_1_470' title='bbox 1399 5514 1629 5580; x_wconf 86' lang='lat' dir='ltr'><strong>additur,</strong></span> <span class='ocrx_word' id='word_1_471' title='bbox 1677 5523 1730 5573; x_wconf 87' lang='lat' dir='ltr'><strong>in</strong></span> <span class='ocrx_word' id='word_1_472' title='bbox 1758 5514 1939 5576; x_wconf 74' lang='lat' dir='ltr'><strong>habitu</strong></span> 
     </span>
    </p>
   </div>
   <div class='ocr_carea' id='block_1_59' title="bbox 210 5574 895 5631">
    <p class='ocr_par' dir='ltr' id='par_1_59' title="bbox 210 5574 895 5631">
     <span class='ocr_line' id='line_1_59' title="bbox 210 5574 895 5631; baseline 0.013 -10"><span class='ocrx_word' id='word_1_473' title='bbox 210 5574 454 5631; x_wconf 81' lang='lat' dir='ltr'><strong>jacentis</strong></span> <span class='ocrx_word' id='word_1_474' title='bbox 469 5574 541 5625; x_wconf 64' lang='grc' dir='ltr'><strong>’σι</strong></span> <span class='ocrx_word' id='word_1_475' title='bbox 569 5574 895 5630; x_wconf 69' lang='lat' dir='ltr'><strong>dormientis.</strong></span> 
     </span>
    </p>
   </div>
   <div class='ocr_carea' id='block_1_60' title="bbox 1443 235 2619 306">
    <p class='ocr_par' dir='ltr' id='par_1_60' title="bbox 1443 235 2619 306">
     <span class='ocr_line' id='line_1_60' title="bbox 1443 235 2619 306; baseline 0.009 -10"><span class='ocrx_word' id='word_1_476' title='bbox 1443 235 1906 299; x_wconf 82' lang='lat' dir='ltr'><strong>TRACTATUS</strong></span> <span class='ocrx_word' id='word_1_477' title='bbox 1953 239 2126 301; x_wconf 87' lang='lat' dir='ltr'><strong>CXX.</strong></span> <span class='ocrx_word' id='word_1_478' title='bbox 2172 241 2426 305; x_wconf 87' lang='lat' dir='ltr'>CAPUT</span> <span class='ocrx_word' id='word_1_479' title='bbox 2470 244 2619 306; x_wconf 83' lang='lat' dir='ltr'><strong>XIX.</strong></span> 
     </span>
    </p>
   </div>
   <div class='ocr_carea' id='block_1_61' title="bbox 3641 273 3799 338">
    <p class='ocr_par' dir='ltr' id='par_1_61' title="bbox 3641 273 3799 338">
     <span class='ocr_line' id='line_1_61' title="bbox 3641 273 3799 338; baseline 0.013 -2"><span class='ocrx_word' id='word_1_480' title='bbox 3641 273 3799 338; x_wconf 73' lang='grc'><strong>1954</strong></span> 
     </span>
    </p>
   </div>
   <div class='ocr_carea' id='block_1_62' title="bbox 2091 378 3802 474">
    <p class='ocr_par' dir='ltr' id='par_1_62' title="bbox 2091 378 3802 474">
     <span class='ocr_line' id='line_1_62' title="bbox 2091 378 3802 474; baseline 0.02 -41"><span class='ocrx_word' id='word_1_481' title='bbox 2091 378 2354 434; x_wconf 90' lang='lat' dir='ltr'><strong>monium</strong></span> <span class='ocrx_word' id='word_1_482' title='bbox 2370 421 2384 448; x_wconf 94' lang='lat'><strong>,</strong></span> <span class='ocrx_word' id='word_1_483' title='bbox 2411 380 2682 439; x_wconf 86' lang='lat' dir='ltr'><strong>Videbunt</strong></span> <span class='ocrx_word' id='word_1_484' title='bbox 2704 387 2761 440; x_wconf 89' lang='lat' dir='ltr'><strong>in</strong></span> <span class='ocrx_word' id='word_1_485' title='bbox 2777 403 2935 459; x_wconf 86' lang='lat' dir='ltr'><strong>quem</strong></span> <span class='ocrx_word' id='word_1_486' title='bbox 2956 392 3329 461; x_wconf 71' lang='lat' dir='ltr'><strong>eonﬁxerunt:</strong></span> <span class='ocrx_word' id='word_1_487' title='bbox 3354 401 3450 455; x_wconf 92' lang='lat' dir='ltr'><strong>ubi</strong></span> <span class='ocrx_word' id='word_1_488' title='bbox 3476 409 3802 474; x_wconf 85' lang='lat' dir='ltr'><strong>promissus</strong></span> 
     </span>
    </p>
   </div>
   <div class='ocr_carea' id='block_1_63' title="bbox 2085 467 3796 558">
    <p class='ocr_par' dir='ltr' id='par_1_63' title="bbox 2085 467 3796 558">
     <span class='ocr_line' id='line_1_63' title="bbox 2085 467 3796 558; baseline 0.019 -35"><span class='ocrx_word' id='word_1_489' title='bbox 2085 472 2171 523; x_wconf 87' lang='lat' dir='ltr'><strong>est</strong></span> <span class='ocrx_word' id='word_1_490' title='bbox 2191 467 2481 539; x_wconf 86' lang='lat' dir='ltr'><strong>Christus,</strong></span> <span class='ocrx_word' id='word_1_491' title='bbox 2508 472 2566 527; x_wconf 91' lang='lat' dir='ltr'><strong>in</strong></span> <span class='ocrx_word' id='word_1_492' title='bbox 2599 488 2665 528; x_wconf 89' lang='lat' dir='ltr'><strong>ea</strong></span> <span class='ocrx_word' id='word_1_493' title='bbox 2688 491 2803 547; x_wconf 91' lang='lat' dir='ltr'><strong>qua</strong></span> <span class='ocrx_word' id='word_1_494' title='bbox 2828 480 3139 538; x_wconf 84' lang='lat' dir='ltr'><strong>cruciﬁxus</strong></span> <span class='ocrx_word' id='word_1_495' title='bbox 3166 494 3251 539; x_wconf 89' lang='lat' dir='ltr'><strong>est</strong></span> <span class='ocrx_word' id='word_1_496' title='bbox 3288 467 3796 558; x_wconf 40' lang='lat' dir='ltr'><strong>carne-venturus.</strong></span> 
     </span>
    </p>
   </div>
   <div class='ocr_carea' id='block_1_64' title="bbox 2154 557 3798 653">
    <p class='ocr_par' dir='ltr' id='par_1_64' title="bbox 2154 557 3798 653">
     <span class='ocr_line' id='line_1_64' title="bbox 2154 557 3798 653; baseline 0.024 -48"><span class='ocrx_word' id='word_1_497' title='bbox 2154 557 2206 653; x_wconf 47' lang='lat' dir='ltr'><strong>If.</strong></span> <span class='ocrx_word' id='word_1_498' title='bbox 2239 579 2269 608; x_wconf 85' lang='lat'><strong><em>«</em></strong></span> <span class='ocrx_word' id='word_1_499' title='bbox 2308 558 2458 653; x_wconf 53' lang='lat' dir='ltr'><strong>Post</strong></span> <span class='ocrx_word' id='word_1_500' title='bbox 2487 561 2608 616; x_wconf 59' lang='lat' dir='ltr'><strong>hac</strong></span> <span class='ocrx_word' id='word_1_501' title='bbox 2658 568 2853 620; x_wconf 86' lang='lat' dir='ltr'><strong>autem</strong></span> <span class='ocrx_word' id='word_1_502' title='bbox 2904 571 3130 638; x_wconf 87' lang='lat' dir='ltr'><strong>rogavit</strong></span> <span class='ocrx_word' id='word_1_503' title='bbox 3161 573 3411 633; x_wconf 86' lang='lat' dir='ltr'><strong>Pilatum</strong></span> <span class='ocrx_word' id='word_1_504' title='bbox 3462 581 3677 653; x_wconf 84' lang='lat' dir='ltr'><strong>Joseph</strong></span> <span class='ocrx_word' id='word_1_505' title='bbox 3725 557 3798 646; x_wconf 88' lang='lat' dir='ltr'><strong>ab</strong></span> 
     </span>
    </p>
   </div>
   <div class='ocr_carea' id='block_1_65' title="bbox 2085 646 3799 737">
    <p class='ocr_par' dir='ltr' id='par_1_65' title="bbox 2085 646 3799 737">
     <span class='ocr_line' id='line_1_65' title="bbox 2085 646 3799 737; baseline 0.02 -39"><span class='ocrx_word' id='word_1_506' title='bbox 2085 646 2412 703; x_wconf 88' lang='lat' dir='ltr'><strong>Arimatbia</strong></span> <span class='ocrx_word' id='word_1_507' title='bbox 2441 649 2528 719; x_wconf 87' lang='lat' dir='ltr'><strong>(eo</strong></span> <span class='ocrx_word' id='word_1_508' title='bbox 2562 653 2715 722; x_wconf 90' lang='lat' dir='ltr'><strong>quod</strong></span> <span class='ocrx_word' id='word_1_509' title='bbox 2767 660 2923 712; x_wconf 90' lang='lat' dir='ltr'><strong>esset</strong></span> <span class='ocrx_word' id='word_1_510' title='bbox 2965 659 3291 731; x_wconf 86' lang='lat' dir='ltr'><strong>discipulus</strong></span> <span class='ocrx_word' id='word_1_511' title='bbox 3343 667 3505 737; x_wconf 87' lang='lat' dir='ltr'><strong>Jesu,</strong></span> <span class='ocrx_word' id='word_1_512' title='bbox 3537 646 3799 733; x_wconf 79' lang='lat' dir='ltr'><strong>occultus</strong></span> 
     </span>
    </p>
   </div>
   <div class='ocr_carea' id='block_1_66' title="bbox 2080 740 3801 837">
    <p class='ocr_par' dir='ltr' id='par_1_66' title="bbox 2080 740 3801 837">
     <span class='ocr_line' id='line_1_66' title="bbox 2080 740 3801 837; baseline 0.02 -49"><span class='ocrx_word' id='word_1_513' title='bbox 2080 740 2276 837; x_wconf 70' lang='lat' dir='ltr'><strong>autem</strong></span> <span class='ocrx_word' id='word_1_514' title='bbox 2304 746 2532 809; x_wconf 88' lang='lat' dir='ltr'><strong>propter</strong></span> <span class='ocrx_word' id='word_1_515' title='bbox 2556 746 2773 837; x_wconf 76' lang='lat' dir='ltr'><strong>metum</strong></span> <span class='ocrx_word' id='word_1_516' title='bbox 2818 745 3195 822; x_wconf 76' lang='lat' dir='ltr'><strong>Judaeorum),</strong></span> <span class='ocrx_word' id='word_1_517' title='bbox 3226 759 3286 811; x_wconf 90' lang='lat' dir='ltr'><strong>ut</strong></span> <span class='ocrx_word' id='word_1_518' title='bbox 3329 757 3553 817; x_wconf 90' lang='lat' dir='ltr'><strong>tolleret</strong></span> <span class='ocrx_word' id='word_1_519' title='bbox 3586 780 3801 837; x_wconf 88' lang='lat' dir='ltr'><strong>corpus</strong></span> 
     </span>
    </p>
   </div>
   <div class='ocr_carea' id='block_1_67' title="bbox 2080 824 3799 927">
    <p class='ocr_par' dir='ltr' id='par_1_67' title="bbox 2080 824 3799 927">
     <span class='ocr_line' id='line_1_67' title="bbox 2080 824 3799 927; baseline 0.02 -49"><span class='ocrx_word' id='word_1_520' title='bbox 2080 824 2221 927; x_wconf 51' lang='lat' dir='ltr'><strong>{esu</strong></span> <span class='ocrx_word' id='word_1_521' title='bbox 2257 840 2271 878; x_wconf 86' lang='lat'><strong>:</strong></span> <span class='ocrx_word' id='word_1_522' title='bbox 2305 831 2362 882; x_wconf 91' lang='lat' dir='ltr'><strong>et</strong></span> <span class='ocrx_word' id='word_1_523' title='bbox 2391 829 2922 927; x_wconf 82' lang='lat' dir='ltr'><strong>permisitPilatus.</strong></span> <span class='ocrx_word' id='word_1_524' title='bbox 2949 836 3120 894; x_wconf 89' lang='lat' dir='ltr'><strong>Venit</strong></span> <span class='ocrx_word' id='word_1_525' title='bbox 3150 857 3308 913; x_wconf 89' lang='lat' dir='ltr'><strong>ergo,</strong></span> <span class='ocrx_word' id='word_1_526' title='bbox 3336 851 3393 902; x_wconf 91' lang='lat' dir='ltr'><strong>et</strong></span> <span class='ocrx_word' id='word_1_527' title='bbox 3428 849 3552 905; x_wconf 90' lang='lat' dir='ltr'><strong>tulit</strong></span> <span class='ocrx_word' id='word_1_528' title='bbox 3585 824 3799 927; x_wconf 75' lang='lat' dir='ltr'><strong>corpus</strong></span> 
     </span>
    </p>
   </div>
   <div class='ocr_carea' id='block_1_68' title="bbox 2080 913 3792 1003">
    <p class='ocr_par' dir='ltr' id='par_1_68' title="bbox 2080 913 3792 1003">
     <span class='ocr_line' id='line_1_68' title="bbox 2080 913 3792 1003; baseline 0.02 -36"><span class='ocrx_word' id='word_1_529' title='bbox 2080 913 2245 969; x_wconf 89' lang='lat' dir='ltr'><strong>Jesu.</strong></span> <span class='ocrx_word' id='word_1_530' title='bbox 2280 916 2455 972; x_wconf 89' lang='lat' dir='ltr'><strong>Venit</strong></span> <span class='ocrx_word' id='word_1_531' title='bbox 2482 923 2681 975; x_wconf 88' lang='lat' dir='ltr'><strong>autem</strong></span> <span class='ocrx_word' id='word_1_532' title='bbox 2708 925 3078 995; x_wconf 84' lang='lat' dir='ltr'><strong>Nicodemus,</strong></span> <span class='ocrx_word' id='word_1_533' title='bbox 3104 931 3203 1002; x_wconf 90' lang='lat' dir='ltr'><strong>qui</strong></span> <span class='ocrx_word' id='word_1_534' title='bbox 3234 941 3472 992; x_wconf 88' lang='lat' dir='ltr'><strong>venerat</strong></span> <span class='ocrx_word' id='word_1_535' title='bbox 3491 942 3557 994; x_wconf 91' lang='lat' dir='ltr'><strong>ad</strong></span> <span class='ocrx_word' id='word_1_536' title='bbox 3590 913 3792 1003; x_wconf 69' lang='lat' dir='ltr'><strong>Jesum</strong></span> 
     </span>
    </p>
   </div>
   <div class='ocr_carea' id='block_1_69' title="bbox 2080 1536 3794 1631">
    <p class='ocr_par' dir='ltr' id='par_1_69' title="bbox 2080 1536 3794 1631">
     <span class='ocr_line' id='line_1_69' title="bbox 2080 1536 3794 1631; baseline 0.018 -39"><span class='ocrx_word' id='word_1_537' title='bbox 2080 1536 2227 1631; x_wconf 70' lang='lat' dir='ltr'><strong>gelii</strong></span> <span class='ocrx_word' id='word_1_538' title='bbox 2260 1538 2350 1593; x_wconf 91' lang='lat' dir='ltr'><strong>sui</strong></span> <span class='ocrx_word' id='word_1_539' title='bbox 2398 1540 2664 1610; x_wconf 87' lang='lat' dir='ltr'><strong>partibus</strong></span> <span class='ocrx_word' id='word_1_540' title='bbox 2709 1543 2887 1615; x_wconf 85' lang='lat' dir='ltr'><strong>(Joan.</strong></span> <span class='ocrx_word' id='word_1_541' title='bbox 2923 1564 3008 1616; x_wconf 83' lang='grc' dir='ltr'>ιιι,</span> <span class='ocrx_word' id='word_1_542' title='bbox 3043 1551 3095 1615; x_wconf 86' lang='grc'><strong>1,</strong></span> <span class='ocrx_word' id='word_1_543' title='bbox 3127 1552 3207 1623; x_wconf 87' lang='grc'><strong>2).</strong></span> <span class='ocrx_word' id='word_1_544' title='bbox 3243 1554 3345 1611; x_wconf 85' lang='lat' dir='ltr'><strong>Hic</strong></span> <span class='ocrx_word' id='word_1_545' title='bbox 3393 1574 3527 1631; x_wconf 86' lang='lat' dir='ltr'><strong>ergo</strong></span> <span class='ocrx_word' id='word_1_546' title='bbox 3576 1563 3794 1623; x_wconf 88' lang='lat' dir='ltr'><strong>intelli-</strong></span> 
     </span>
    </p>
   </div>
   <div class='ocr_carea' id='block_1_70' title="bbox 2079 1628 3794 1726">
    <p class='ocr_par' dir='ltr' id='par_1_70' title="bbox 2079 1628 3794 1726">
     <span class='ocr_line' id='line_1_70' title="bbox 2079 1628 3794 1726; baseline 0.017 -43"><span class='ocrx_word' id='word_1_547' title='bbox 2079 1628 2338 1700; x_wconf 88' lang='lat' dir='ltr'><strong>gendum</strong></span> <span class='ocrx_word' id='word_1_548' title='bbox 2369 1633 2458 1684; x_wconf 90' lang='lat' dir='ltr'><strong>est</strong></span> <span class='ocrx_word' id='word_1_549' title='bbox 2487 1631 2553 1685; x_wconf 88' lang='lat' dir='ltr'><strong>ad</strong></span> <span class='ocrx_word' id='word_1_550' title='bbox 2584 1631 2944 1700; x_wconf 87' lang='lat' dir='ltr'><strong>Jesum,non</strong></span> <span class='ocrx_word' id='word_1_551' title='bbox 2974 1640 3114 1697; x_wconf 84' lang='lat' dir='ltr'><strong>tunc</strong></span> <span class='ocrx_word' id='word_1_552' title='bbox 3144 1628 3483 1712; x_wconf 82' lang='lat' dir='ltr'><strong>solum,sed</strong></span> <span class='ocrx_word' id='word_1_553' title='bbox 3505 1654 3647 1711; x_wconf 90' lang='lat' dir='ltr'><strong>tunc</strong></span> <span class='ocrx_word' id='word_1_554' title='bbox 3671 1657 3794 1726; x_wconf 89' lang='lat' dir='ltr'><strong>pri-</strong></span> 
     </span>
    </p>
   </div>
   <div class='ocr_carea' id='block_1_71' title="bbox 2082 1718 3793 1811">
    <p class='ocr_par' dir='ltr' id='par_1_71' title="bbox 2082 1718 3793 1811">
     <span class='ocr_line' id='line_1_71' title="bbox 2082 1718 3793 1811; baseline 0.019 -39"><span class='ocrx_word' id='word_1_555' title='bbox 2082 1733 2245 1772; x_wconf 88' lang='lat' dir='ltr'><strong>mum</strong></span> <span class='ocrx_word' id='word_1_556' title='bbox 2269 1718 2496 1775; x_wconf 91' lang='lat' dir='ltr'><strong>venisse</strong></span> <span class='ocrx_word' id='word_1_557' title='bbox 2516 1720 2930 1796; x_wconf 73' lang='lat' dir='ltr'><strong>Nicodamum;</strong></span> <span class='ocrx_word' id='word_1_558' title='bbox 2953 1731 3266 1790; x_wconf 90' lang='lat' dir='ltr'><strong>ventitasse</strong></span> <span class='ocrx_word' id='word_1_559' title='bbox 3286 1741 3483 1796; x_wconf 89' lang='lat' dir='ltr'><strong>autem</strong></span> <span class='ocrx_word' id='word_1_560' title='bbox 3509 1718 3702 1811; x_wconf 74' lang='lat' dir='ltr'><strong>postea</strong></span> <span class='ocrx_word' id='word_1_561' title='bbox 3725 1752 3793 1804; x_wconf 90' lang='lat' dir='ltr'><strong>ut</strong></span> 
     </span>
    </p>
   </div>
   <div class='ocr_carea' id='block_1_72' title="bbox 2079 1807 3791 1894">
    <p class='ocr_par' dir='ltr' id='par_1_72' title="bbox 2079 1807 3791 1894">
     <span class='ocr_line' id='line_1_72' title="bbox 2079 1807 3791 1894; baseline 0.019 -32"><span class='ocrx_word' id='word_1_562' title='bbox 2079 1807 2243 1863; x_wconf 79' lang='lat' dir='ltr'><strong>fieret</strong></span> <span class='ocrx_word' id='word_1_563' title='bbox 2274 1808 2563 1866; x_wconf 90' lang='lat' dir='ltr'><strong>audiendo</strong></span> <span class='ocrx_word' id='word_1_564' title='bbox 2586 1812 2910 1885; x_wconf 85' lang='lat' dir='ltr'><strong>discipulus</strong></span> <span class='ocrx_word' id='word_1_565' title='bbox 2936 1834 2949 1871; x_wconf 95' lang='lat'><em>:</em></span> <span class='ocrx_word' id='word_1_566' title='bbox 2975 1821 3129 1889; x_wconf 93' lang='lat' dir='ltr'><strong>quod</strong></span> <span class='ocrx_word' id='word_1_567' title='bbox 3164 1833 3315 1880; x_wconf 89' lang='lat' dir='ltr'><strong>certe</strong></span> <span class='ocrx_word' id='word_1_568' title='bbox 3346 1807 3595 1886; x_wconf 77' lang='lat' dir='ltr'><strong>modoin</strong></span> <span class='ocrx_word' id='word_1_569' title='bbox 3622 1850 3791 1894; x_wconf 90' lang='lat' dir='ltr'><strong>reve-</strong></span> 
     </span>
    </p>
   </div>
   <div class='ocr_carea' id='block_1_73' title="bbox 2078 1895 3790 1996">
    <p class='ocr_par' dir='ltr' id='par_1_73' title="bbox 2078 1895 3790 1996">
     <span class='ocr_line' id='line_1_73' title="bbox 2078 1895 3790 1996; baseline 0.019 -47"><span class='ocrx_word' id='word_1_570' title='bbox 2078 1895 2567 1996; x_wconf 74' lang='lat' dir='ltr'><strong>lationecorporis</strong></span> <span class='ocrx_word' id='word_1_571' title='bbox 2586 1899 2912 1959; x_wconf 87' lang='lat' dir='ltr'><strong>beatissimi</strong></span> <span class='ocrx_word' id='word_1_572' title='bbox 2929 1906 3209 1979; x_wconf 84' lang='lat' dir='ltr'><strong>Stephani</strong></span> <span class='ocrx_word' id='word_1_573' title='bbox 3229 1913 3344 1970; x_wconf 85' lang='lat' dir='ltr'><strong>fere</strong></span> <span class='ocrx_word' id='word_1_574' title='bbox 3360 1919 3637 1979; x_wconf 89' lang='lat' dir='ltr'><strong>omnibus</strong></span> <span class='ocrx_word' id='word_1_575' title='bbox 3654 1941 3790 1996; x_wconf 88' lang='lat' dir='ltr'><strong>gen-</strong></span> 
     </span>
    </p>
   </div>
   <div class='ocr_carea' id='block_1_74' title="bbox 2075 1986 3787 2084">
    <p class='ocr_par' dir='ltr' id='par_1_74' title="bbox 2075 1986 3787 2084">
     <span class='ocr_line' id='line_1_74' title="bbox 2075 1986 3787 2084; baseline 0.019 -43"><span class='ocrx_word' id='word_1_576' title='bbox 2075 1986 2235 2043; x_wconf 90' lang='lat' dir='ltr'><strong>tibus</strong></span> <span class='ocrx_word' id='word_1_577' title='bbox 2266 1986 2598 2045; x_wconf 87' lang='lat' dir='ltr'><strong>declaratur</strong></span> <span class='ocrx_word' id='word_1_578' title='bbox 2628 1992 2722 2063; x_wconf 89' lang='lat' dir='ltr'><strong>(a).</strong></span> <span class='ocrx_word' id='word_1_579' title='bbox 2754 1994 3097 2067; x_wconf 79' lang='lat' dir='ltr'><strong>Acceperunt</strong></span> <span class='ocrx_word' id='word_1_580' title='bbox 3142 2018 3273 2072; x_wconf 86' lang='lat' dir='ltr'><strong>ergo</strong></span> <span class='ocrx_word' id='word_1_581' title='bbox 3320 2021 3514 2079; x_wconf 82' lang='lat' dir='ltr'><strong>corpus</strong></span> <span class='ocrx_word' id='word_1_582' title='bbox 3555 1986 3698 2084; x_wconf 62' lang='lat' dir='ltr'><strong>Iesu,</strong></span> <span class='ocrx_word' id='word_1_583' title='bbox 3732 2024 3787 2073; x_wconf 87' lang='lat' dir='ltr'><strong>et</strong></span> 
     </span>
    </p>
   </div>
   <div class='ocr_carea' id='block_1_75' title="bbox 2072 2076 3787 2165">
    <p class='ocr_par' dir='ltr' id='par_1_75' title="bbox 2072 2076 3787 2165">
     <span class='ocr_line' id='line_1_75' title="bbox 2072 2076 3787 2165; baseline 0.019 -35"><span class='ocrx_word' id='word_1_584' title='bbox 2072 2076 2386 2146; x_wconf 84' lang='lat' dir='ltr'><strong>ligaverunt</strong></span> <span class='ocrx_word' id='word_1_585' title='bbox 2422 2080 2565 2135; x_wconf 85' lang='lat' dir='ltr'><strong>illud</strong></span> <span class='ocrx_word' id='word_1_586' title='bbox 2593 2082 2781 2139; x_wconf 82' lang='lat' dir='ltr'><strong>linteis</strong></span> <span class='ocrx_word' id='word_1_587' title='bbox 2810 2100 2933 2142; x_wconf 90' lang='lat' dir='ltr'><strong>cum</strong></span> <span class='ocrx_word' id='word_1_588' title='bbox 2980 2095 3339 2165; x_wconf 87' lang='lat' dir='ltr'><strong>aromatibus,</strong></span> <span class='ocrx_word' id='word_1_589' title='bbox 3378 2076 3521 2155; x_wconf 81' lang='lat' dir='ltr'><strong>sicut</strong></span> <span class='ocrx_word' id='word_1_590' title='bbox 3551 2118 3663 2159; x_wconf 87' lang='lat' dir='ltr'><strong>mos</strong></span> <span class='ocrx_word' id='word_1_591' title='bbox 3685 2076 3787 2163; x_wconf 36' lang='lat' dir='ltr'><strong>&#39;est</strong></span> 
     </span>
    </p>
   </div>
   <div class='ocr_carea' id='block_1_76' title="bbox 2071 2165 3784 2258">
    <p class='ocr_par' dir='ltr' id='par_1_76' title="bbox 2071 2165 3784 2258">
     <span class='ocr_line' id='line_1_76' title="bbox 2071 2165 3784 2258; baseline 0.019 -39"><span class='ocrx_word' id='word_1_592' title='bbox 2071 2165 2279 2258; x_wconf 59' lang='lat' dir='ltr'><strong>ludmis</strong></span> <span class='ocrx_word' id='word_1_593' title='bbox 2311 2169 2557 2240; x_wconf 84' lang='lat' dir='ltr'><strong>sepelire.</strong></span> <span class='ocrx_word' id='word_1_594' title='bbox 2582 2172 2704 2227; x_wconf 88' lang='lat' dir='ltr'><strong>Non</strong></span> <span class='ocrx_word' id='word_1_595' title='bbox 2737 2174 2879 2230; x_wconf 88' lang='lat' dir='ltr'><strong>mihi</strong></span> <span class='ocrx_word' id='word_1_596' title='bbox 2905 2177 3134 2235; x_wconf 91' lang='lat' dir='ltr'><strong>videtur</strong></span> <span class='ocrx_word' id='word_1_597' title='bbox 3166 2184 3535 2258; x_wconf 86' lang='lat' dir='ltr'><strong>Evangelista</strong></span> <span class='ocrx_word' id='word_1_598' title='bbox 3566 2192 3784 2252; x_wconf 78' lang='lat' dir='ltr'><strong>frustra</strong></span> 
     </span>
    </p>
   </div>
   <div class='ocr_carea' id='block_1_77' title="bbox 2071 2256 3782 2347">
    <p class='ocr_par' dir='ltr' id='par_1_77' title="bbox 2071 2256 3782 2347">
     <span class='ocr_line' id='line_1_77' title="bbox 2071 2256 3782 2347; baseline 0.018 -37"><span class='ocrx_word' id='word_1_599' title='bbox 2071 2256 2261 2315; x_wconf 87' lang='lat' dir='ltr'><strong>dicere</strong></span> <span class='ocrx_word' id='word_1_600' title='bbox 2308 2258 2588 2329; x_wconf 90' lang='lat' dir='ltr'><strong>voluisse,</strong></span> <span class='ocrx_word' id='word_1_601' title='bbox 2634 2263 2780 2318; x_wconf 85' lang='lat' dir='ltr'><strong>sicut</strong></span> <span class='ocrx_word' id='word_1_602' title='bbox 2820 2280 2935 2321; x_wconf 89' lang='lat' dir='ltr'><strong>mos</strong></span> <span class='ocrx_word' id='word_1_603' title='bbox 2980 2272 3058 2323; x_wconf 87' lang='lat' dir='ltr'><strong>est</strong></span> <span class='ocrx_word' id='word_1_604' title='bbox 3104 2256 3591 2347; x_wconf 41' lang='lat' dir='ltr'><strong>Iudaeis—sepelire</strong></span> <span class='ocrx_word' id='word_1_605' title='bbox 3633 2298 3654 2338; x_wconf 91' lang='lat'><strong><em>:</em></strong></span> <span class='ocrx_word' id='word_1_606' title='bbox 3702 2284 3782 2341; x_wconf 90' lang='lat' dir='ltr'><strong>ita</strong></span> 
     </span>
    </p>
   </div>
   <div class='ocr_carea' id='block_1_78' title="bbox 2070 2345 3777 2433">
    <p class='ocr_par' dir='ltr' id='par_1_78' title="bbox 2070 2345 3777 2433">
     <span class='ocr_line' id='line_1_78' title="bbox 2070 2345 3777 2433; baseline 0.018 -35"><span class='ocrx_word' id='word_1_607' title='bbox 2070 2345 2302 2417; x_wconf 87' lang='lat' dir='ltr'><strong>quippe,</strong></span> <span class='ocrx_word' id='word_1_608' title='bbox 2354 2347 2466 2404; x_wconf 91' lang='lat' dir='ltr'><strong>nisi</strong></span> <span class='ocrx_word' id='word_1_609' title='bbox 2490 2348 2675 2420; x_wconf 83' lang='lat' dir='ltr'><strong>fallor,</strong></span> <span class='ocrx_word' id='word_1_610' title='bbox 2729 2353 3037 2411; x_wconf 83' lang='lat' dir='ltr'><strong>admonuit</strong></span> <span class='ocrx_word' id='word_1_611' title='bbox 3080 2357 3140 2414; x_wconf 90' lang='lat' dir='ltr'><strong>in</strong></span> <span class='ocrx_word' id='word_1_612' title='bbox 3183 2345 3520 2433; x_wconf 80' lang='lat' dir='ltr'><strong>huiusmodi</strong></span> <span class='ocrx_word' id='word_1_613' title='bbox 3569 2370 3777 2430; x_wconf 80' lang='lat' dir='ltr'><strong>ofﬁciis</strong></span> 
     </span>
    </p>
   </div>
   <div class='ocr_carea' id='block_1_79' title="bbox 2068 2436 3773 2526">
    <p class='ocr_par' dir='ltr' id='par_1_79' title="bbox 2068 2436 3773 2526">
     <span class='ocr_line' id='line_1_79' title="bbox 2068 2436 3773 2526; baseline 0.018 -39"><span class='ocrx_word' id='word_1_614' title='bbox 2068 2449 2199 2505; x_wconf 70' lang='lat' dir='ltr'><strong>qum</strong></span> <span class='ocrx_word' id='word_1_615' title='bbox 2231 2436 2471 2493; x_wconf 89' lang='lat' dir='ltr'><strong>mortuis</strong></span> <span class='ocrx_word' id='word_1_616' title='bbox 2499 2439 2864 2514; x_wconf 83' lang='lat' dir='ltr'><strong>exhibentur,</strong></span> <span class='ocrx_word' id='word_1_617' title='bbox 2890 2460 3111 2502; x_wconf 89' lang='lat' dir='ltr'><strong>morem</strong></span> <span class='ocrx_word' id='word_1_618' title='bbox 3134 2449 3416 2523; x_wconf 87' lang='lat' dir='ltr'><strong>cujusque</strong></span> <span class='ocrx_word' id='word_1_619' title='bbox 3432 2456 3621 2526; x_wconf 86' lang='lat' dir='ltr'><strong>gentis</strong></span> <span class='ocrx_word' id='word_1_620' title='bbox 3645 2475 3773 2517; x_wconf 85' lang='lat' dir='ltr'><strong>esse</strong></span> 
     </span>
    </p>
   </div>
   <div class='ocr_carea' id='block_1_80' title="bbox 2066 2525 2438 2581">
    <p class='ocr_par' dir='ltr' id='par_1_80' title="bbox 2066 2525 2438 2581">
     <span class='ocr_line' id='line_1_80' title="bbox 2066 2525 2438 2581; baseline 0 -2"><span class='ocrx_word' id='word_1_621' title='bbox 2066 2525 2438 2581; x_wconf 89' lang='lat' dir='ltr'><strong>servandum.</strong></span> 
     </span>
    </p>
   </div>
   <div class='ocr_carea' id='block_1_81' title="bbox 2139 2616 3777 2710">
    <p class='ocr_par' dir='ltr' id='par_1_81' title="bbox 2139 2616 3777 2710">
     <span class='ocr_line' id='line_1_81' title="bbox 2139 2616 3777 2710; baseline 0.018 -43"><span class='ocrx_word' id='word_1_622' title='bbox 2139 2617 2190 2669; x_wconf 74' lang='grc' dir='ltr'><strong>ὅ.</strong></span> <span class='ocrx_word' id='word_1_623' title='bbox 2225 2616 2362 2671; x_wconf 85' lang='lat' dir='ltr'><strong>Erat</strong></span> <span class='ocrx_word' id='word_1_624' title='bbox 2390 2621 2572 2674; x_wconf 81' lang='lat' dir='ltr'><strong>autem</strong></span> <span class='ocrx_word' id='word_1_625' title='bbox 2628 2621 2687 2675; x_wconf 84' lang='lat' dir='ltr'><strong>in</strong></span> <span class='ocrx_word' id='word_1_626' title='bbox 2728 2621 2845 2679; x_wconf 89' lang='lat' dir='ltr'><strong>loco</strong></span> <span class='ocrx_word' id='word_1_627' title='bbox 2878 2624 2973 2680; x_wconf 85' lang='lat' dir='ltr'><strong>ubi</strong></span> <span class='ocrx_word' id='word_1_628' title='bbox 3013 2629 3306 2700; x_wconf 76' lang='lat' dir='ltr'><strong>cruciﬁxus</strong></span> <span class='ocrx_word' id='word_1_629' title='bbox 3348 2640 3448 2703; x_wconf 88' lang='lat' dir='ltr'><strong>est,</strong></span> <span class='ocrx_word' id='word_1_630' title='bbox 3483 2635 3691 2710; x_wconf 83' lang='lat' dir='ltr'><strong>hortus,</strong></span> <span class='ocrx_word' id='word_1_631' title='bbox 3726 2651 3777 2697; x_wconf 88' lang='lat' dir='ltr'><strong>et</strong></span> 
     </span>
    </p>
   </div>
   <div class='ocr_carea' id='block_1_82' title="bbox 2065 2703 3774 2799">
    <p class='ocr_par' dir='ltr' id='par_1_82' title="bbox 2065 2703 3774 2799">
     <span class='ocr_line' id='line_1_82' title="bbox 2065 2703 3774 2799; baseline 0.016 -42"><span class='ocrx_word' id='word_1_632' title='bbox 2065 2705 2126 2758; x_wconf 88' lang='lat' dir='ltr'><strong>in</strong></span> <span class='ocrx_word' id='word_1_633' title='bbox 2146 2703 2301 2760; x_wconf 90' lang='lat' dir='ltr'><strong>horto</strong></span> <span class='ocrx_word' id='word_1_634' title='bbox 2324 2713 2741 2765; x_wconf 85' lang='lat' dir='ltr'><strong>monumentum</strong></span> <span class='ocrx_word' id='word_1_635' title='bbox 2765 2728 2983 2783; x_wconf 85' lang='lat' dir='ltr'><strong>novum,</strong></span> <span class='ocrx_word' id='word_1_636' title='bbox 3008 2714 3067 2770; x_wconf 86' lang='lat' dir='ltr'><strong>in</strong></span> <span class='ocrx_word' id='word_1_637' title='bbox 3088 2732 3193 2789; x_wconf 88' lang='lat' dir='ltr'><strong>quo</strong></span> <span class='ocrx_word' id='word_1_638' title='bbox 3217 2719 3454 2777; x_wconf 88' lang='lat' dir='ltr'><strong>nondum</strong></span> <span class='ocrx_word' id='word_1_639' title='bbox 3482 2703 3774 2799; x_wconf 76' lang='lat' dir='ltr'><strong>quisquam</strong></span> 
     </span>
    </p>
   </div>
   <div class='ocr_carea' id='block_1_83' title="bbox 2061 2793 3774 2881">
    <p class='ocr_par' dir='ltr' id='par_1_83' title="bbox 2061 2793 3774 2881">
     <span class='ocr_line' id='line_1_83' title="bbox 2061 2793 3774 2881; baseline 0.015 -31"><span class='ocrx_word' id='word_1_640' title='bbox 2061 2793 2279 2865; x_wconf 82' lang='lat' dir='ltr'><strong>positus</strong></span> <span class='ocrx_word' id='word_1_641' title='bbox 2310 2800 2450 2855; x_wconf 88' lang='lat' dir='ltr'><strong>erat.</strong></span> <span class='ocrx_word' id='word_1_642' title='bbox 2481 2798 2645 2855; x_wconf 89' lang='lat' dir='ltr'><strong>Sicut</strong></span> <span class='ocrx_word' id='word_1_643' title='bbox 2674 2798 2732 2855; x_wconf 90' lang='lat' dir='ltr'><strong>in</strong></span> <span class='ocrx_word' id='word_1_644' title='bbox 2765 2801 2960 2860; x_wconf 66' lang='lat' dir='ltr'><strong>Mariae</strong></span> <span class='ocrx_word' id='word_1_645' title='bbox 2982 2806 3220 2881; x_wconf 84' lang='lat' dir='ltr'><strong>virginis</strong></span> <span class='ocrx_word' id='word_1_646' title='bbox 3245 2813 3406 2867; x_wconf 91' lang='lat' dir='ltr'><strong>utero</strong></span> <span class='ocrx_word' id='word_1_647' title='bbox 3440 2793 3774 2876; x_wconf 48' lang='lat' dir='ltr'><strong>nemo-ante</strong></span> 
     </span>
    </p>
   </div>
   <div class='ocr_carea' id='block_1_84' title="bbox 2066 2884 3772 2969">
    <p class='ocr_par' dir='ltr' id='par_1_84' title="bbox 2066 2884 3772 2969">
     <span class='ocr_line' id='line_1_84' title="bbox 2066 2884 3772 2969; baseline 0.016 -31"><span class='ocrx_word' id='word_1_648' title='bbox 2066 2884 2253 2952; x_wconf 89' lang='lat' dir='ltr'><strong>illum,</strong></span> <span class='ocrx_word' id='word_1_649' title='bbox 2274 2903 2443 2944; x_wconf 88' lang='lat' dir='ltr'><strong>nemo</strong></span> <span class='ocrx_word' id='word_1_650' title='bbox 2476 2893 2607 2960; x_wconf 88' lang='lat' dir='ltr'><strong>post</strong></span> <span class='ocrx_word' id='word_1_651' title='bbox 2637 2890 2801 2947; x_wconf 91' lang='lat' dir='ltr'><strong>illum</strong></span> <span class='ocrx_word' id='word_1_652' title='bbox 2832 2904 3147 2967; x_wconf 85' lang='lat' dir='ltr'><strong>conceptus</strong></span> <span class='ocrx_word' id='word_1_653' title='bbox 3171 2902 3286 2969; x_wconf 90' lang='lat' dir='ltr'><strong>est,</strong></span> <span class='ocrx_word' id='word_1_654' title='bbox 3314 2900 3394 2959; x_wconf 88' lang='lat' dir='ltr'><strong>ita</strong></span> <span class='ocrx_word' id='word_1_655' title='bbox 3414 2902 3472 2959; x_wconf 92' lang='lat' dir='ltr'><strong>in</strong></span> <span class='ocrx_word' id='word_1_656' title='bbox 3506 2904 3611 2962; x_wconf 91' lang='lat' dir='ltr'><strong>hoc</strong></span> <span class='ocrx_word' id='word_1_657' title='bbox 3645 2925 3772 2966; x_wconf 88' lang='lat' dir='ltr'><strong>mo-</strong></span> 
     </span>
    </p>
   </div>
   <div class='ocr_carea' id='block_1_85' title="bbox 2073 2980 3772 3069">
    <p class='ocr_par' dir='ltr' id='par_1_85' title="bbox 2073 2980 3772 3069">
     <span class='ocr_line' id='line_1_85' title="bbox 2073 2980 3772 3069; baseline 0.016 -40"><span class='ocrx_word' id='word_1_658' title='bbox 2073 2980 2353 3033; x_wconf 88' lang='lat' dir='ltr'><strong>numento</strong></span> <span class='ocrx_word' id='word_1_659' title='bbox 2382 2994 2553 3034; x_wconf 91' lang='lat' dir='ltr'><strong>nemo</strong></span> <span class='ocrx_word' id='word_1_660' title='bbox 2585 2984 2721 3037; x_wconf 89' lang='lat' dir='ltr'><strong>ante</strong></span> <span class='ocrx_word' id='word_1_661' title='bbox 2751 2982 2941 3054; x_wconf 90' lang='lat' dir='ltr'><strong>illum,</strong></span> <span class='ocrx_word' id='word_1_662' title='bbox 2966 3003 3136 3043; x_wconf 88' lang='lat' dir='ltr'><strong>nemo</strong></span> <span class='ocrx_word' id='word_1_663' title='bbox 3159 2994 3289 3061; x_wconf 93' lang='lat' dir='ltr'><strong>post</strong></span> <span class='ocrx_word' id='word_1_664' title='bbox 3308 2990 3475 3049; x_wconf 90' lang='lat' dir='ltr'><strong>illum</strong></span> <span class='ocrx_word' id='word_1_665' title='bbox 3507 2999 3772 3069; x_wconf 89' lang='lat' dir='ltr'><strong>sepultus</strong></span> 
     </span>
    </p>
   </div>
   <div class='ocr_carea' id='block_1_86' title="bbox 2074 3065 3772 3161">
    <p class='ocr_par' dir='ltr' id='par_1_86' title="bbox 2074 3065 3772 3161">
     <span class='ocr_line' id='line_1_86' title="bbox 2074 3065 3772 3161; baseline 0.016 -43"><span class='ocrx_word' id='word_1_666' title='bbox 2074 3072 2180 3119; x_wconf 89' lang='lat' dir='ltr'><strong>est.</strong></span> <span class='ocrx_word' id='word_1_667' title='bbox 2215 3086 2244 3113; x_wconf 88' lang='grc'><strong>‹‹</strong></span> <span class='ocrx_word' id='word_1_668' title='bbox 2278 3065 2362 3121; x_wconf 88' lang='lat' dir='ltr'><strong>Ibi</strong></span> <span class='ocrx_word' id='word_1_669' title='bbox 2392 3083 2526 3138; x_wconf 89' lang='lat' dir='ltr'><strong>ergo</strong></span> <span class='ocrx_word' id='word_1_670' title='bbox 2567 3074 2799 3141; x_wconf 89' lang='lat' dir='ltr'><strong>prepter</strong></span> <span class='ocrx_word' id='word_1_671' title='bbox 2848 3090 3193 3144; x_wconf 89' lang='lat' dir='ltr'><strong>parasceven</strong></span> <span class='ocrx_word' id='word_1_672' title='bbox 3237 3065 3596 3155; x_wconf 60' lang='lat' dir='ltr'><strong>Judaeorum,</strong></span> <span class='ocrx_word' id='word_1_673' title='bbox 3632 3089 3772 3161; x_wconf 90' lang='lat' dir='ltr'><strong>quia</strong></span> 
     </span>
    </p>
   </div>
   <div class='ocr_carea' id='block_1_87' title="bbox 2053 3155 3766 3235">
    <p class='ocr_par' dir='ltr' id='par_1_87' title="bbox 2053 3155 3766 3235">
     <span class='ocr_line' id='line_1_87' title="bbox 2053 3155 3766 3235; baseline 0.016 -27"><span class='ocrx_word' id='word_1_674' title='bbox 2053 3155 2222 3225; x_wconf 83' lang='lat' dir='ltr'><strong>juxta</strong></span> <span class='ocrx_word' id='word_1_675' title='bbox 2249 3163 2371 3210; x_wconf 87' lang='lat' dir='ltr'><strong>erat</strong></span> <span class='ocrx_word' id='word_1_676' title='bbox 2402 3170 2871 3227; x_wconf 82' lang='lat' dir='ltr'><strong>monumentum,</strong></span> <span class='ocrx_word' id='word_1_677' title='bbox 2898 3176 3210 3229; x_wconf 89' lang='lat' dir='ltr'><strong>posuerunt</strong></span> <span class='ocrx_word' id='word_1_678' title='bbox 3230 3168 3455 3228; x_wconf 86' lang='lat' dir='ltr'><strong>Jesum.</strong></span> <span class='ocrx_word' id='word_1_679' title='bbox 3482 3196 3510 3223; x_wconf 87' lang='grc'><strong>››</strong></span> <span class='ocrx_word' id='word_1_680' title='bbox 3535 3155 3766 3235; x_wconf 79' lang='lat' dir='ltr'><strong>Accele-</strong></span> 
     </span>
    </p>
   </div>
   <div class='ocr_carea' id='block_1_88' title="bbox 2062 3245 3763 3339">
    <p class='ocr_par' dir='ltr' id='par_1_88' title="bbox 2062 3245 3763 3339">
     <span class='ocr_line' id='line_1_88' title="bbox 2062 3245 3763 3339; baseline 0.016 -40"><span class='ocrx_word' id='word_1_681' title='bbox 2062 3247 2243 3300; x_wconf 92' lang='lat' dir='ltr'><strong>ratam</strong></span> <span class='ocrx_word' id='word_1_682' title='bbox 2274 3245 2398 3300; x_wconf 85' lang='lat' dir='ltr'><strong>vult</strong></span> <span class='ocrx_word' id='word_1_683' title='bbox 2428 3246 2675 3319; x_wconf 87' lang='lat' dir='ltr'><strong>intelligi</strong></span> <span class='ocrx_word' id='word_1_684' title='bbox 2710 3250 3098 3324; x_wconf 88' lang='lat' dir='ltr'><strong>sepulturam,</strong></span> <span class='ocrx_word' id='word_1_685' title='bbox 3124 3271 3194 3311; x_wconf 91' lang='lat' dir='ltr'><strong>ne</strong></span> <span class='ocrx_word' id='word_1_686' title='bbox 3223 3258 3763 3339; x_wconf 88' lang='lat' dir='ltr'><strong>advesperasceret;</strong></span> 
     </span>
    </p>
   </div>
   <div class='ocr_carea' id='block_1_89' title="bbox 2062 3335 3763 3424">
    <p class='ocr_par' dir='ltr' id='par_1_89' title="bbox 2062 3335 3763 3424">
     <span class='ocr_line' id='line_1_89' title="bbox 2062 3335 3763 3424; baseline 0.015 -35"><span class='ocrx_word' id='word_1_687' title='bbox 2062 3337 2294 3407; x_wconf 84' lang='lat' dir='ltr'><strong>quando</strong></span> <span class='ocrx_word' id='word_1_688' title='bbox 2322 3335 2439 3407; x_wconf 76' lang='lat' dir='ltr'><strong>iam</strong></span> <span class='ocrx_word' id='word_1_689' title='bbox 2465 3346 2696 3409; x_wconf 87' lang='lat' dir='ltr'><strong>propter</strong></span> <span class='ocrx_word' id='word_1_690' title='bbox 2712 3356 3085 3411; x_wconf 89' lang='lat' dir='ltr'><strong>parasceven,</strong></span> <span class='ocrx_word' id='word_1_691' title='bbox 3110 3361 3287 3417; x_wconf 89' lang='lat' dir='ltr'><strong>quam</strong></span> <span class='ocrx_word' id='word_1_692' title='bbox 3312 3365 3532 3406; x_wconf 81' lang='lat' dir='ltr'><strong>ccenam</strong></span> <span class='ocrx_word' id='word_1_693' title='bbox 3559 3335 3763 3424; x_wconf 82' lang='lat' dir='ltr'><strong>puram</strong></span> 
     </span>
    </p>
   </div>
   <div class='ocr_carea' id='block_1_90' title="bbox 2058 3423 3766 3505">
    <p class='ocr_par' dir='ltr' id='par_1_90' title="bbox 2058 3423 3766 3505">
     <span class='ocr_line' id='line_1_90' title="bbox 2058 3423 3766 3505; baseline 0.013 -26"><span class='ocrx_word' id='word_1_694' title='bbox 2058 3423 2245 3479; x_wconf 72' lang='lat' dir='ltr'><strong>Judaei</strong></span> <span class='ocrx_word' id='word_1_695' title='bbox 2268 3423 2445 3480; x_wconf 88' lang='lat' dir='ltr'><strong>latine</strong></span> <span class='ocrx_word' id='word_1_696' title='bbox 2469 3425 2740 3485; x_wconf 89' lang='lat' dir='ltr'><strong>usitatius</strong></span> <span class='ocrx_word' id='word_1_697' title='bbox 2761 3432 2916 3501; x_wconf 89' lang='lat' dir='ltr'><strong>apud</strong></span> <span class='ocrx_word' id='word_1_698' title='bbox 2942 3449 3046 3488; x_wconf 88' lang='lat' dir='ltr'><strong>nos</strong></span> <span class='ocrx_word' id='word_1_699' title='bbox 3067 3444 3292 3505; x_wconf 81' lang='lat' dir='ltr'><strong>vocant,</strong></span> <span class='ocrx_word' id='word_1_700' title='bbox 3319 3438 3501 3496; x_wconf 82' lang='lat' dir='ltr'><strong>facere</strong></span> <span class='ocrx_word' id='word_1_701' title='bbox 3524 3423 3638 3498; x_wconf 86' lang='lat' dir='ltr'><strong>tale</strong></span> <span class='ocrx_word' id='word_1_702' title='bbox 3659 3446 3766 3501; x_wconf 86' lang='lat' dir='ltr'><strong>ali-</strong></span> 
     </span>
    </p>
   </div>
   <div class='ocr_carea' id='block_1_91' title="bbox 2060 3513 2602 3583">
    <p class='ocr_par' dir='ltr' id='par_1_91' title="bbox 2060 3513 2602 3583">
     <span class='ocr_line' id='line_1_91' title="bbox 2060 3513 2602 3583; baseline 0.004 -14"><span class='ocrx_word' id='word_1_703' title='bbox 2060 3513 2193 3583; x_wconf 88' lang='lat' dir='ltr'><strong>quid</strong></span> <span class='ocrx_word' id='word_1_704' title='bbox 2228 3531 2341 3569; x_wconf 91' lang='lat' dir='ltr'><strong>non</strong></span> <span class='ocrx_word' id='word_1_705' title='bbox 2374 3513 2602 3573; x_wconf 88' lang='lat' dir='ltr'><strong>licebat.</strong></span> 
     </span>
    </p>
   </div>
   <div class='ocr_carea' id='block_1_92' title="bbox 2128 3604 3764 3693">
    <p class='ocr_par' dir='ltr' id='par_1_92' title="bbox 2128 3604 3764 3693">
     <span class='ocr_line' id='line_1_92' title="bbox 2128 3604 3764 3693; baseline 0.015 -37"><span class='ocrx_word' id='word_1_706' title='bbox 2128 3604 2182 3657; x_wconf 89' lang='lat'><strong>6.</strong></span> <span class='ocrx_word' id='word_1_707' title='bbox 2225 3604 2343 3659; x_wconf 87' lang='lat' dir='ltr'><strong>Una</strong></span> <span class='ocrx_word' id='word_1_708' title='bbox 2380 3608 2564 3660; x_wconf 89' lang='lat' dir='ltr'><strong>autem</strong></span> <span class='ocrx_word' id='word_1_709' title='bbox 2583 3607 2798 3664; x_wconf 85' lang='lat' dir='ltr'><strong>sabbati</strong></span> <span class='ocrx_word' id='word_1_710' title='bbox 2839 3609 3012 3667; x_wconf 80' lang='lat' dir='ltr'><strong>Maria</strong></span> <span class='ocrx_word' id='word_1_711' title='bbox 3045 3612 3361 3681; x_wconf 77' lang='lat' dir='ltr'><strong>Magdalene</strong></span> <span class='ocrx_word' id='word_1_712' title='bbox 3390 3621 3533 3675; x_wconf 82' lang='lat' dir='ltr'><strong>venit</strong></span> <span class='ocrx_word' id='word_1_713' title='bbox 3579 3639 3764 3693; x_wconf 84' lang='lat' dir='ltr'><strong>mane,</strong></span> 
     </span>
    </p>
   </div>
   <div class='ocr_carea' id='block_1_93' title="bbox 2059 3692 3763 3772">
    <p class='ocr_par' dir='ltr' id='par_1_93' title="bbox 2059 3692 3763 3772">
     <span class='ocr_line' id='line_1_93' title="bbox 2059 3692 3763 3772; baseline 0.012 -23"><span class='ocrx_word' id='word_1_714' title='bbox 2059 3708 2183 3749; x_wconf 88' lang='lat' dir='ltr'><strong>cum</strong></span> <span class='ocrx_word' id='word_1_715' title='bbox 2206 3692 2384 3749; x_wconf 91' lang='lat' dir='ltr'><strong>adhuc</strong></span> <span class='ocrx_word' id='word_1_716' title='bbox 2407 3698 2641 3753; x_wconf 69' lang='lat' dir='ltr'><strong>tenebrae</strong></span> <span class='ocrx_word' id='word_1_717' title='bbox 2659 3708 2854 3769; x_wconf 86' lang='lat' dir='ltr'><strong>essent,</strong></span> <span class='ocrx_word' id='word_1_718' title='bbox 2879 3701 2949 3757; x_wconf 87' lang='lat' dir='ltr'><strong>ad</strong></span> <span class='ocrx_word' id='word_1_719' title='bbox 2970 3714 3382 3762; x_wconf 82' lang='lat' dir='ltr'><strong>monumentum</strong></span> <span class='ocrx_word' id='word_1_720' title='bbox 3404 3726 3425 3772; x_wconf 86' lang='grc'><strong><em>;</em></strong></span> <span class='ocrx_word' id='word_1_721' title='bbox 3450 3716 3507 3765; x_wconf 88' lang='lat' dir='ltr'><strong>et</strong></span> <span class='ocrx_word' id='word_1_722' title='bbox 3530 3713 3659 3767; x_wconf 83' lang='lat' dir='ltr'><strong>vidit</strong></span> <span class='ocrx_word' id='word_1_723' title='bbox 3685 3692 3763 3770; x_wconf 46' lang='lat' dir='ltr'><strong>la?</strong></span> 
     </span>
    </p>
   </div>
   <div class='ocr_carea' id='block_1_94' title="bbox 2058 3784 3761 3873">
    <p class='ocr_par' dir='ltr' id='par_1_94' title="bbox 2058 3784 3761 3873">
     <span class='ocr_line' id='line_1_94' title="bbox 2058 3784 3761 3873; baseline 0.015 -35"><span class='ocrx_word' id='word_1_724' title='bbox 2058 3785 2239 3855; x_wconf 83' lang='lat' dir='ltr'><strong>pidem</strong></span> <span class='ocrx_word' id='word_1_725' title='bbox 2267 3784 2555 3842; x_wconf 85' lang='lat' dir='ltr'><strong>sublatum</strong></span> <span class='ocrx_word' id='word_1_726' title='bbox 2585 3804 2620 3842; x_wconf 90' lang='lat' dir='ltr'><strong>a</strong></span> <span class='ocrx_word' id='word_1_727' title='bbox 2647 3802 3016 3849; x_wconf 85' lang='lat' dir='ltr'><strong>monumento.</strong></span> <span class='ocrx_word' id='word_1_728' title='bbox 3050 3795 3172 3852; x_wconf 88' lang='lat' dir='ltr'><strong>Una</strong></span> <span class='ocrx_word' id='word_1_729' title='bbox 3200 3796 3425 3856; x_wconf 85' lang='lat' dir='ltr'><strong>sabbati</strong></span> <span class='ocrx_word' id='word_1_730' title='bbox 3455 3807 3568 3873; x_wconf 89' lang='lat' dir='ltr'><strong>est,</strong></span> <span class='ocrx_word' id='word_1_731' title='bbox 3592 3821 3761 3873; x_wconf 92' lang='lat' dir='ltr'><strong>quem</strong></span> 
     </span>
    </p>
   </div>
   <div class='ocr_carea' id='block_1_95' title="bbox 2053 3874 3761 3955">
    <p class='ocr_par' dir='ltr' id='par_1_95' title="bbox 2053 3874 3761 3955">
     <span class='ocr_line' id='line_1_95' title="bbox 2053 3874 3761 3955; baseline 0.013 -25"><span class='ocrx_word' id='word_1_732' title='bbox 2053 3875 2175 3945; x_wconf 84' lang='lat' dir='ltr'><strong>jam</strong></span> <span class='ocrx_word' id='word_1_733' title='bbox 2200 3874 2352 3931; x_wconf 89' lang='lat' dir='ltr'><strong>diem</strong></span> <span class='ocrx_word' id='word_1_734' title='bbox 2385 3877 2740 3935; x_wconf 89' lang='lat' dir='ltr'><strong>dominicum</strong></span> <span class='ocrx_word' id='word_1_735' title='bbox 2766 3886 3002 3955; x_wconf 90' lang='lat' dir='ltr'><strong>propter</strong></span> <span class='ocrx_word' id='word_1_736' title='bbox 3021 3884 3254 3942; x_wconf 90' lang='lat' dir='ltr'><strong>Domini</strong></span> <span class='ocrx_word' id='word_1_737' title='bbox 3276 3894 3761 3954; x_wconf 88' lang='lat' dir='ltr'><strong>resurrectionem</strong></span> 
     </span>
    </p>
   </div>
   <div class='ocr_carea' id='block_1_96' title="bbox 2061 3963 3757 4043">
    <p class='ocr_par' dir='ltr' id='par_1_96' title="bbox 2061 3963 3757 4043">
     <span class='ocr_line' id='line_1_96' title="bbox 2061 3963 3757 4043; baseline 0.014 -25"><span class='ocrx_word' id='word_1_738' title='bbox 2061 3979 2188 4018; x_wconf 90' lang='lat' dir='ltr'><strong>mos</strong></span> <span class='ocrx_word' id='word_1_739' title='bbox 2218 3963 2586 4021; x_wconf 85' lang='lat' dir='ltr'><strong>Christianus</strong></span> <span class='ocrx_word' id='word_1_740' title='bbox 2617 3967 2874 4039; x_wconf 91' lang='lat' dir='ltr'><strong>appellat</strong></span> <span class='ocrx_word' id='word_1_741' title='bbox 2907 3986 2921 4026; x_wconf 88' lang='lat'><strong>:</strong></span> <span class='ocrx_word' id='word_1_742' title='bbox 2954 3987 3130 4043; x_wconf 89' lang='lat' dir='ltr'><strong>quem</strong></span> <span class='ocrx_word' id='word_1_743' title='bbox 3172 3974 3479 4037; x_wconf 66' lang='lat' dir='ltr'><strong>Matthasus</strong></span> <span class='ocrx_word' id='word_1_744' title='bbox 3510 3982 3670 4039; x_wconf 88' lang='lat' dir='ltr'><strong>solus</strong></span> <span class='ocrx_word' id='word_1_745' title='bbox 3703 3986 3757 4041; x_wconf 92' lang='lat' dir='ltr'><strong>in</strong></span> 
     </span>
    </p>
   </div>
   <div class='ocr_carea' id='block_1_97' title="bbox 2059 4052 3759 4143">
    <p class='ocr_par' dir='ltr' id='par_1_97' title="bbox 2059 4052 3759 4143">
     <span class='ocr_line' id='line_1_97' title="bbox 2059 4052 3759 4143; baseline 0.015 -37"><span class='ocrx_word' id='word_1_746' title='bbox 2059 4052 2445 4122; x_wconf 82' lang='lat' dir='ltr'><strong>Evangelistis</strong></span> <span class='ocrx_word' id='word_1_747' title='bbox 2466 4055 2713 4126; x_wconf 90' lang='lat' dir='ltr'><strong>primam</strong></span> <span class='ocrx_word' id='word_1_748' title='bbox 2740 4058 2961 4116; x_wconf 91' lang='lat' dir='ltr'><strong>sabbati</strong></span> <span class='ocrx_word' id='word_1_749' title='bbox 2987 4064 3542 4139; x_wconf 83' lang='lat' dir='ltr'><strong>nominavit(Matth.</strong></span> <span class='ocrx_word' id='word_1_750' title='bbox 3558 4091 3759 4143; x_wconf 83' lang='lat' dir='ltr'><strong>xxvm,</strong></span> 
     </span>
    </p>
   </div>
   <div class='ocr_carea' id='block_1_98' title="bbox 2062 4142 3767 4232">
    <p class='ocr_par' dir='ltr' id='par_1_98' title="bbox 2062 4142 3767 4232">
     <span class='ocr_line' id='line_1_98' title="bbox 2062 4142 3767 4232; baseline 0.014 -34"><span class='ocrx_word' id='word_1_751' title='bbox 2062 4144 2135 4214; x_wconf 89' lang='grc'><strong>1).</strong></span> <span class='ocrx_word' id='word_1_752' title='bbox 2172 4142 2425 4200; x_wconf 83' lang='lat' dir='ltr'><strong>Cucurrit</strong></span> <span class='ocrx_word' id='word_1_753' title='bbox 2456 4161 2602 4215; x_wconf 86' lang='lat' dir='ltr'><strong>ergo,</strong></span> <span class='ocrx_word' id='word_1_754' title='bbox 2637 4151 2689 4202; x_wconf 87' lang='lat' dir='ltr'><strong>et</strong></span> <span class='ocrx_word' id='word_1_755' title='bbox 2718 4152 2868 4204; x_wconf 82' lang='lat' dir='ltr'><strong>venit</strong></span> <span class='ocrx_word' id='word_1_756' title='bbox 2898 4151 2969 4207; x_wconf 88' lang='lat' dir='ltr'><strong>ad</strong></span> <span class='ocrx_word' id='word_1_757' title='bbox 3016 4152 3296 4213; x_wconf 85' lang='lat' dir='ltr'><strong>Simonem</strong></span> <span class='ocrx_word' id='word_1_758' title='bbox 3325 4160 3571 4232; x_wconf 88' lang='lat' dir='ltr'><strong>Petrum,</strong></span> <span class='ocrx_word' id='word_1_759' title='bbox 3602 4171 3655 4219; x_wconf 87' lang='lat' dir='ltr'><strong>et</strong></span> <span class='ocrx_word' id='word_1_760' title='bbox 3692 4169 3767 4222; x_wconf 90' lang='lat' dir='ltr'><strong>ad</strong></span> 
     </span>
    </p>
   </div>
   <div class='ocr_carea' id='block_1_99' title="bbox 2056 4232 3763 4309">
    <p class='ocr_par' dir='ltr' id='par_1_99' title="bbox 2056 4232 3763 4309">
     <span class='ocr_line' id='line_1_99' title="bbox 2056 4232 3763 4309; baseline 0.012 -21"><span class='ocrx_word' id='word_1_761' title='bbox 2056 4232 2241 4288; x_wconf 88' lang='lat' dir='ltr'><strong>alium</strong></span> <span class='ocrx_word' id='word_1_762' title='bbox 2261 4232 2593 4306; x_wconf 84' lang='lat' dir='ltr'><strong>discipulum</strong></span> <span class='ocrx_word' id='word_1_763' title='bbox 2615 4253 2769 4307; x_wconf 83' lang='lat' dir='ltr'><strong>quem</strong></span> <span class='ocrx_word' id='word_1_764' title='bbox 2792 4240 3012 4295; x_wconf 89' lang='lat' dir='ltr'><strong>amabat</strong></span> <span class='ocrx_word' id='word_1_765' title='bbox 3034 4243 3187 4299; x_wconf 79' lang='lat' dir='ltr'><strong>Iesus</strong></span> <span class='ocrx_word' id='word_1_766' title='bbox 3204 4262 3225 4309; x_wconf 84' lang='lat'><strong><em>;</em></strong></span> <span class='ocrx_word' id='word_1_767' title='bbox 3256 4255 3308 4302; x_wconf 88' lang='lat' dir='ltr'><strong>et</strong></span> <span class='ocrx_word' id='word_1_768' title='bbox 3335 4246 3467 4303; x_wconf 85' lang='lat' dir='ltr'><strong>dicit</strong></span> <span class='ocrx_word' id='word_1_769' title='bbox 3494 4251 3571 4304; x_wconf 82' lang='lat' dir='ltr'><strong>eis</strong></span> <span class='ocrx_word' id='word_1_770' title='bbox 3601 4267 3621 4307; x_wconf 86' lang='lat'><strong><em>:</em></strong></span> <span class='ocrx_word' id='word_1_771' title='bbox 3658 4254 3763 4308; x_wconf 89' lang='lat' dir='ltr'><strong>Tu-</strong></span> 
     </span>
    </p>
   </div>
   <div class='ocr_carea' id='block_1_100' title="bbox 2056 4325 3766 4413">
    <p class='ocr_par' dir='ltr' id='par_1_100' title="bbox 2056 4325 3766 4413">
     <span class='ocr_line' id='line_1_100' title="bbox 2056 4325 3766 4413; baseline 0.011 -34"><span class='ocrx_word' id='word_1_772' title='bbox 2056 4329 2239 4407; x_wconf 66' lang='lat' dir='ltr'><strong>lerunt</strong></span> <span class='ocrx_word' id='word_1_773' title='bbox 2269 4326 2565 4381; x_wconf 88' lang='lat' dir='ltr'><strong>Dominum</strong></span> <span class='ocrx_word' id='word_1_774' title='bbox 2607 4325 2675 4382; x_wconf 85' lang='lat' dir='ltr'><strong>de</strong></span> <span class='ocrx_word' id='word_1_775' title='bbox 2720 4335 3091 4399; x_wconf 85' lang='lat' dir='ltr'><strong>monumento,</strong></span> <span class='ocrx_word' id='word_1_776' title='bbox 3124 4341 3173 4389; x_wconf 89' lang='lat' dir='ltr'><strong>et</strong></span> <span class='ocrx_word' id='word_1_777' title='bbox 3212 4337 3481 4392; x_wconf 74' lang='lat' dir='ltr'><strong>nescimus</strong></span> <span class='ocrx_word' id='word_1_778' title='bbox 3529 4340 3623 4395; x_wconf 87' lang='lat' dir='ltr'><strong>ubi</strong></span> <span class='ocrx_word' id='word_1_779' title='bbox 3664 4358 3766 4413; x_wconf 79' lang='lat' dir='ltr'><strong>po-</strong></span> 
     </span>
    </p>
   </div>
   <div class='ocr_carea' id='block_1_101' title="bbox 2050 4413 3763 4502">
    <p class='ocr_par' dir='ltr' id='par_1_101' title="bbox 2050 4413 3763 4502">
     <span class='ocr_line' id='line_1_101' title="bbox 2050 4413 3763 4502; baseline 0.009 -33"><span class='ocrx_word' id='word_1_780' title='bbox 2050 4421 2283 4483; x_wconf 58' lang='lat' dir='ltr'><strong>suerunt</strong></span> <span class='ocrx_word' id='word_1_781' title='bbox 2307 4429 2451 4470; x_wconf 89' lang='lat' dir='ltr'><strong>eum.</strong></span> <span class='ocrx_word' id='word_1_782' title='bbox 2485 4413 2760 4471; x_wconf 88' lang='lat' dir='ltr'><strong>Nonnulli</strong></span> <span class='ocrx_word' id='word_1_783' title='bbox 2811 4417 3038 4473; x_wconf 89' lang='lat' dir='ltr'><strong>codices</strong></span> <span class='ocrx_word' id='word_1_784' title='bbox 3083 4421 3261 4477; x_wconf 88' lang='lat' dir='ltr'><strong>etiam</strong></span> <span class='ocrx_word' id='word_1_785' title='bbox 3308 4425 3477 4493; x_wconf 62' lang='lat' dir='ltr'><strong>graeci</strong></span> <span class='ocrx_word' id='word_1_786' title='bbox 3522 4427 3763 4502; x_wconf 84' lang='lat' dir='ltr'><strong>habent,</strong></span> 
     </span>
    </p>
   </div>
   <div class='ocr_carea' id='block_1_102' title="bbox 2056 4507 3768 4589">
    <p class='ocr_par' dir='ltr' id='par_1_102' title="bbox 2056 4507 3768 4589">
     <span class='ocr_line' id='line_1_102' title="bbox 2056 4507 3768 4589; baseline 0.008 -27"><span class='ocrx_word' id='word_1_787' title='bbox 2056 4507 2316 4562; x_wconf 87' lang='lat' dir='ltr'><strong>Tulerunt</strong></span> <span class='ocrx_word' id='word_1_788' title='bbox 2347 4508 2645 4560; x_wconf 90' lang='lat' dir='ltr'><strong>Dominum</strong></span> <span class='ocrx_word' id='word_1_789' title='bbox 2674 4522 2876 4575; x_wconf 88' lang='lat' dir='ltr'><strong>meum,</strong></span> <span class='ocrx_word' id='word_1_790' title='bbox 2911 4509 3061 4578; x_wconf 88' lang='lat' dir='ltr'><strong>quod</strong></span> <span class='ocrx_word' id='word_1_791' title='bbox 3100 4511 3281 4566; x_wconf 90' lang='lat' dir='ltr'><strong>videri</strong></span> <span class='ocrx_word' id='word_1_792' title='bbox 3312 4513 3528 4571; x_wconf 92' lang='lat' dir='ltr'><strong>dictum</strong></span> <span class='ocrx_word' id='word_1_793' title='bbox 3577 4523 3768 4589; x_wconf 91' lang='lat' dir='ltr'><strong>potest</strong></span> 
     </span>
    </p>
   </div>
   <div class='ocr_carea' id='block_1_103' title="bbox 2056 4593 3766 4673">
    <p class='ocr_par' dir='ltr' id='par_1_103' title="bbox 2056 4593 3766 4673">
     <span class='ocr_line' id='line_1_103' title="bbox 2056 4593 3766 4673; baseline 0.009 -24"><span class='ocrx_word' id='word_1_794' title='bbox 2056 4593 2430 4666; x_wconf 88' lang='lat' dir='ltr'><strong>prepensiore</strong></span> <span class='ocrx_word' id='word_1_795' title='bbox 2457 4593 2759 4649; x_wconf 89' lang='lat' dir='ltr'><strong>cbaritatis</strong></span> <span class='ocrx_word' id='word_1_796' title='bbox 2782 4596 2869 4650; x_wconf 92' lang='lat' dir='ltr'><strong>vel</strong></span> <span class='ocrx_word' id='word_1_797' title='bbox 2902 4596 3221 4655; x_wconf 77' lang='lat' dir='ltr'><strong>famulatus</strong></span> <span class='ocrx_word' id='word_1_798' title='bbox 3252 4600 3490 4673; x_wconf 74' lang='lat' dir='ltr'><strong>aﬂ‘eclu;</strong></span> <span class='ocrx_word' id='word_1_799' title='bbox 3525 4607 3621 4661; x_wconf 90' lang='lat' dir='ltr'><strong>sed</strong></span> <span class='ocrx_word' id='word_1_800' title='bbox 3658 4609 3766 4665; x_wconf 86' lang='lat' dir='ltr'><strong>hoc</strong></span> 
     </span>
    </p>
   </div>
   <div class='ocr_carea' id='block_1_104' title="bbox 2056 4681 3764 4763">
    <p class='ocr_par' dir='ltr' id='par_1_104' title="bbox 2056 4681 3764 4763">
     <span class='ocr_line' id='line_1_104' title="bbox 2056 4681 3764 4763; baseline 0.011 -26"><span class='ocrx_word' id='word_1_801' title='bbox 2056 4682 2116 4739; x_wconf 92' lang='lat' dir='ltr'><strong>in</strong></span> <span class='ocrx_word' id='word_1_802' title='bbox 2141 4682 2413 4755; x_wconf 81' lang='lat' dir='ltr'><strong>pluribus</strong></span> <span class='ocrx_word' id='word_1_803' title='bbox 2434 4681 2731 4739; x_wconf 91' lang='lat' dir='ltr'><strong>codicibus</strong></span> <span class='ocrx_word' id='word_1_804' title='bbox 2756 4701 2904 4756; x_wconf 91' lang='lat' dir='ltr'><strong>quos</strong></span> <span class='ocrx_word' id='word_1_805' title='bbox 2929 4686 2987 4741; x_wconf 92' lang='lat' dir='ltr'><strong>in</strong></span> <span class='ocrx_word' id='word_1_806' title='bbox 3010 4693 3280 4760; x_wconf 89' lang='lat' dir='ltr'><strong>promptu</strong></span> <span class='ocrx_word' id='word_1_807' title='bbox 3305 4690 3764 4763; x_wconf 88' lang='lat' dir='ltr'><strong>babuimus,non</strong></span> 
     </span>
    </p>
   </div>
   <div class='ocr_carea' id='block_1_105' title="bbox 2058 4771 2411 4828">
    <p class='ocr_par' dir='ltr' id='par_1_105' title="bbox 2058 4771 2411 4828">
     <span class='ocr_line' id='line_1_105' title="bbox 2058 4771 2411 4828; baseline 0 -1"><span class='ocrx_word' id='word_1_808' title='bbox 2058 4771 2411 4828; x_wconf 90' lang='lat' dir='ltr'><strong>invenimus.</strong></span> 
     </span>
    </p>
   </div>
   <div class='ocr_carea' id='block_1_106' title="bbox 2125 4863 3767 4946">
    <p class='ocr_par' dir='ltr' id='par_1_106' title="bbox 2125 4863 3767 4946">
     <span class='ocr_line' id='line_1_106' title="bbox 2125 4863 3767 4946; baseline 0.012 -30"><span class='ocrx_word' id='word_1_809' title='bbox 2125 4864 2179 4917; x_wconf 89' lang='lat'><strong>7.</strong></span> <span class='ocrx_word' id='word_1_810' title='bbox 2222 4863 2373 4919; x_wconf 72' lang='lat' dir='ltr'><strong>Exiit</strong></span> <span class='ocrx_word' id='word_1_811' title='bbox 2397 4879 2528 4936; x_wconf 82' lang='lat' dir='ltr'><strong>ergo</strong></span> <span class='ocrx_word' id='word_1_812' title='bbox 2556 4867 2749 4921; x_wconf 84' lang='lat' dir='ltr'><strong>Petrus</strong></span> <span class='ocrx_word' id='word_1_813' title='bbox 2785 4872 2837 4922; x_wconf 88' lang='lat' dir='ltr'><strong>et</strong></span> <span class='ocrx_word' id='word_1_814' title='bbox 2870 4867 2963 4925; x_wconf 88' lang='lat' dir='ltr'><strong>ille</strong></span> <span class='ocrx_word' id='word_1_815' title='bbox 2990 4870 3136 4926; x_wconf 85' lang='lat' dir='ltr'><strong>alius</strong></span> <span class='ocrx_word' id='word_1_816' title='bbox 3164 4870 3497 4946; x_wconf 78' lang='lat' dir='ltr'><strong>discipulus,</strong></span> <span class='ocrx_word' id='word_1_817' title='bbox 3531 4884 3581 4933; x_wconf 83' lang='lat' dir='ltr'><strong>et</strong></span> <span class='ocrx_word' id='word_1_818' title='bbox 3610 4896 3767 4935; x_wconf 82' lang='lat' dir='ltr'><strong>vene-</strong></span> 
     </span>
    </p>
   </div>
   <div class='ocr_carea' id='block_1_107' title="bbox 2055 4954 3765 5034">
    <p class='ocr_par' dir='ltr' id='par_1_107' title="bbox 2055 4954 3765 5034">
     <span class='ocr_line' id='line_1_107' title="bbox 2055 4954 3765 5034; baseline 0.008 -23"><span class='ocrx_word' id='word_1_819' title='bbox 2055 4964 2190 5012; x_wconf 88' lang='lat' dir='ltr'><strong>runt</strong></span> <span class='ocrx_word' id='word_1_820' title='bbox 2221 4954 2291 5010; x_wconf 88' lang='lat' dir='ltr'><strong>ad</strong></span> <span class='ocrx_word' id='word_1_821' title='bbox 2320 4961 2759 5012; x_wconf 87' lang='lat' dir='ltr'><strong>monumentum.</strong></span> <span class='ocrx_word' id='word_1_822' title='bbox 2795 4957 3102 5016; x_wconf 81' lang='lat' dir='ltr'><strong>Currebant</strong></span> <span class='ocrx_word' id='word_1_823' title='bbox 3147 4966 3334 5019; x_wconf 86' lang='lat' dir='ltr'><strong>autem</strong></span> <span class='ocrx_word' id='word_1_824' title='bbox 3366 4964 3468 5022; x_wconf 89' lang='lat' dir='ltr'><strong>duo</strong></span> <span class='ocrx_word' id='word_1_825' title='bbox 3499 4968 3683 5034; x_wconf 84' lang='lat' dir='ltr'><strong>simul,</strong></span> <span class='ocrx_word' id='word_1_826' title='bbox 3714 4973 3765 5024; x_wconf 89' lang='lat' dir='ltr'><strong>et</strong></span> 
     </span>
    </p>
   </div>
   <div class='ocr_carea' id='block_1_108' title="bbox 2056 5045 3766 5121">
    <p class='ocr_par' dir='ltr' id='par_1_108' title="bbox 2056 5045 3766 5121">
     <span class='ocr_line' id='line_1_108' title="bbox 2056 5045 3766 5121; baseline 0.006 -19"><span class='ocrx_word' id='word_1_827' title='bbox 2056 5046 2152 5102; x_wconf 91' lang='lat' dir='ltr'><strong>ille</strong></span> <span class='ocrx_word' id='word_1_828' title='bbox 2182 5045 2329 5101; x_wconf 87' lang='lat' dir='ltr'><strong>alius</strong></span> <span class='ocrx_word' id='word_1_829' title='bbox 2376 5045 2678 5117; x_wconf 82' lang='lat' dir='ltr'><strong>discipulus</strong></span> <span class='ocrx_word' id='word_1_830' title='bbox 2716 5052 3086 5118; x_wconf 70' lang='lat' dir='ltr'><strong>praecucurrit</strong></span> <span class='ocrx_word' id='word_1_831' title='bbox 3114 5051 3277 5109; x_wconf 86' lang='lat' dir='ltr'><strong>citius</strong></span> <span class='ocrx_word' id='word_1_832' title='bbox 3310 5056 3491 5121; x_wconf 87' lang='lat' dir='ltr'><strong>Petro,</strong></span> <span class='ocrx_word' id='word_1_833' title='bbox 3525 5062 3578 5109; x_wconf 82' lang='lat' dir='ltr'><strong>et</strong></span> <span class='ocrx_word' id='word_1_834' title='bbox 3615 5057 3766 5113; x_wconf 81' lang='lat' dir='ltr'><strong>venit</strong></span> 
     </span>
    </p>
   </div>
   <div class='ocr_carea' id='block_1_109' title="bbox 2050 5136 3764 5208">
    <p class='ocr_par' dir='ltr' id='par_1_109' title="bbox 2050 5136 3764 5208">
     <span class='ocr_line' id='line_1_109' title="bbox 2050 5136 3764 5208; baseline 0.007 -19"><span class='ocrx_word' id='word_1_835' title='bbox 2050 5138 2269 5208; x_wconf 83' lang='lat' dir='ltr'><strong>primus</strong></span> <span class='ocrx_word' id='word_1_836' title='bbox 2299 5136 2372 5191; x_wconf 88' lang='lat' dir='ltr'><strong>ad</strong></span> <span class='ocrx_word' id='word_1_837' title='bbox 2398 5145 2836 5193; x_wconf 88' lang='lat' dir='ltr'><strong>monumentum.</strong></span> <span class='ocrx_word' id='word_1_838' title='bbox 2869 5139 3235 5196; x_wconf 85' lang='lat' dir='ltr'><strong>Advertenda</strong></span> <span class='ocrx_word' id='word_1_839' title='bbox 3268 5140 3360 5197; x_wconf 88' lang='lat' dir='ltr'><strong>hic</strong></span> <span class='ocrx_word' id='word_1_840' title='bbox 3391 5147 3446 5197; x_wconf 91' lang='lat' dir='ltr'><strong>et</strong></span> <span class='ocrx_word' id='word_1_841' title='bbox 3466 5158 3764 5201; x_wconf 88' lang='lat' dir='ltr'><strong>commen-</strong></span> 
     </span>
    </p>
   </div>
   <div class='ocr_carea' id='block_1_110' title="bbox 2052 5223 3760 5300">
    <p class='ocr_par' dir='ltr' id='par_1_110' title="bbox 2052 5223 3760 5300">
     <span class='ocr_line' id='line_1_110' title="bbox 2052 5223 3760 5300; baseline 0.008 -22"><span class='ocrx_word' id='word_1_842' title='bbox 2052 5223 2243 5279; x_wconf 85' lang='lat' dir='ltr'><strong>danda</strong></span> <span class='ocrx_word' id='word_1_843' title='bbox 2281 5228 2371 5281; x_wconf 88' lang='lat' dir='ltr'><strong>est</strong></span> <span class='ocrx_word' id='word_1_844' title='bbox 2420 5226 2840 5297; x_wconf 89' lang='lat' dir='ltr'><strong>recapitulalio,</strong></span> <span class='ocrx_word' id='word_1_845' title='bbox 2873 5230 3165 5300; x_wconf 89' lang='lat' dir='ltr'><strong>quomodo</strong></span> <span class='ocrx_word' id='word_1_846' title='bbox 3198 5229 3450 5285; x_wconf 89' lang='lat' dir='ltr'><strong>reditum</strong></span> <span class='ocrx_word' id='word_1_847' title='bbox 3481 5239 3567 5286; x_wconf 87' lang='lat' dir='ltr'><strong>est</strong></span> <span class='ocrx_word' id='word_1_848' title='bbox 3601 5233 3672 5288; x_wconf 89' lang='lat' dir='ltr'><strong>ad</strong></span> <span class='ocrx_word' id='word_1_849' title='bbox 3705 5234 3760 5291; x_wconf 91' lang='lat' dir='ltr'><strong>id</strong></span> 
     </span>
    </p>
   </div>
   <div class='ocr_carea' id='block_1_111' title="bbox 2114 5402 3760 5465">
    <p class='ocr_par' dir='ltr' id='par_1_111' title="bbox 2114 5402 3760 5465">
     <span class='ocr_line' id='line_1_111' title="bbox 2114 5402 3760 5465; baseline 0.008 -16"><span class='ocrx_word' id='word_1_850' title='bbox 2114 5405 2186 5463; x_wconf 80' lang='grc' dir='ltr'><strong>(ο)</strong></span> <span class='ocrx_word' id='word_1_851' title='bbox 2216 5403 2340 5451; x_wconf 86' lang='lat' dir='ltr'><strong>Eam</strong></span> <span class='ocrx_word' id='word_1_852' title='bbox 2371 5402 2774 5465; x_wconf 82' lang='lat' dir='ltr'><strong>revelationem.</strong></span> <span class='ocrx_word' id='word_1_853' title='bbox 2813 5417 2916 5465; x_wconf 89' lang='lat' dir='ltr'><strong>qua</strong></span> <span class='ocrx_word' id='word_1_854' title='bbox 2948 5406 3111 5465; x_wconf 87' lang='lat' dir='ltr'><strong>ipsius</strong></span> <span class='ocrx_word' id='word_1_855' title='bbox 3147 5406 3301 5455; x_wconf 89' lang='lat' dir='ltr'><strong>etiam</strong></span> <span class='ocrx_word' id='word_1_856' title='bbox 3333 5405 3605 5460; x_wconf 89' lang='lat' dir='ltr'><strong>Nicodemi</strong></span> <span class='ocrx_word' id='word_1_857' title='bbox 3642 5425 3760 5462; x_wconf 91' lang='lat' dir='ltr'><strong>cor-</strong></span> 
     </span>
    </p>
   </div>
   <div class='ocr_carea' id='block_1_112' title="bbox 2050 5464 3757 5527">
    <p class='ocr_par' dir='ltr' id='par_1_112' title="bbox 2050 5464 3757 5527">
     <span class='ocr_line' id='line_1_112' title="bbox 2050 5464 3757 5527; baseline 0.007 -14"><span class='ocrx_word' id='word_1_858' title='bbox 2050 5478 2151 5527; x_wconf 86' lang='lat' dir='ltr'><strong>pus</strong></span> <span class='ocrx_word' id='word_1_859' title='bbox 2181 5465 2444 5514; x_wconf 89' lang='lat' dir='ltr'><strong>detectum</strong></span> <span class='ocrx_word' id='word_1_860' title='bbox 2479 5464 2597 5526; x_wconf 80' lang='lat' dir='ltr'><strong>fuit,</strong></span> <span class='ocrx_word' id='word_1_861' title='bbox 2644 5465 2705 5513; x_wconf 92' lang='lat' dir='ltr'><strong>ad</strong></span> <span class='ocrx_word' id='word_1_862' title='bbox 2759 5464 2889 5515; x_wconf 86' lang='lat' dir='ltr'><strong>anni</strong></span> <span class='ocrx_word' id='word_1_863' title='bbox 2929 5464 3023 5516; x_wconf 74' lang='grc'><strong>415</strong></span> <span class='ocrx_word' id='word_1_864' title='bbox 3052 5467 3209 5517; x_wconf 82' lang='lat' dir='ltr'><strong>ﬁnem</strong></span> <span class='ocrx_word' id='word_1_865' title='bbox 3241 5470 3482 5520; x_wconf 75' lang='lat' dir='ltr'><strong>referunt</strong></span> <span class='ocrx_word' id='word_1_866' title='bbox 3504 5472 3624 5523; x_wconf 79' lang='lat' dir='ltr'><strong>freti</strong></span> <span class='ocrx_word' id='word_1_867' title='bbox 3659 5489 3757 5525; x_wconf 90' lang='lat' dir='ltr'><strong>au-</strong></span> 
     </span>
    </p>
   </div>
   <div class='ocr_carea' id='block_1_113' title="bbox 2049 5526 3755 5653">
    <p class='ocr_par' dir='ltr' id='par_1_113' title="bbox 2049 5526 3755 5653">
     <span class='ocr_line' id='line_1_113' title="bbox 2050 5526 3755 5640; baseline 0.006 -63"><span class='ocrx_word' id='word_1_868' title='bbox 2050 5528 2294 5640; x_wconf 48' lang='lat' dir='ltr'><strong>ctoiritate</strong></span> <span class='ocrx_word' id='word_1_869' title='bbox 2350 5526 2569 5577; x_wconf 86' lang='lat' dir='ltr'><strong>Luciani</strong></span> <span class='ocrx_word' id='word_1_870' title='bbox 2620 5527 2935 5591; x_wconf 81' lang='lat' dir='ltr'><strong>presbyteri,</strong></span> <span class='ocrx_word' id='word_1_871' title='bbox 2989 5531 3044 5579; x_wconf 92' lang='lat' dir='ltr'><strong>in</strong></span> <span class='ocrx_word' id='word_1_872' title='bbox 3076 5530 3253 5582; x_wconf 84' lang='lat' dir='ltr'><strong>libello</strong></span> <span class='ocrx_word' id='word_1_873' title='bbox 3303 5533 3406 5583; x_wconf 87' lang='lat' dir='ltr'><strong>hac</strong></span> <span class='ocrx_word' id='word_1_874' title='bbox 3433 5534 3499 5585; x_wconf 90' lang='lat' dir='ltr'><strong>de</strong></span> <span class='ocrx_word' id='word_1_875' title='bbox 3544 5550 3599 5587; x_wconf 90' lang='lat' dir='ltr'><strong>re</strong></span> <span class='ocrx_word' id='word_1_876' title='bbox 3629 5551 3755 5588; x_wconf 86' lang='lat' dir='ltr'><strong>con-</strong></span> 
     </span>
     <span class='ocr_line' id='line_1_114' title="bbox 2049 5603 2263 5653; baseline 0.005 -13"><span class='ocrx_word' id='word_1_877' title='bbox 2049 5603 2132 5640; x_wconf 84' lang='lat' dir='ltr'><strong>scr</strong></span> <span class='ocrx_word' id='word_1_878' title='bbox 2153 5603 2186 5653; x_wconf 90' lang='lat' dir='ltr'><strong>p</strong></span> <span class='ocrx_word' id='word_1_879' title='bbox 2213 5603 2263 5642; x_wconf 93' lang='grc' dir='ltr'><strong>ο.</strong></span> 
     </span>
    </p>
   </div>
  </div>
