4182 6198
386 272 539 336 1955

388 409 536 483 quod
582 408 765 464 fuerat
810 401 1304 477 praetermissum;
1338 403 1394 456 et
1422 404 1618 455 tamen
1652 394 1811 467 quasi
1842 395 1951 450 hoc
1983 410 2079 450 se-

384 506 658 575 queretur
689 497 1034 567 adjunctum
1068 498 1175 549 est.
1208 492 1350 548 Cum
1384 491 1537 546 enim
1562 488 1686 559 jam
1717 487 1977 553 dixisset,
2003 500 2085 542 ve-

383 596 584 647 nerunt
605 588 674 643 ad
695 589 1125 649 monumentum,
1141 598 1442 654 regressus
1464 584 1554 635 est
1578 587 1635 633 ut
1661 581 1920 634 narraret
1943 592 2083 648 quo-

385 681 558 737 modo
579 683 891 741 venerunt;
919 682 1091 745 atque
1116 673 1215 741 ait,
1238 671 1531 726 currebant
1552 673 1731 723 autem
1757 670 1865 722 duo
1888 662 2078 733 simul,

383 776 493 826 etc.
526 768 633 826 Ubi
666 766 916 823 ostendit
946 763 1101 836 quod
1137 776 1497 835 praecurrens
1532 759 1599 813 ad
1632 764 2079 813 monumentum

384 859 538 931 prior
568 856 787 914 venerit
817 854 969 910 alius
1001 853 1096 909 ille
1127 850 1471 921 discipulus,
1508 864 1680 921 quem
1714 848 1971 920 seipsum
2004 847 2079 902 si-

380 949 637 1023 gniﬁcat,
671 947 770 1002 sed
802 950 1082 1015 tanquam
1115 944 1185 997 de
1214 940 1327 995 alio
1357 944 1561 994 cuncta
1594 942 1795 993 narrat
1828 937 1865 992 ί.

450 1041 503 1097 8.
542 1059 567 1091 α
598 1038 663 1093 Et
694 1052 825 1092 cum
861 1052 922 1090 se
953 1032 1316 1096 inclinasset,
1351 1029 1556 1100 inquit,
1586 1028 1725 1083 vidit
1759 1028 1946 1098 posita
1976 1026 2080 1083 lin-

382 1130 653 1195 teamina,
686 1142 799 1181 non
833 1129 1025 1180 tamen
1060 1120 1335 1177 introivit.
1369 1118 1535 1173 Venit
1573 1134 1708 1188 ergo
1750 1117 1948 1171 Simon
1981 1117 2078 1171 Pe-

380 1227 504 1274 trus
555 1232 801 1290 sequens
848 1230 1000 1280 eum,
1036 1217 1091 1267 et
1136 1208 1391 1266 introivit
1422 1208 1478 1263 in
1515 1212 1991 1276 monumentum;
2025 1210 2080 1262 et

378 1307 519 1365 vidit
539 1306 881 1363 linteamina
904 1303 1179 1376 posita,et
1202 1300 1496 1355 sudarium
1522 1297 1673 1369 quod
1701 1297 1882 1351 fuerat
1903 1312 2079 1366 super

376 1402 548 1469 caput
579 1398 724 1467 ejus,
757 1412 869 1449 non
904 1409 1035 1448 cum
1070 1390 1508 1446 linteaminibus
1545 1387 1821 1458 positum,
1856 1386 1952 1440 sed.
1986 1400 2076 1440 sc-

378 1490 621 1562 paratim
680 1486 1002 1543 involutum
1062 1484 1121 1537 in
1182 1499 1362 1537 unum
1414 1481 1685 1536 locum.»
1722 1478 2078 1536 Putamusne

377 1579 525 1636 nihil
550 1580 662 1634 ista
686 1576 1057 1649 signiﬁcant?
1073 1574 1452 1645 Nequaquam
1479 1570 1584 1624 hoc
1609 1568 1946 1639 putaverim.
1965 1568 2075 1625 Sed

375 1670 445 1724 ad
497 1668 612 1724 alia
660 1667 1024 1732 festinamus,
1056 1663 1116 1718 in
1166 1661 1374 1733 quibus
1406 1659 1704 1715 immorari
1740 1659 2075 1729 quaestionis

370 1760 459 1817 vel
482 1757 849 1816 obscuritatis
870 1756 1118 1827 alicujus
1138 1754 1475 1811 necessitate
1498 1750 2069 1822 compellimur.Nam

373 1851 620 1921 istaqua:
646 1864 744 1919 per
766 1848 955 1918 seipsa
978 1844 1284 1899 manifesta
1308 1849 1465 1908 sunt,
1485 1839 1625 1911 quid
1649 1838 2068 1909 singulaetiam

377 1939 728 2012 signiﬁcent,
754 1950 1006 2009 quaerere
1039 1938 1249 1989 sanctm
1285 1930 1515 2003 quidem
1547 1928 1762 1983 deliciis
1796 1934 1949 1999 sunt,
1974 1928 2070 1983 sed

375 2031 715 2097 otiosorum,
749 2027 896 2099 quod
934 2042 1045 2080 non
1079 2040 1285 2080 sumus
1314 2038 1437 2077 nos.

443 2122 499 2176 9.
533 2122 674 2176 Tunc
702 2134 827 2190 ergo
858 2117 1096 2182 introiit,
1131 2121 1179 2169 et
1230 2114 1321 2168 ille
1360 2110 1660 2182 discipulus
1710 2112 1803 2182 qui
1852 2114 2074 2165 venerat

369 2210 583 2283 primus
614 2208 683 2264 ad
712 2213 1147 2264 monumentum.
1185 2204 1343 2261 Prior
1375 2201 1547 2268 venit,
1581 2205 1637 2256 et
1669 2199 1950 2273 posterior
1982 2200 2069 2254 in-

371 2302 565 2358 travit.
590 2300 779 2372 Neque
800 2297 909 2354 hoc
951 2296 1152 2367 utique
1185 2298 1373 2358 vacat,
1398 2291 1497 2349 sed
1536 2289 1680 2346 mihi
1712 2290 1782 2345 ad
1820 2289 1928 2344 ista
1959 2306 2071 2345 non

372 2396 553 2447 vacat.
581 2390 643 2444 Et
670 2387 827 2457 uidit,
850 2386 1061 2459 inquit,
1086 2390 1137 2439 et
1158 2383 1411 2440 credidit.
1438 2385 1552 2437 Hoc
1576 2380 1843 2436 nonnulli
1867 2396 2070 2451 parum

372 2480 757 2543 attendentes,
809 2482 1013 2549 putant
1064 2476 1169 2529 hoc
1221 2475 1506 2529 Joannem
1558 2470 1885 2529 credidisse,
1921 2468 2069 2539 quod

369 2570 542 2625 Jesus
565 2568 908 2631 resurrexit;
932 2564 1033 2618 sed
1057 2563 1209 2634 quod
1230 2560 1514 2633 sequitur,
1546 2560 1651 2615 hoc
1682 2576 1796 2614 non
1828 2558 2068 2614 indicat.

371 2657 517 2725 Quid
560 2656 671 2712 sibi
712 2656 868 2711 enim
902 2653 1025 2711 vult
1074 2652 1220 2723 quod
1270 2650 1465 2706 statim
1506 2650 1790 2719 adjunxit,
1822 2649 2071 2703 Nondum

368 2749 517 2805 enim
545 2746 793 2801 sciebant
825 2744 1187 2814 Scripturam,
1220 2741 1350 2811 quia
1380 2744 1584 2810 Oportet
1614 2754 1737 2793 eum
1768 2755 1803 2793 α
1834 2740 2071 2794 mortuis

369 2836 691 2908 resurgere?
722 2834 844 2891 Non
882 2848 1016 2903 ergo
1039 2846 1167 2886 eum
1194 2829 1434 2884 credidit
1464 2828 1867 2892 resurrexisse,
1894 2844 2067 2900 quem

368 2927 665 2984 nesciebat
712 2930 974 2996 oportere
1007 2936 1327 2992 resurgere.
1363 2919 1506 2985 Quid
1540 2935 1672 2987 ergo
1706 2918 1894 2974 vidit?
1926 2917 2064 2991 quid

366 3012 1076 3076 credidit?Viditscilicct
1106 3012 1275 3066 inane
1298 3015 1764 3077 monumentum,
1798 3015 1852 3066 et
1883 3008 2069 3065 credi-

366 3110 448 3164 dit
493 3106 647 3180 quod
700 3105 926 3161 dixerat
974 3102 1204 3168 mulier,
1238 3116 1371 3155 eum
1404 3101 1474 3157 de
1525 3107 1905 3155 monumento
1946 3116 2066 3156 esse

365 3198 684 3255 sublatum.
737 3196 996 3251 Nondum
1046 3193 1195 3247 enim
1242 3191 1483 3247 sciebant
1530 3192 1899 3262 Scripturum,
1933 3192 2067 3262 quia

362 3293 635 3361 oporteret
665 3304 791 3344 eum
837 3303 871 3342 a
901 3286 1129 3340 mortuis
1161 3298 1459 3354 resurgere.
1493 3283 1562 3338 Et
1593 3282 1718 3337 ideo
1742 3283 1975 3354 quando
2007 3281 2063 3336 id

361 3381 432 3438 ab
466 3381 591 3453 ipso
625 3377 869 3434 Domino
902 3376 1234 3441 audiebant,
1271 3372 1533 3443 quamvis
1573 3371 1940 3444 apertissime
1972 3371 2066 3426 di-

360 3475 587 3530 ceretur
610 3490 625 3541 ;
650 3467 1076 3528 consuetudine
1099 3464 1373 3521 audiendi
1398 3464 1467 3518 ab
1492 3461 1590 3517 illo
1614 3462 2061 3533 parabolas,non

358 3561 837 3631 intelligebant,et
854 3556 1076 3629 aliquid
1093 3554 1245 3610 aliud
1264 3570 1394 3609 eum
1411 3552 1736 3623 signiﬁcare
1752 3551 2063 3607 credebant

357 3660 468 3717 Sed
489 3676 555 3715 ea
578 3676 704 3732 quas
728 3660 1054 3727 sequuntur
1077 3654 1132 3709 in
1150 3668 1477 3708 sermonem
1499 3652 1678 3706 alium
1699 3650 2061 3706 diﬁ‘eramus.

897 3743 1319 3800 TRAC'I‘ATUS
1370 3741 1549 3798 CXXI.

356 3841 431 3895 De
460 3854 518 3894 eo
550 3836 690 3909 quod
718 3833 989 3906 sequitur,
1022 3832 1303 3886 Abierunt
1340 3847 1472 3901 ergo
1510 3832 1721 3885 iterum
1746 3830 1814 3885 ad
1844 3833 2057 3885 semet-

427 3918 583 3987 ipsos
614 3913 921 3983 discipuli;
973 3911 1240 3982 usquead
1288 3911 1361 3977 id,
1396 3910 1551 3964 Beati
1601 3911 1698 3980 qui
1748 3927 1860 3965 non
1894 3910 2058 3966 vide-

426 4001 566 4052 runt
597 4000 654 4050 et
683 3993 1077 4047 crediderunt.
1114 3990 1242 4063 Cap.
1278 4007 1370 4057 xx,
1404 3992 1457 4059 ᾖ.
1494 3991 1674 4047 10-29.

426 4097 479 4152 ι.
506 4093 811 4152 Sublatum
835 4107 962 4147 esse
998 4090 1310 4146 Dominum
1354 4091 1423 4145 de
1462 4095 1863 4153 monumento.
1888 4091 2058 4147 disci-

354 4186 508 4259 pulis
529 4186 656 4257 ejus
679 4184 845 4240 Petro
879 4185 937 4237 et
973 4180 1181 4237 Joanni
1216 4179 1581 4235 nuntiaverat
1618 4180 1794 4237 Maria
1825 4182 2059 4253 Magda-

356 4279 482 4335 lene
514 4293 529 4336 :
564 4293 675 4348 quo
705 4274 786 4331 illi
819 4272 1135 4339 venientes,
1163 4273 1509 4326 invenerunt
1541 4270 1663 4326 sola
1694 4271 2056 4343 linteamina,

355 4369 570 4442 quibus
602 4383 813 4437 corpus
845 4364 1035 4420 fuerat
1066 4362 1418 4429 involutum;
1452 4365 1507 4416 et
1539 4360 1678 4431 quid
1731 4362 1883 4415 aliud
1936 4378 2057 4416 cre-

354 4460 487 4515 dere
534 4460 868 4530 potucrunt,
905 4453 1016 4509 nisi
1052 4453 1207 4525 quod
1240 4451 1484 4519 dixerat,
1518 4451 1668 4522 quod
1711 4450 1883 4506 etiam
1930 4450 2057 4520 ipsa

352 4548 678 4607 crediderat
710 4547 738 4601 ‘l
766 4546 1029 4602 Abierant
1059 4557 1183 4615 ergo
1215 4544 1415 4597 iterum
1447 4540 1515 4596 ad
1550 4542 1857 4613 semetipsos
1886 4540 2057 4596 disci-

349 4641 522 4714 puli:
556 4640 609 4693 id
646 4642 753 4704 est,
788 4636 886 4692 ubi
916 4634 1280 4701 habitabant,
1314 4638 1371 4688 et
1417 4634 1571 4689 unde
1602 4634 1670 4688 ad
1706 4647 2057 4688 monumen-

354 4741 475 4787 tum
497 4732 895 4784 cucurrerant.
918 4724 1093 4780 Maria
1124 4728 1307 4779 autem
1337 4726 1515 4780 stabat
1545 4724 1613 4779 ad
1646 4733 2054 4779 monumentum

348 4822 490 4890 [oris
536 4818 783 4889 plorans.
835 4814 987 4868 Viris
1034 4813 1186 4868 enim
1237 4814 1640 4881 redeuntibus,
1676 4815 2055 4870 inﬁrmiorem

352 4924 559 4968 sexum
582 4906 639 4961 in
664 4903 864 4961 eodem
898 4902 1023 4958 loco
1057 4902 1259 4957 fortior
1288 4903 1499 4970 ﬁgebat
1529 4903 1790 4958 att'ectus.
1816 4903 1885 4957 Et
1906 4902 2056 4957 oculi

355 5000 455 5074 qui
508 4996 817 5054 Dominum
849 4991 1203 5064 quasierant
1234 4996 1288 5046 et
1321 5008 1437 5046 non
1485 4992 1840 5053 invenerant,
1877 4994 2059 5064 lacry-

354 5090 468 5146 mis
500 5103 625 5159 jam
654 5082 959 5150 vacabant,
991 5080 1243 5153 amplius
1276 5080 1539 5137 dolentes
1575 5082 1725 5153 quod
1774 5082 1958 5136 fuerat
1988 5083 2058 5138 de

353 5182 732 5237 monumento
764 5175 1020 5241 ablatus,
1044 5188 1213 5246 quam
1243 5174 1397 5246 quod
1427 5172 1602 5228 fuerat
1634 5174 1693 5229 in
1728 5173 1882 5245 ligno
1905 5174 2056 5229 occi-

353 5287 481 5341 sus;
514 5270 790 5342 quoniam
824 5264 1091 5338 magistri
1116 5263 1285 5336 tanti,
1310 5264 1487 5335 cujus
1508 5264 1591 5320 eis
1613 5264 1730 5320 vita
1759 5266 2060 5320 subtracta

422 5454 439 5487 ι
464 5449 549 5497 Er.
580 5446 750 5512 Lugd.
785 5450 838 5497 et
861 5446 1013 5504 Ven.,
1048 5446 1422 5512 sedgtanquam
1454 5446 1517 5497 de
1545 5445 1670 5504 alio,
1704 5462 1843 5512 more
1865 5457 2061 5512 sanctae

355 5513 650 5573 Scriptura,
665 5509 856 5560 'cuncta
881 5513 1085 5561 narrat.
1116 5509 1308 5568 Verba,
1340 5525 1481 5560 more
1526 5514 1718 5560 sancta:
1756 5509 2057 5573 Scriptura,

357 5575 424 5627 ad
456 5580 653 5635 textum
672 5585 793 5635 non
823 5574 1091 5635 pertinere
1120 5574 1387 5631 videntur,
1417 5578 1470 5624 et
1488 5575 1630 5635 apud
1652 5575 1736 5626 Er.
1758 5576 1913 5626 Guill.
1936 5589 2058 5626 uec-

355 5650 465 5691 non
496 5633 639 5701 apud
667 5633 999 5687 Lovuuncts
1028 5635 1436 5687 concluduntur.
1503 5633 1578 5690 Μ.

1326 264 1403 324 ΙΝ
1450 257 1778 324 JOANNIS
1821 256 2365 331 EVANGELIUM,
2414 258 2479 319 S.
2526 256 2945 320 AUGUSTINI

3746 257 3897 319 i956

2194 393 2396 462 fuerat,
2432 409 2537 451 nec
2587 394 2867 451 memoria
2916 394 3272 451 remanebat.
3303 396 3563 453 Tenebat
3595 397 3795 468 itaque
3827 396 3894 450 ad

2195 489 2636 540 monumentum
2679 486 2803 557 jam
2855 484 3020 541 dolor
3062 485 3168 540 iste
3219 486 3545 542 mulierem.
3588 486 3725 540 Cum
3772 502 3899 553 ergo

2190 575 2366 643 ﬂeret,
2399 574 2691 631 inclinavit
2718 565 2787 631 se'
2814 582 2866 631 et
2902 581 3181 646 prospexit
3212 577 3272 630 in
3312 587 3752 633 monumentum.
3786 577 3899 633 Cur

2191 664 2299 720 hoc
2334 666 2529 721 fecerit
2559 667 2773 723 nescio.
2807 666 2929 723 Non
2978 666 3132 722 enim
3183 667 3478 723 nesciebat
3512 685 3621 723 non
3659 668 3737 722 ibi
3772 683 3899 723 esse

2184 754 2306 823 jam
2341 772 2512 827 quem
2547 757 2866 827 quznrebat;
2902 756 3380 828 quandoquidem
3423 759 3555 814 inde
3594 758 3891 812 sublatum

2190 849 2246 900 et
2275 845 2574 916 discipulis
2625 847 2748 917 ipsa
2793 847 3199 913 nuntiaverat;
3232 854 3285 901 et
3315 846 3400 901 illi
3431 848 3501 901 ad
3538 864 3897 902 monumen-

2189 940 2311 989 tum
2334 942 2625 1001 venerant,
2648 942 2705 992 et
2736 954 2849 992 non
2882 936 3073 993 solum
3109 938 3406 1004 intuendo,
3442 937 3542 991 sed
3582 938 3753 991 etiam
3788 936 3887 990 in-

2192 1026 2399 1083 trando
2449 1043 2661 1098 corpus
2710 1026 2943 1082 Domini
2994 1028 3360 1098 quaesierant,
3396 1042 3500 1082 nec
3532 1027 3884 1083 invenerant.

2189 1115 2332 1178 Quid
2375 1115 2485 1171 sibi
2532 1132 2668 1188 ergo
2699 1116 2822 1173 vult
2854 1119 3007 1189 quod
3043 1116 3153 1171 ista
3184 1133 3315 1171 cum
3350 1117 3533 1183 ﬂeret,
3568 1133 3793 1171 rursum
3826 1118 3885 1171 in

2190 1217 2635 1263 monumentum
2685 1207 2965 1264 inclinata
3014 1206 3351 1279 prospexit?
3385 1208 3583 1263 Utrum
3616 1208 3770 1278 quod
3802 1207 3893 1263 ni-

2191 1298 2373 1353 mium
2408 1298 2657 1369 dolebat,
2684 1314 2789 1356 nec
2820 1298 2944 1354 suis
2977 1314 3081 1355 nec
3113 1298 3346 1354 illorum
3371 1298 3554 1354 oculis
3589 1296 3756 1353 facile
3790 1315 3894 1369 pu-

2188 1388 2349 1444 tabat
2376 1404 2505 1444 esse
2527 1389 2923 1445 credendum?
2952 1390 3039 1444 Au
3074 1388 3265 1459 potius
3291 1387 3486 1443 divino
3518 1388 3803 1443 instinctu
3835 1388 3893 1442 in

2188 1479 2385 1534 animo
2430 1480 2558 1550 ejus
2606 1479 2871 1535 effectum
2918 1486 3003 1535 est
3049 1482 3113 1533 ut
3165 1477 3561 1549 prospiceret?
3593 1478 3898 1547 Prospexit

2188 1569 2365 1637 enim,
2399 1570 2462 1625 Et
2496 1568 2635 1624 vidit
2678 1569 2809 1624 duos
2856 1570 3081 1638 angelos
3129 1571 3187 1623 in
3234 1568 3394 1634 albis,
3424 1567 3691 1637 sedentes,
3722 1584 3896 1623 unum

2187 1658 2263 1713 ad
2294 1665 2476 1729 caput,
2501 1662 2547 1714 et
2581 1675 2749 1713 unum
2783 1658 2851 1713 ad
2880 1661 3068 1729 pedes,
3095 1658 3193 1713 ubi
3221 1660 3455 1727 positum
3485 1661 3668 1728 fuerat
3693 1674 3896 1729 corpus

2184 1752 2325 1807 Iesu.
2352 1750 2499 1815 Quid
2532 1754 2619 1806 est
2650 1752 2799 1821 quod
2837 1767 2991 1806 unus
3024 1751 3094 1805 ad
3128 1755 3321 1822 caput,
3355 1758 3405 1806 et
3436 1750 3505 1805 ad
3541 1750 3717 1822 pedes
3748 1751 3897 1806 alter

2187 1840 2457 1895 sedebat?
2488 1844 2595 1905 An,
2640 1840 2914 1911 quoniam
2963 1841 3060 1912 qui
3109 1855 3291 1913 graece
3338 1840 3543 1912 Angeli
3590 1840 3893 1907 dicuntur,

2181 1930 2356 1985 latine
2380 1934 2519 1985 sunt
2541 1930 2749 2000 nuntii,
2767 1931 2879 1986 isto
2903 1932 3072 1987 modo
3096 1929 3309 1986 Christi
3332 1929 3709 2003 Evangelium
3732 1928 3891 1985 velut

2182 2036 2214 2074 a
2244 2019 2430 2090 capite
2477 2036 2663 2092 usque
2713 2022 2784 2074 ad
2834 2023 3028 2092 pedes,
3078 2019 3146 2075 ab
3202 2019 3370 2075 initio
3401 2036 3585 2087 usque
3617 2019 3674 2075 in
3712 2019 3890 2075 ﬁnem

2182 2108 2589 2181 signiﬁcabant
2613 2126 2736 2164 esse
2770 2109 3201 2164 nuntiandum?
3226 2109 3421 2164 Dicunt
3441 2111 3494 2165 ei
3514 2109 3602 2164 illi
3626 2127 3645 2164 :
3666 2109 3889 2179 Mulier,

2182 2200 2313 2270 quid
2332 2199 2567 2270 ploras?
2599 2198 2749 2253 Dicit
2781 2201 2855 2254 eis
2874 2217 2891 2253 :
2916 2200 3057 2267 Quia
3084 2200 3330 2254 tulerunt
3362 2200 3651 2254 Dominum
3682 2216 3891 2267 meum,

2183 2297 2232 2344 et
2263 2291 2440 2345 nescio
2474 2289 2565 2344 ubi
2591 2296 2886 2359 posuerunt
2915 2304 3059 2344 eum.
3094 2288 3297 2360 Angeli
3346 2287 3634 2359 lacrymas
3684 2287 3891 2361 prohi-

2181 2380 2397 2435 bebant
2422 2398 2433 2435 :
2463 2380 2559 2434 ubi
2584 2379 2726 2451 quid
2758 2378 2916 2434 aliud
2949 2394 3125 2450 quam
3161 2378 3421 2433 futurum
3455 2378 3889 2450 quodammodo

2181 2470 2461 2543 gaudium
2497 2469 2889 2524 nuntiabant?
2914 2470 2996 2524 Ita
3020 2466 3175 2523 enim
3200 2468 3485 2534 dixerunt,
3508 2467 3648 2536 Quid
3664 2470 3895 2539 ploras?

2181 2577 2246 2616 ac
2278 2561 2326 2616 si
2358 2562 2634 2629 dicerent,
2666 2559 2792 2615 Noli
2833 2558 3076 2630 plorare.
3102 2560 3170 2614 At
3199 2557 3301 2614 illa
3330 2574 3428 2614 eos
3462 2564 3667 2630 putans
3699 2558 3893 2614 inter-

2180 2668 2416 2724 rogasse
2448 2651 2793 2715 nescientes,
2827 2667 3038 2706 causas
3070 2650 3260 2721 prodit
3300 2648 3707 2721 lacrymarum.
3744 2650 3893 2717 Quia

2179 2743 2445 2807 tulerunt,
2497 2742 2710 2815 inquit,
2762 2743 3048 2797 Dominum
3091 2757 3272 2795 meum
3300 2756 3322 2797 :
3355 2739 3667 2795 Dominum
3709 2756 3888 2796 suum

2175 2850 2385 2889 vocans
2433 2849 2645 2904 corpus
2692 2832 2958 2888 examine
3010 2832 3232 2887 Domini
3278 2830 3389 2896 sui,
3418 2848 3451 2884 a
3496 2833 3612 2886 toto
3662 2839 3889 2902 partem

2176 2924 2549 2995 signiﬁcans;
2585 2923 2737 2979 sicut
2757 2940 2961 2978 omnes
2987 2922 3337 2978 conﬁtemur
3355 2921 3556 2977 Jesum
3579 2920 3887 2977 Christum

2175 3014 2384 3072 Filium
2422 3016 2515 3071 Dei
2550 3014 2783 3070 unicum
2816 3014 3133 3069 Dominum
3161 3016 3452 3079 nostrum,
3485 3013 3638 3084 quod
3686 3012 3889 3084 utique

2176 3105 2351 3162 simul
2380 3110 2541 3162 estet
2562 3106 2813 3161 Verbum
2847 3113 2898 3159 et
2932 3104 3128 3160 anima
3158 3106 3213 3159 et
3244 3120 3398 3169 caro,
3422 3102 3761 3159 cruciﬁxum
3795 3107 3888 3159 ta-

2176 3213 2309 3252 men
2341 3203 2398 3253 et
2426 3196 2743 3268 sepultum,
2777 3212 2911 3252 cum
2944 3196 3065 3251 sola
3096 3196 3223 3267 ejus
3256 3194 3489 3267 sepulta
3520 3194 3594 3250 sit
3630 3210 3784 3251 caro.
3819 3196 3891 3251 ει

2172 3290 2372 3354 nescio,
2394 3288 2599 3360 inquit,
2620 3289 2722 3344 ubi
2747 3297 3046 3359 posuerunt
3080 3303 3223 3343 eum.
3245 3285 3371 3341 Hinc
3402 3290 3525 3341 erat
3554 3302 3732 3341 causa
3755 3302 3888 3341 ma-

2168 3378 2258 3448 jor
2288 3375 2525 3445 doloris,
2559 3377 2697 3449 quia
2740 3376 3033 3433 nesciebat
3064 3394 3179 3449 quo
3213 3376 3321 3431 iret
3352 3375 3425 3431 ad
3454 3374 3883 3432 consolandum

2172 3466 2452 3521 dolorem.
2486 3466 2593 3522 Sed
2630 3468 2767 3521 hora
2791 3467 2918 3538 jam
2950 3471 3185 3523 venerat
3215 3483 3332 3538 qua
3362 3466 3419 3521 id
3452 3466 3604 3537 quod
3637 3464 3889 3520 nuntia—

2172 3561 2292 3612 tum
2322 3557 2752 3627 quodammodo
2783 3557 2971 3613 fuerat
3003 3557 3074 3613 ab
3106 3556 3327 3627 angelis
3360 3556 3496 3613 ﬂere
3526 3554 3887 3627 prohibenti-

2172 3647 2299 3714 bus,
2337 3646 2615 3717 gaudium
2648 3645 2984 3703 succederet
3016 3646 3273 3702 fletibus.

2239 3737 2294 3791 2.
2332 3736 2589 3809 Denique
2620 3759 2648 3789 «
2683 3736 2802 3791 haec
2842 3752 2973 3792 cum
3021 3737 3287 3807 dixisset,
3320 3751 3598 3792 conversa
3642 3738 3731 3791 est
3781 3751 3882 3791 re-

2171 3832 2442 3895 trorsum,
2471 3831 2527 3882 et
2554 3827 2695 3883 vidit
2725 3828 2920 3883 Iesum
2953 3830 3229 3897 stantem,
3252 3831 3309 3882 et
3339 3843 3454 3881 non
3486 3825 3705 3881 sciebat
3734 3826 3880 3896 quia

2168 3916 2338 3972 Jesus
2370 3922 2475 3975 est.
2508 3918 2657 3974 Dicit
2688 3917 2738 3972 ei
2767 3918 2935 3974 Jesus
2960 3936 2972 3975 :
2999 3918 3225 3985 Mulier,
3250 3918 3391 3991 quid
3424 3916 3659 3989 ploras?
3687 3918 3877 3983 Quem

2169 4007 2426 4079 quieris?
2457 4008 2561 4064 Illa
2590 4008 2931 4064 existimans
2963 4008 3095 4081 quia
3139 4009 3486 4064 hortulanus
3524 4010 3702 4073 esset,
3731 4004 3883 4061 dicit

2170 4096 2221 4152 ei
2247 4114 2259 4151 :
2290 4098 2544 4168 Domine,
2568 4097 2618 4154 si
2649 4101 2709 4153 tu
2745 4098 3034 4155 sustulisti
3064 4114 3219 4165 eum,
3252 4098 3429 4153 dicito
3464 4096 3604 4152 mihi
3637 4096 3733 4150 ubi
3768 4111 3877 4168 po-

2169 4188 2330 4242 suisti
2364 4204 2516 4255 eum,
2539 4194 2591 4243 et
2614 4205 2718 4260 ego
2750 4204 2882 4244 eum
2918 4188 3139 4244 tollam.
3165 4187 3314 4243 Dicit
3345 4194 3397 4243 et
3427 4188 3641 4244 Jesus:
3672 4185 3878 4241 Maria.

2166 4280 2454 4334 Conversa
2484 4278 2585 4333 illa
2614 4278 2757 4334 dicit
2786 4278 2859 4343 ei,
2893 4278 3193 4345 Rabboni;
3228 4278 3380 4350 quod
3424 4276 3642 4333 dicitur
3686 4276 3880 4349 Magi-

2166 4378 2299 4424 ster.
2338 4391 2364 4418 ››
2396 4368 2575 4425 Nemo
2620 4368 3012 4424 calumnietur
3045 4368 3270 4424 mulieri
3304 4369 3459 4439 quod
3496 4366 3878 4423 hortulanum

2167 4457 2373 4512 dixerit
2402 4456 2731 4522 dominum,
2757 4462 2812 4512 et
2840 4456 3041 4513 Jesum
3075 4456 3443 4528 Magistrum.
3471 4454 3555 4510 lbi
3588 4456 3738 4510 enim
3776 4471 3874 4509 ro-

2165 4549 2361 4619 gabat,
2391 4547 2482 4602 hic
2516 4546 2899 4617 agnoscebat:
2926 4546 3003 4601 ibi
3030 4545 3349 4602 honorabat
3377 4546 3672 4602 hominem
3698 4562 3730 4600 a
3753 4560 3877 4617 quo

2164 4637 2494 4693 beniﬁciuin
2528 4638 2859 4709 postulabat
2891 4637 3023 4706 ;hic
3049 4636 3335 4693 recolebat
3366 4638 3659 4693 doctorem
3694 4654 3726 4691 a
3756 4653 3877 4707 quo

2166 4728 2485 4784 discernere
2518 4728 2774 4783 humana
2796 4732 2850 4783 et
2879 4725 3076 4782 divina
3108 4726 3355 4784 dicebat.
3392 4726 3735 4799 Appellabat
3766 4726 3876 4781 do-

2168 4820 2389 4875 minum
2441 4820 2609 4887 cujus
2658 4818 2869 4873 ancilla
2918 4836 3032 4874 non
3081 4827 3224 4880 erat,
3262 4823 3322 4874 ut
3370 4835 3472 4890 per
3501 4834 3635 4873 eum
3671 4833 3877 4889 perve-

2167 4910 2317 4966 niret
2345 4910 2412 4964 ad
2448 4910 2757 4965 Dominum
2810 4910 2977 4976 cujus
3008 4914 3147 4963 erat.
3177 4908 3360 4962 Aliter
3390 4925 3522 4975 ergo
3558 4908 3877 4963 Dominum

2168 4999 2329 5066 dixit,
2379 4998 2730 5054 Sustulerunt
2786 4997 3091 5053 Dominum
3149 5013 3369 5059 meum;
3430 4996 3600 5052 aliter
3655 5002 3875 5064 autem,

2168 5090 2413 5158 Domine,
2447 5092 2495 5145 si
2527 5099 2584 5146 tu
2613 5091 2892 5146 sustulisti
2937 5104 3079 5144 eum.
3115 5089 3259 5145 Nam
3311 5094 3369 5144 et
3418 5087 3719 5159 Propheta:
3769 5105 3877 5159 ap-

2172 5180 2533 5253 pellaverunt
2591 5179 2856 5233 dominus
2913 5193 3012 5233 eos
3069 5177 3170 5250 qui
3229 5177 3497 5233 homines
3543 5181 3739 5241 erant;
3774 5177 3877 5231 sed

2169 5273 2337 5329 aliter
2367 5272 2531 5327 illum
2564 5272 2634 5326 de
2665 5289 2778 5343 quo
2806 5271 3086 5342 scriptum
3131 5277 3239 5338 est,
3290 5271 3549 5325 Dominus
3594 5284 3793 5325 nomen
3823 5269 3885 5325 ei

2170 5361 2338 5433 (Psal.
2374 5377 2541 5427 van,
2573 5360 2649 5429 5).
2682 5360 2791 5415 Sed
2826 5359 2937 5415 ista
2965 5358 3173 5415 mulier
3203 5375 3330 5429 quin
3352 5360 3473 5428 jam
3520 5358 3707 5413 fuerat
3734 5373 3881 5411 con-

2168 5468 2333 5508 versa
2364 5457 2680 5507 retrorsum
2715 5454 2779 5505 ut
2806 5450 3026 5506 videret
3047 5452 3273 5513 Jesum,
3298 5449 3531 5520 quando
3556 5463 3684 5503 eum
3711 5453 3883 5518 puta-

2167 5540 2249 5595 vit
2279 5556 2405 5596 esse
2438 5539 2840 5610 hortulanum,
2872 5543 2927 5595 et
2958 5555 3091 5596 cum
3124 5538 3221 5596 illo
3254 5538 3457 5611 utique
3500 5536 3878 5609 loquebatur,

2167 5632 2462 5707 quomodo
2493 5648 2701 5690 rursus
2733 5648 3011 5692 conversa
3039 5631 3280 5702 dicitur,
3302 5640 3365 5690 ut
3394 5631 3443 5689 ei
3476 5628 3714 5698 diceret,
3737 5627 3886 5684 Bab-
