4182 6198
305 221 456 285 1957

299 361 447 430 boni,
483 362 596 419 nisi
621 362 758 434 quia
781 366 918 419 tunc
941 379 1220 420 conversa
1251 380 1512 437 corpore,
1536 368 1689 440 quod
1717 384 1831 424 non
1863 373 2003 437 erat,

296 452 545 525 putavit,
582 471 732 510 nunc
765 454 936 510 corde
966 470 1262 523 conversa,
1295 456 1450 527 quod
1481 462 1605 513 erat
1636 458 1909 530 agnovit?

368 543 422 600 3.
458 564 487 593 ‹‹
520 543 669 600 Dicit
697 544 745 600 ei
780 546 943 600 Jesus
966 560 980 599 :
1006 543 1133 600 Noli
1160 560 1253 600 me
1276 550 1529 616 tangere,
1553 549 1813 604 nondum
1846 550 2002 606 enim

293 633 529 689 ascendi
575 633 649 689 ad
692 634 917 689 Patrem
978 649 1209 691 meum:
1244 637 1380 692 vade
1430 640 1622 692 autem
1671 639 1744 695 ad
1796 639 2001 697 fratres

296 742 477 792 meos,
502 731 558 783 et
588 726 679 783 die
700 729 806 794 eis,
830 727 1094 783 Ascendo
1126 728 1196 783 ad
1232 728 1459 783 Patrem
1485 745 1676 786 meum
1699 740 1751 786 et
1774 731 1999 788 Patrem

291 824 575 887 vestrum,
608 816 792 872 Deum
826 833 1022 872 meum
1056 821 1111 873 et
1140 816 1322 873 Deum
1351 825 1631 875 vestrum.
1657 840 1684 867 ››
1708 820 1807 875 Est
1829 820 1887 876 in
1909 820 2000 876 his

287 906 486 962 verbis
536 907 691 978 quod
743 906 993 962 breviter
1040 908 1299 977 quidem,
1344 907 1447 964 sed
1494 912 1691 964 tamen
1718 910 1998 966 attentius

289 1001 645 1068 pertractare
692 996 988 1053 debemus.
1046 997 1216 1054 Jesus
1263 997 1475 1069 quippe
1524 997 1825 1056 mulierem
1870 1017 1997 1072 quae

286 1085 460 1141 illum
514 1087 860 1160 magistrum
909 1087 1145 1160 agnovit
1175 1094 1231 1142 et
1262 1087 1592 1160 appellavit,
1625 1105 1756 1146 cum
1793 1090 1913 1146 haec
1946 1092 1997 1149 ei

288 1180 688 1249 responderet,
741 1179 909 1235 fidem
961 1179 1205 1236 docebat
1246 1195 1261 1236 :
1305 1186 1360 1237 et
1402 1179 1744 1237 hortulanus
1793 1181 1888 1238 ille
1935 1182 1994 1237 in

284 1270 422 1340 ejus
455 1270 643 1338 corde,
679 1274 959 1342 tanquam
1003 1270 1061 1325 in
1114 1268 1274 1326 horto
1323 1286 1430 1325 suo
1480 1286 1725 1342 granum
1775 1273 1996 1345 sinapis

282 1360 637 1416 seminabat.
671 1360 817 1427 Quid
868 1364 955 1416 est
1003 1376 1159 1432 ergo,
1191 1360 1317 1417 Noli
1354 1377 1440 1417 me
1472 1365 1737 1432 tangere?
1768 1363 1832 1419 Et
1864 1371 1993 1421 tan-

284 1466 466 1521 quam
494 1450 667 1521 hujus
690 1450 1100 1523 prohibitionis
1116 1466 1295 1507 causa
1313 1456 1684 1523 quaereretur,
1705 1454 1992 1524 adjunxit,

280 1542 529 1598 nondum
559 1542 707 1598 enim
737 1540 954 1596 ascendi
982 1541 1051 1597 ad
1083 1546 1304 1597 Patrem
1334 1558 1533 1598 meum.
1560 1542 1709 1609 Quid
1739 1548 1827 1599 est
1855 1544 1994 1601 hoc?

280 1633 341 1688 Si
376 1638 542 1687 stans
576 1632 634 1686 in
666 1636 816 1687 terra
862 1648 975 1687 non
1013 1632 1297 1703 tangitur,
1326 1633 1534 1689 sedens
1571 1632 1629 1688 in
1674 1632 1815 1690 caelo
1849 1650 1994 1707 quo-

278 1724 459 1779 modo
492 1724 562 1779 ab
597 1723 932 1779 hominibus
966 1723 1467 1795 tangeretur?Qui
1498 1728 1651 1781 certe
1681 1730 1990 1799 antequam

277 1816 639 1882 ascenderet,
673 1814 980 1886 discipulis
1010 1831 1073 1870 se
1103 1816 1459 1886 tangendum
1503 1816 1717 1872 obtulit
1765 1818 1988 1885 dicens,

276 1905 430 1959 sicut
478 1908 662 1959 Lucas
710 1904 1061 1976 evangelista
1107 1910 1370 1973 testatur,
1420 1907 1672 1978 Palpate,
1703 1912 1755 1963 et
1798 1907 1987 1976 videte,

274 1994 415 2065 quia
448 1993 679 2063 spiritus
709 2008 933 2047 carnem
955 1999 1004 2049 et
1027 2009 1149 2049 ossa
1177 2009 1287 2048 non
1317 1995 1496 2063 habet,
1518 1995 1659 2050 sicut
1688 2012 1773 2050 me
1797 1997 1990 2053 videtis

274 2083 924 2155 habere(Luc.xx1v,39)
945 2100 957 2138 :
979 2085 1315 2156 velquando
1346 2084 1487 2141 dixit
1522 2086 1805 2157 discipulo
1837 2089 1986 2146 Tho-

274 2191 413 2242 ωε),
448 2175 602 2245 Iri/er
630 2174 861 2246 digitum
888 2178 1047 2230 tuum
1077 2176 1200 2241 huc,
1233 2179 1285 2230 et
1323 2176 1446 2231 vide
1494 2193 1690 2232 manus
1736 2194 1903 2247 meas,
1936 2188 1984 2235 et

271 2266 423 2337 affer
452 2282 678 2321 manum
704 2271 877 2334 tuam,
905 2272 956 2322 et
986 2267 1140 2322 mitte
1162 2264 1221 2320 in
1244 2265 1387 2321 tatus
1410 2281 1610 2322 meum.
1637 2267 1775 2334 Quis
1794 2280 1986 2325 autem

274 2361 405 2411 tam
436 2356 506 2410 sit
538 2356 855 2422 absurdus,
888 2360 952 2412 ut
982 2357 1139 2413 dicat
1169 2372 1301 2412 eum
1335 2374 1368 2413 a
1397 2356 1703 2429 discipulis
1748 2360 1984 2430 quidem

273 2452 597 2519 antequam
634 2448 701 2502 ad
734 2447 959 2503 Patrem
1009 2448 1392 2518 ascendisset,
1424 2448 1674 2505 voluisse
1700 2466 1762 2506 se
1791 2452 1986 2524 tangi;

270 2554 304 2590 a
334 2536 685 2592 mulieribus
709 2540 901 2592 autem
930 2536 1208 2604 noluisse,
1234 2537 1346 2593 nisi
1370 2553 1499 2593 cum
1525 2540 1883 2595 ascendisset
1914 2541 1985 2595 ad

272 2624 549 2680 Patrem?
581 2626 689 2680 Sed
730 2641 835 2682 nec
868 2626 971 2697 sic,
1007 2626 1104 2698 qui
1135 2625 1325 2692 vellet,
1360 2626 1623 2699 desipere
1672 2628 1985 2685 sineretur.

272 2716 579 2787 Leguntur
628 2717 782 2771 enim
835 2715 1009 2772 etiam
1061 2716 1285 2771 feminae
1326 2721 1460 2788 post
1499 2719 1983 2776 resurrectionem

269 2810 590 2878 antequam
617 2806 689 2861 ad
729 2806 952 2862 Patrem
994 2808 1347 2875 ascenderet,
1371 2808 1631 2879 tetigisse
1665 2809 1892 2877 Jesum,
1928 2810 1988 2866 in

271 2896 501 2967 quibus
534 2902 658 2951 erat
705 2897 880 2953 etiam
931 2897 1057 2969 ipsa
1096 2898 1279 2953 Maria
1308 2898 1661 2971 Magdalene,
1714 2906 1990 2958 narrante

269 2986 551 3042 Mattwa
583 2987 738 3058 quod
767 2988 1081 3044 occurrerit
1110 2987 1227 3043 illis
1248 2989 1422 3045 Jesus
1444 2988 1855 3059 dicens,Avete.
1876 2992 1990 3047 1th

266 3081 467 3133 autem
516 3087 877 3147 accesserunt,
912 3078 1125 3151 inquit,
1158 3087 1209 3134 et
1254 3082 1549 3135 tenuerunt
1595 3082 1758 3152 pedes
1796 3081 1914 3153 ejus
1942 3085 1992 3137 et

266 3168 653 3224 adoraverunt
709 3185 830 3225 eum
887 3170 1097 3240 (Matth.
1149 3185 1352 3236 xxvm,
1402 3169 1479 3237 9).
1512 3172 1629 3224 Hoc
1680 3186 1714 3225 a
1766 3172 1992 3227 Joanne

268 3259 737 3331 praetermissum
759 3263 865 3326 est,
889 3259 987 3314 sed
1010 3277 1042 3313 a
1083 3259 1351 3315 Matthaso
1374 3275 1573 3315 verum
1598 3258 1845 3315 dictum.
1878 3261 1989 3316 Re-

267 3354 395 3404 stat
432 3364 565 3421 ergo
584 3352 648 3403 ut
667 3347 901 3419 aliquod
924 3349 980 3403 in
1004 3348 1096 3403 his
1112 3347 1300 3404 verbis
1324 3347 1494 3404 lateat
1519 3353 1989 3420 sacramentum;

268 3439 435 3510 quod
469 3440 588 3495 sive
620 3438 1010 3505 inveniamus,
1043 3438 1160 3493 sive
1204 3437 1464 3493 invenire
1515 3438 1753 3495 minime
1801 3438 1987 3496 valea—

270 3548 437 3596 mus,
482 3530 671 3585 inesse
705 3539 894 3585 tamen
946 3526 1106 3584 nullo
1158 3530 1325 3585 modo
1374 3528 1643 3585 dubitare
1692 3531 1987 3588 debemus.

267 3626 391 3678 Aut
441 3638 577 3692 ergo
618 3621 701 3676 sic
733 3620 954 3675 dictum
1004 3624 1115 3685 est,
1158 3619 1285 3675 Noli
1314 3637 1402 3675 me
1451 3625 1690 3691 tangere,
1744 3622 1990 3679 nondum

269 3716 425 3771 enim
457 3711 675 3769 escendi
705 3712 775 3767 ad
803 3714 1019 3767 Patrem
1050 3727 1257 3781 meum,
1285 3714 1350 3767 ut
1379 3711 1438 3767 in
1471 3711 1570 3767 illa
1603 3713 1824 3769 femina
1850 3715 1992 3784 ligu-

272 3809 508 3861 raretur
550 3801 801 3859 Ecclesia
831 3802 900 3858 de
931 3802 1235 3870 Gentibus,
1269 3818 1396 3873 qua:
1428 3802 1486 3857 in
1526 3802 1821 3859 Christum
1872 3820 1986 3860 non

272 3893 545 3960 credidit,
576 3893 688 3948 nisi
714 3909 843 3948 cum
886 3893 1238 3949 ascendisset
1268 3892 1339 3947 ad
1373 3897 1597 3949 Patrem
1629 3908 1644 3949 :
1680 3897 1779 3949 aut
1816 3895 1897 3950 sic
1928 3896 1985 3951 in

242 4003 337 4042 ese
387 3984 543 4041 credi
591 3984 773 4039 voluit
818 3984 1013 4051 Jesus,
1046 3984 1156 4040 hoc
1202 3992 1307 4054 est,
1353 3984 1436 4040 sic
1504 4000 1564 4040 se
1610 3984 1989 4055 spiritualiter

273 4075 463 4145 tangi,
496 4073 655 4146 quod
684 4074 810 4146 ipse
839 4082 893 4129 et
922 4074 1091 4130 Pater
1121 4089 1304 4129 unum
1338 4073 1475 4129 sint.
1502 4074 1640 4145 Ejus
1664 4074 1881 4146 quippe
1904 4075 1987 4130 in-

277 4166 447 4222 timis
474 4166 746 4221 sensibus
766 4164 1202 4237 quodammodo
1229 4164 1486 4219 ascendit
1508 4165 1579 4219 ad
1617 4164 1861 4231 Patrem,
1887 4167 1985 4236 qui

276 4256 444 4310 sicin
478 4270 544 4309 eo
572 4254 877 4326 profecerit
905 4259 966 4308 ut
987 4253 1140 4308 Patri
1165 4258 1445 4325 agnoscat
1466 4253 1746 4325 aequalem
1775 4270 1789 4310 :
1822 4252 1989 4308 aliter

278 4361 398 4400 non
453 4351 604 4400 recte
636 4342 921 4412 tangitur,
955 4342 1011 4397 id
1040 4348 1148 4409 est,
1180 4342 1345 4397 aliter
1392 4358 1507 4397 non
1550 4345 1701 4396 recte
1748 4342 1805 4395 in
1856 4358 1987 4398 cum

279 4433 560 4489 creditur.
617 4434 841 4488 Poterat
885 4438 1080 4488 autem
1113 4433 1196 4488 sic
1243 4434 1475 4488 credere
1508 4432 1713 4498 Maria,
1747 4437 1809 4487 ut
1854 4448 1987 4488 eum

279 4528 517 4595 putaret
547 4522 826 4593 imparem
859 4522 1035 4590 Patri,
1059 4522 1210 4593 quod
1252 4523 1451 4594 utique
1492 4520 1830 4593 prohibetur
1860 4538 1986 4578 cum

277 4614 332 4669 ei
386 4613 617 4679 dicitur,
651 4612 775 4667 Noli
825 4628 911 4667 me
956 4620 1225 4682 tangere:
1272 4612 1329 4667 id
1379 4620 1486 4679 est,
1530 4612 1658 4667 Noli
1692 4612 1750 4666 in
1785 4628 1875 4667 me
1905 4612 1988 4668 sic

278 4705 537 4772 credere,
564 4704 1059 4776 quemadmodum
1079 4702 1271 4758 adhuc
1297 4705 1483 4776 sapis;
1513 4703 1628 4759 noli
1652 4707 1820 4759 tuum
1852 4720 1987 4760 sen-

277 4812 415 4851 sum
451 4796 565 4851 huc
599 4811 780 4867 usque
812 4795 1151 4864 pertendere
1182 4796 1333 4865 quod
1375 4812 1475 4865 pro
1510 4800 1565 4850 te
1616 4797 1802 4850 factus
1833 4811 1984 4863 sum,

277 4902 387 4941 nec
408 4885 661 4940 transire
684 4887 753 4940 ad
782 4884 922 4939 illud
948 4900 1050 4956 per
1069 4886 1220 4956 quod
1248 4885 1395 4940 facta
1417 4886 1806 4951 es.Quomodo
1830 4886 1987 4941 enim

278 4993 396 5030 non
431 4974 746 5030 carnaliter
783 4974 971 5031 adhuc
1022 4974 1081 5029 in
1132 4990 1262 5029 eum
1295 4975 1584 5039 credebat,
1618 4991 1789 5046 quem
1840 4975 1991 5030 sicut

278 5066 587 5122 hominem
636 5066 813 5121 ﬂebat
849 5065 876 5120 ?
905 5066 1155 5121 Nondum
1202 5066 1352 5120 enim
1398 5064 1634 5132 ascendi,
1671 5065 1881 5137 inquit,
1914 5064 1990 5122 ad

278 5160 508 5213 Patrem
540 5173 717 5212 meum
750 5172 770 5211 :
798 5155 875 5211 ibi
910 5173 1001 5212 me
1030 5162 1258 5228 tanges,
1291 5156 1524 5228 quando
1559 5172 1647 5211 me
1676 5155 1991 5211 credideris

280 5246 441 5302 Patri
493 5263 612 5302 non
662 5247 944 5317 imparem
1003 5247 1208 5303 Deum.
1265 5247 1402 5303 Vade
1446 5251 1630 5302 autem
1676 5247 1746 5302 ad
1791 5250 1992 5315 [ratres

277 5352 453 5405 meos,
484 5346 536 5392 et
564 5336 652 5391 dic
680 5340 774 5405 eis,
810 5338 1044 5393 Ascendo
1074 5337 1145 5393 ad
1174 5340 1395 5393 Patrem
1440 5353 1623 5392 meum
1670 5343 1720 5392 et
1770 5340 1991 5391 Patrem

276 5432 544 5482 vestrum.
571 5426 694 5483 Non
720 5429 818 5499 ait,
850 5426 1068 5484 Patrem
1095 5432 1363 5483 nostrum
1389 5446 1401 5483 :
1427 5428 1595 5482 aliter
1614 5442 1749 5497 ergo
1774 5441 1991 5495 meum,

280 5517 449 5575 aliter
479 5523 789 5585 vestrum;
841 5524 1045 5575 natura
1091 5535 1307 5580 meum,
1358 5518 1546 5591 gratia
1591 5521 1870 5573 vestrum.
1921 5520 1993 5572 Et

282 5614 458 5667 Deum
489 5623 695 5675 meum,
727 5618 777 5665 et
809 5609 977 5665 Deum
1006 5618 1261 5668 vestrum.
1294 5608 1488 5680 Neque
1510 5608 1606 5665 hic
1628 5606 1992 5678 dixit,Deum

1464 230 1931 295 TRACTATUS
1974 232 2173 295 CXXI.
2220 234 2479 301 CAPUT
2523 242 2649 307 XX.

3656 265 3816 329 1958

2115 377 2376 476 nostrum
2412 394 2426 434 :
2459 394 2594 453 ergo
2626 388 2679 438 et
2719 382 2811 441 hic
2860 385 3026 444 aliter
3069 406 3287 461 meum,
3318 396 3485 455 aliter
3514 407 3766 462 vestrum
3796 424 3809 476 ;

2112 460 2297 521 Deum
2339 482 2535 524 meum
2568 471 2677 528 sub
2704 490 2819 545 quo
2868 481 2923 533 et
2956 495 3057 550 ego
3106 480 3281 540 homo
3323 501 3472 555 sum,
3505 490 3685 549 Deum
3718 460 3811 553 ve:

2111 557 2297 612 atrum
2328 557 2478 615 inter
2508 578 2655 632 quos
2684 570 2740 620 et
2770 566 2963 637 ipsum
2998 571 3277 629 mediator
3306 592 3460 635 sum.

2183 644 2234 744 4'.
2258 667 2288 696 «
2311 646 2487 747 Venit
2512 651 2694 747 Maria
2727 656 3063 730 Magdalene
3096 668 3455 726 annuntians
3485 671 3812 747 discipulis,

2111 734 2256 800 Quia
2288 737 2400 792 vidi
2449 739 2787 814 Dominum,
2821 753 2876 803 et
2922 748 3043 805 haec
3092 752 3239 809 dixit
3286 758 3449 815 mihi.
3487 734 3813 821 eum‘essei

2109 838 2247 894 ergo
2279 842 2407 883 sero
2439 828 2531 884 die
2580 830 2676 888 illa
2725 849 2837 891 una
2884 838 3285 911 sabbatorum,
3320 853 3371 901 et
3418 848 3567 907 fores
3616 856 3812 909 essent

2109 911 2340 1007 clausae,
2362 917 2459 973 ubi
2489 924 2655 976 erant
2686 923 2960 996 discipuli
2982 934 3314 1003 congregati
3338 941 3568 1007 propter
3589 945 3809 998 metum

2103 1002 2464 1095 Judeorum,
2496 1010 2653 1065 venit
2698 1013 2892 1083 Jesus,
2925 1024 2978 1072 et
3025 1002 3292 1078 stetitiin
3339 1002 3551 1095 medio,
3584 1033 3641 1086 et
3670 1031 3811 1089 dicit

2106 1092 2237 1148 eis:
2274 1095 2387 1150 Pax
2436 1098 2616 1155 vobis.
2656 1103 2723 1157 Et
2767 1121 2899 1160 cum
2954 1107 3059 1164 hoc
3108 1111 3370 1182 dixisset,
3421 1092 3677 1176 ostendit
3724 1122 3807 1178 eis

2108 1198 2320 1276 manus
2353 1190 2408 1240 et
2437 1185 2609 1245 latus.
2641 1212 2669 1241 ››
2700 1193 2857 1250 Clavi
2888 1197 3043 1253 enim
3078 1216 3287 1257 manus
3321 1205 3581 1276 fixerant,
3605 1208 3808 1268 lancea

2107 1272 2258 1331 latus
2290 1276 2417 1347 ejus
2448 1287 2755 1350 aperuerat
2787 1301 2800 1340 :
2835 1285 2931 1341 ubi
2974 1288 3044 1342 ad
3078 1290 3471 1352 dubitantium
3504 1272 3676 1357 corda
3707 1317 3805 1357 sa-

2106 1366 2320 1432 nanda,
2354 1368 2658 1426 vulnerum
2708 1378 2847 1429 sunt
2893 1382 3116 1434 servata
3138 1383 3400 1455 vestigia.
3433 1387 3571 1443 Moli
3611 1395 3802 1447 autem

2103 1455 2362 1526 corporis
2389 1456 2488 1512 ubi
2521 1459 2790 1517 divinitas
2820 1469 2960 1534 erat,
2995 1467 3143 1525 ostia
3173 1469 3372 1528 clausa
3412 1492 3527 1531 non
3560 1480 3805 1535 obstite-

2103 1547 2255 1602 runt.
2294 1544 2391 1600 ille
2424 1548 2638 1640 quippe
2671 1568 2782 1635 non
2817 1554 2900 1609 eis
2933 1557 3147 1627 apertis
3189 1558 3405 1617 intrare
3450 1566 3655 1636 potuit,
3689 1586 3803 1640 quo

2102 1642 2371 1690 nascente
2394 1635 2699 1708 virginitas
2731 1643 2935 1699 matris
2960 1646 3235 1703 inviolata
3268 1655 3604 1722 permansit.
3626 1635 3809 1717 ϐειὗίδί

2099 1733 2224 1781 sunt
2253 1741 2377 1796 ergo
2406 1726 2684 1799 discipuli,
2711 1734 2820 1788 viso
2854 1734 3100 1792 Domino.
3126 1740 3283 1795 Dixit
3304 1758 3431 1812 ergo
3460 1747 3539 1802 eis
3569 1749 3809 1807 iterum:

2100 1819 2224 1871 Pax
2267 1816 2442 1909 vobis.
2476 1817 2706 1875 Iteratio
2752 1823 3117 1882 conﬁrmatio
3150 1834 3269 1898 est;
3303 1830 3425 1903 ipse
3460 1836 3673 1909 quippe
3705 1840 3805 1897 dat

2100 1920 2201 1976 per
2232 1906 2571 1998 prophetam
2606 1912 2955 1980 promissam
2990 1932 3187 1986 pacem
3220 1934 3390 1991 SUper
3420 1906 3621 1995 pacem
3642 1930 3800 1998 (Isai.

2097 2012 2249 2062 xxvr,
2270 1996 2346 2065 3).
2372 1997 2523 2053 Sicut
2549 2001 2699 2055 misit
2729 2019 2816 2059 me
2842 2004 3028 2074 Pater,
3059 2007 3267 2080 inquit,
3292 2020 3341 2068 et
3370 2030 3470 2083 ego
3499 1996 3657 2073 mitto
3689 2035 3800 2076 vos.

2096 2086 2395 2157 lEqualem
2432 2087 2580 2145 Patri
2613 2092 2824 2149 Filium
2872 2097 3155 2164 novimus,
3188 2101 3289 2157 sed
3339 2103 3433 2161 hic
3462 2108 3634 2164 verba
3677 2108 3801 2166 Me-

2095 2175 2337 2233 diatoris
2366 2180 2757 2250 agnoscimus.
2792 2183 3046 2241 Medium
3082 2187 3298 2261 quippe
3328 2207 3389 2247 se
3419 2197 3673 2253 ostendit
3701 2198 3795 2254 di-

2096 2266 2300 2334 cendo,
2335 2266 2438 2323 llle
2473 2284 2585 2339 me,
2618 2274 2675 2325 et
2705 2288 2805 2341 ego
2836 2290 2955 2331 vos.
2997 2277 3110 2332 Hoc
3153 2293 3277 2334 cum
3324 2280 3584 2353 dixisset,
3618 2286 3802 2360 insuf-

2095 2356 2271 2425 ﬂavit,
2303 2363 2358 2411 et
2382 2357 2525 2414 dixit
2555 2360 2635 2415 eis
2658 2378 2677 2416 :
2709 2362 2952 2434 Accipite
2988 2364 3261 2437 Spiritum
3293 2380 3562 2429 sanctum.
3597 2356 3798 2432 Insul“-

2097 2442 2290 2500 ﬂando
2313 2445 2665 2517 signiﬁcavit
2686 2450 2959 2522 Spiritum
2982 2460 3248 2512 sanctum
3271 2472 3385 2514 non
3409 2459 3596 2518 Patris
3617 2463 3795 2521 solius

2096 2548 2220 2589 esse
2260 2534 2566 2608 Spiritum,
2597 2540 2698 2595 sed
2730 2544 2785 2595 et
2815 2557 3009 2598 suum.
3043 2545 3286 2613 Quorum
3327 2550 3677 2619 remiseritis,
3706 2555 3798 2611 in-

2098 2623 2242 2694 quit,
2270 2634 2510 2695 peccata,
2542 2629 2907 2685 remittuntur
2933 2633 3049 2704 eis;
3078 2641 3133 2689 et
3170 2651 3392 2707 quorum
3433 2643 3797 2710 retinueritis,

2095 2716 2310 2771 retenta
2337 2720 2485 2771 sunt.
2518 2716 2785 2774 Ecclesiae
2818 2721 3072 2779 charitas
3095 2741 3220 2797 qua
3244 2743 3344 2797 per
3364 2729 3646 2801 Spiritum
3670 2750 3804 2789 san-

2098 2813 2251 2860 ctum
2275 2804 2626 2862 diliunditur
2654 2807 2713 2864 in
2737 2811 3007 2868 cordibus
3030 2814 3271 2886 nostris,
3296 2818 3645 2892 participem
3668 2840 3810 2879 suo-

2100 2911 2229 2951 rum
2282 2901 2520 2966 peccata
2566 2898 2854 2957 dimittit:
2887 2918 3089 2959 eorum
3142 2910 3337 2963 autem
3374 2909 3473 2980 qui
3517 2927 3630 2967 non
3672 2917 3811 2970 sunt

2100 2987 2229 3055 ejus
2276 2986 2607 3058 participes,
2636 2994 2811 3047 tenet.
2847 2992 2979 3048 Ideo
3019 2998 3401 3069 posteaquam
3452 3000 3616 3072 dixit,
3648 3002 3808 3059 Acci-

2098 3077 2210 3147 pite
2255 3075 2531 3145 Spiritum
2575 3088 2859 3142 sanctum;
2893 3081 2996 3137 hoc
3026 3085 3301 3143 continuo
3333 3088 3404 3143 de
3435 3095 3807 3161 peccatorum

2102 3164 2444 3221 remissione
2475 3182 2541 3222 ac
2573 3168 2901 3226 detentione
2931 3173 3199 3242 subjecit.

2170 3254 2226 3308 5.
2264 3257 2567 3313 «Thomas
2598 3263 2789 3314 autem
2823 3276 2975 3316 unus
3007 3278 3075 3318 ex
3105 3264 3434 3335 duodecim,
3459 3269 3558 3339 qui
3594 3271 3809 3328 dicitur

2102 3347 2405 3420 Didymus,
2434 3366 2549 3404 non
2572 3358 2844 3406 eratcum
2867 3352 2949 3407 eis
2969 3355 3206 3423 quando
3228 3355 3384 3411 venit
3401 3360 3573 3414 Iesus
3597 3376 3610 3416 :
3637 3360 3809 3418 Dixe-

2101 3442 2236 3493 runt
2284 3455 2420 3510 ergo
2451 3439 2502 3496 ei
2531 3439 2628 3495 alii
2660 3440 2933 3512 discipuli
2968 3459 2982 3501 :
3022 3443 3285 3501 Vidimus
3328 3445 3664 3505 Dominum.
3698 3450 3799 3507 llle

2098 3534 2287 3585 autem
2319 3530 2462 3585 dixit
2483 3530 2568 3586 eis
2593 3546 2605 3587 :
2631 3531 2753 3586 Nisi
2777 3531 2967 3588 videro
3002 3533 3059 3589 in
3094 3535 3367 3591 manibus
3399 3537 3523 3607 ejus
3554 3539 3801 3596 ﬁxuram

2097 3617 2417 3686 clavorum,
2446 3623 2503 3673 et
2536 3616 2764 3674 mittam
2797 3619 3045 3691 digitum
3079 3637 3272 3677 meum
3303 3624 3363 3679 in
3393 3623 3584 3681 locum
3617 3624 3809 3683 clavo-

2099 3725 2251 3775 rum,
2277 3715 2327 3762 et
2360 3707 2589 3763 mittam
2625 3724 2864 3764 manum
2898 3726 3085 3766 meam
3111 3712 3171 3766 in
3199 3711 3350 3770 latus
3369 3715 3518 3784 ejus,
3544 3733 3657 3772 non
3682 3734 3805 3774 cre-

2096 3799 2252 3853 dam.
2280 3797 2349 3851 Et
2397 3802 2528 3867 post
2563 3796 2683 3853 dies
2732 3805 2858 3855 octo
2898 3800 3110 3856 iterum
3161 3807 3327 3858 erant
3374 3804 3648 3876 discipuli
3677 3808 3806 3878 ejus

2098 3887 2274 3955 intus,
2301 3892 2359 3943 et
2388 3887 2644 3944 Thomas
2667 3903 2797 3944 cum
2820 3890 2925 3945 eis.
2953 3891 3316 3950 VenitJesus
3335 3894 3533 3965 januis
3562 3896 3801 3966 clausis,

2098 3982 2155 4033 et
2196 3978 2355 4033 stetit
2394 3978 2452 4034 in
2496 3979 2705 4049 medio,
2740 3983 2795 4035 et
2825 3979 2972 4036 dixit
3004 3997 3017 4037 :
3052 3982 3168 4038 Pax
3198 3983 3383 4042 vobis.
3417 3984 3635 4042 Deinde
3665 3988 3808 4044 dicit

2097 4069 2333 4124 Thomas
2378 4084 2393 4126 :
2438 4069 2587 4125 lnfer
2635 4069 2881 4142 digitum
2935 4078 3098 4128 tuum
3151 4072 3284 4142 huc,
3318 4078 3374 4130 et
3419 4075 3546 4132 vide
3594 4092 3804 4134 manus

2097 4175 2278 4226 meas,
2301 4166 2353 4214 et
2384 4159 2527 4214 ail'er
2556 4175 2798 4215 manum
2825 4165 3004 4227 tuam,
3028 4165 3085 4218 et
3107 4163 3271 4219 mitte
3291 4162 3351 4219 in
3383 4163 3540 4221 latus
3569 4174 3803 4223 meum;

2095 4256 2152 4308 et
2174 4251 2291 4308 noli
2314 4266 2442 4305 esse
2468 4248 2826 4317 incredulus,
2851 4252 2946 4305 sed
2971 4250 3180 4306 ﬁdelis.
3209 4252 3530 4323 Respondit
3547 4254 3805 4311 Thomas

2095 4346 2151 4398 et
2181 4340 2325 4398 dixit
2352 4339 2405 4395 ei
2433 4357 2448 4397 :
2482 4338 2771 4395 Dominus
2817 4356 2985 4396 meus
3017 4347 3071 4396 et
3101 4341 3251 4396 Deus
3286 4358 3469 4398 meus.
3503 4363 3532 4392 »
3562 4342 3805 4400 Videbat

2094 4432 2479 4502 tangebatque
2527 4429 2844 4498 hominem,
2877 4434 2933 4485 et
2982 4429 3364 4486 confitebatur
3408 4430 3591 4487 Deum
3625 4449 3801 4504 quem

2094 4540 2213 4579 non
2233 4521 2467 4577 videbat
2499 4537 2683 4591 neque
2714 4520 3024 4592 tangebat;
3058 4521 3159 4576 sed
3195 4537 3295 4589 per
3326 4520 3434 4577 hoc
3466 4523 3619 4593 quod
3652 4522 3807 4578 vide-

2096 4613 2192 4668 bat
2210 4616 2383 4680 atque
2405 4608 2689 4680 tangebat,
2712 4607 2857 4663 illud
2882 4611 3007 4677 jam
3040 4614 3260 4666 remota
3286 4609 3653 4669 dubitatione
3686 4630 3809 4670 cre-

2095 4702 2284 4757 debat.
2320 4700 2462 4754 Dicit
2491 4699 2543 4753 ei
2569 4698 2721 4754 Jesus
2742 4713 2765 4754 :
2793 4699 2931 4767 Quia
2962 4698 3151 4754 vidisti
3188 4716 3298 4766 me,
3330 4701 3644 4758 credidisti.
3678 4707 3803 4760 Non

2096 4792 2196 4859 ait,
2232 4789 2470 4862 tetigisti
2506 4804 2629 4859 me;
2663 4789 2785 4853 sed,
2818 4788 3007 4846 vidisti
3044 4805 3130 4847 me
3158 4807 3180 4847 :
3206 4792 3484 4863 quoniam
3517 4794 3806 4866 generalis

2094 4880 2521 4954 quodammodo
2552 4896 2762 4936 sensus
2783 4893 2871 4936 est
2890 4884 3070 4939 visus.
3094 4882 3239 4938 Nam
3265 4888 3321 4940 et
3353 4900 3455 4956 per
3486 4885 3633 4940 alios
3653 4902 3801 4956 qua-

2096 4979 2226 5028 tuor
2251 4986 2458 5028 sensus
2491 4970 2781 5026 nominari
2804 4970 2987 5028 solet:
3012 4972 3171 5029 velut
3197 4989 3330 5029 cum
3356 4974 3630 5039 dicimus,
3652 4973 3803 5028 Audi

2094 5071 2149 5121 et
2179 5064 2306 5119 vide
2348 5078 2523 5134 quam
2574 5062 2721 5118 bene
2771 5066 2956 5129 sonet,
2991 5064 3139 5120 olfac
3171 5068 3228 5119 et
3256 5064 3386 5119 vide
3437 5078 3608 5133 quam
3660 5064 3806 5120 bene

2096 5155 2268 5222 cleat,
2300 5158 2470 5227 gusta
2499 5158 2557 5211 et
2587 5155 2713 5209 vide
2744 5171 2915 5224 quam
2960 5156 3105 5211 bene
3146 5154 3358 5227 sapiat,
3393 5159 3563 5224 tange
3592 5162 3645 5210 et
3674 5154 3805 5210 vids

2096 5261 2273 5318 quam
2324 5247 2466 5301 bene
2512 5246 2715 5300 caleat.
2751 5244 2977 5317 Ubique
3026 5246 3239 5315 sonuit,
3271 5245 3436 5311 Vide,
3471 5260 3603 5300 cum
3644 5245 3804 5303 visus

2096 5337 2327 5410 proprie
2356 5352 2469 5391 non
2503 5340 2746 5407 negetur
2774 5337 2842 5392 ad
2875 5336 3072 5392 oculos
3106 5336 3408 5404 pertinere.
3444 5333 3606 5391 Unde
3628 5342 3685 5392 et
3705 5335 3801 5394 hic

2096 5427 2221 5495 ipse
2268 5425 2574 5493 Dominus,
2624 5424 2790 5494 Iri/er,
2840 5425 3053 5495 inquit,
3104 5424 3341 5496 digitum
3385 5432 3537 5480 tuum
3592 5424 3718 5495 huc,
3752 5432 3803 5483 et

2096 5514 2218 5572 vide
2248 5530 2442 5570 manus
2469 5528 2618 5570 meas
2639 5530 2658 5570 :
2680 5512 2817 5585 quid
2844 5513 2999 5569 aliud
3024 5515 3319 5587 sitquam,
3342 5515 3536 5587 Tange
3559 5522 3612 5570 et
3632 5516 3802 5574 vide?

2099 5607 2214 5663 Nec
2262 5610 2448 5662 tamen
2499 5603 2699 5662 oculos
2742 5603 2841 5662 ille
2893 5603 3140 5665 habebat
3167 5606 3229 5665 in
3259 5604 3462 5680 digito.
3495 5605 3646 5679 Ergo
3683 5606 3804 5665 sive
