4182 6198
324 258 480 325 1959

322 396 580 459 intendo,
614 392 736 448 sive
782 386 957 444 etiam
1007 379 1321 453 tangendo,
1371 376 1511 445 Quia
1542 369 1734 429 vidisti
1789 385 1897 438 me,
1928 366 2021 421 in-

323 548 677 645 discipulum
700 577 958 637 tangere,
982 579 1117 618 cum
1150 576 1209 615 se
1236 557 1469 613 olferret
1498 552 1595 609 ille
1626 548 1977 617 tangendurn
2004 560 2018 601 :

323 683 437 724 non
470 638 624 719 enim
671 659 951 729 scriptum
984 658 1094 719 est,
1128 655 1193 704 Et
1227 648 1410 718 tetigit
1451 644 1725 699 Thomas.
1760 639 1865 695 Sed
1902 638 2023 693 sive

322 754 652 826 aspicienda
696 728 946 812 tantum,
979 742 1096 797 sive
1146 740 1317 795 etiam
1373 734 1663 806 tangendo
1712 728 1923 784 viderit
1969 731 2025 781 et

323 817 656 911 crediderit,
680 837 825 894 illud
848 835 998 907 quod
1032 831 1313 901 sequitur,
1340 824 1524 894 magis
1556 817 2023 911 gentium‘ﬁdem

322 933 597 1007 praedicat
642 905 821 996 atque
865 905 1259 984 commendat,
1292 911 1446 968 Beati
1478 910 1573 979 qui
1612 924 1719 962 non
1749 905 2023 968 viderunt,

323 997 372 1080 et
401 1021 766 1079 crediderunt.
794 1011 1069 1069 Praeteriti
1092 1006 1375 1078 temporis
1398 1018 1535 1059 usus
1558 1004 1646 1054 est
1668 997 1876 1061 verbis,
1903 1001 2027 1049 tau-

324 1130 495 1187 quam
530 1109 625 1164 ille
647 1106 746 1178 qui
771 1103 922 1176 quod
946 1102 1071 1155 erat
1103 1098 1382 1161 futurum,
1406 1093 1463 1146 in
1490 1107 1597 1146 sua
1623 1090 1857 1143 noverat
1890 1101 2028 1155 prrs-

324 1178 709 1261 destinatione
732 1196 852 1267 jam
888 1193 1127 1247 factum.
1159 1186 1267 1242 Sed
1292 1186 1416 1256 jam
1459 1196 1649 1237 sermo
1688 1178 1796 1233 iste
1828 1193 1859 1230 a
1893 1191 2024 1246 pro-

324 1294 542 1349 lixitate
572 1264 935 1345 cohibendus
965 1284 1052 1336 est
1087 1295 1100 1333 :
1134 1275 1375 1331 donabit
1414 1270 1698 1327 Dominus
1730 1271 1795 1322 ut
1823 1266 1892 1321 dc
1933 1264 2027 1319 his

323 1400 449 1457 qua:
484 1382 702 1437 restant
731 1374 875 1431 alias
906 1372 1287 1441 disputemus.

837 1495 1254 1557 TRACTATUS
1294 1492 1510 1548 CXXII.

326 1622 398 1677 De
426 1633 486 1675 eo
517 1613 654 1686 quod
688 1610 960 1682 sequitur,
992 1602 1175 1660 Multa
1207 1600 1441 1671 quidem
1473 1600 1529 1651 et
1557 1594 1668 1649 alia
1700 1593 1869 1662 signa
1900 1589 2031 1645 fecit

394 1683 601 1771 Jesus;
634 1716 801 1774 usque
830 1699 900 1754 ad
932 1696 1008 1761 id,
1042 1698 1109 1749 Et
1151 1708 1281 1748 cum
1337 1687 1479 1744 tanti
1528 1690 1746 1748 essent,
1779 1700 1893 1737 non
1942 1683 2032 1735 est

398 1797 644 1854 scissum
695 1796 838 1847 rete.
893 1788 1024 1857 Cap.
1068 1800 1161 1850 xx,
1378 1778 1467 1838 30,
1509 1777 1599 1842 31,
1650 1777 1703 1828 et
1743 1789 1862 1843 cap.
1912 1787 2028 1842 xxx,

396 1889 453 1960 ᾖν.
488 1886 636 1942 1-11.

402 2015 454 2070 1.
493 2014 632 2069 Post
679 2004 1068 2063 narrationem
1119 1998 1199 2052 rei
1254 1999 1452 2066 gestis,
1502 1992 1562 2047 in
1614 2006 1728 2060 qua
1776 1986 2032 2043 Thomas

328 2101 650 2175 discipulus
671 2096 876 2153 oblatis
908 2091 1020 2149 sibi
1054 2086 1359 2161 tangendis
1380 2082 1438 2138 in
1462 2080 1676 2175 (ihristi
1708 2094 1879 2134 carne
1910 2076 2034 2175 vul-

330 2164 528 2252 nerum
575 2187 737 2254 locis,
768 2182 913 2239 vidit
941 2179 1093 2251 quod
1129 2176 1363 2232 credere
1412 2169 1643 2226 nolebat
1668 2172 1725 2223 et
1752 2164 2029 2232 credidit;

330 2278 650 2352 interponit
678 2277 801 2332 haec
827 2269 1188 2341 evangelista
1214 2265 1494 2328 Joannes,
1519 2263 1576 2315 et
1608 2259 1744 2314 dicit
1770 2274 1782 2312 :
1810 2278 1834 2308 ι
1859 2254 2035 2309 Multa

333 2344 567 2445 quidem
593 2372 650 2423 et
672 2366 784 2422 alia
806 2362 970 2434 signa
998 2357 1133 2413 fecit
1152 2358 1321 2409 Jesus
1353 2352 1410 2404 in
1443 2352 1757 2419 conspectu
1788 2344 2036 2413 discipu-

329 2434 522 2519 lorum
572 2469 834 2520 suorum,
876 2466 1002 2521 quae
1058 2463 1171 2502 non
1225 2449 1360 2498 sunt
1392 2438 1690 2510 scriptain
1724 2436 1869 2491 libro
1904 2434 2032 2489 hoc.

333 2552 466 2608 IIch
514 2550 704 2602 autem
757 2541 971 2609 scripta
1010 2539 1170 2598 sunt,
1206 2536 1271 2587 ut
1299 2529 1550 2585 credatis
1581 2528 1716 2597 quia
1747 2525 1921 2580 Jesus
1952 2527 2037 2579 est

335 2637 603 2695 Christus
649 2630 830 2687 Filius
861 2626 999 2691 Dei;
1033 2633 1084 2679 et
1119 2626 1184 2677 ut
1212 2619 1533 2685 credentes,
1565 2616 1742 2669 vitam
1777 2613 2037 2668 habeatis

335 2727 397 2783 in
420 2723 652 2782 nomine
675 2720 823 2790 ejus.
841 2738 869 2768 ››
886 2715 1002 2769 Hoc
1016 2710 1333 2781 capitulum
1357 2707 1514 2760 velut
1534 2702 1667 2759 libri
1690 2703 1871 2772 huius
1894 2701 2041 2757 indi-

338 2821 433 2872 cat
453 2815 623 2869 tinem
650 2826 664 2867 :
690 2808 787 2864 sed
816 2806 1085 2860 narratur
1108 2798 1200 2854 hic
1231 2796 1435 2852 deinde
1462 2792 1954 2864 quemadmodum
1978 2809 2040 2847 se

339 2898 801 2962 manil'estaverit
862 2891 1141 2950 Dominus
1193 2888 1263 2942 ad
1312 2900 1470 2940 mare
1516 2882 1861 2948 Tiberiadis,
1891 2887 1948 2937 et
1980 2882 2039 2936 in

339 3001 580 3066 captura
609 2987 853 3061 piscium
882 2976 1378 3039 commendaverit
1410 2973 1673 3029 Ecclesiae
1709 2987 2041 3027 sacramen-

337 3062 487 3148 tum,
518 3078 710 3152 qualis
743 3077 939 3130 futura
967 3074 1055 3126 est
1086 3067 1290 3123 ultima
1322 3062 1740 3120 resurrectione
1773 3066 2042 3116 mortuo-

337 3190 464 3231 rum
500 3151 550 3227 ίξ
572 3172 653 3226 Ad
705 3166 815 3221 hoc
862 3163 1057 3231 itaque
1101 3151 1633 3214 commendandum
1668 3151 1854 3207 valere
1885 3151 2039 3205 arbi-

341 3274 478 3331 tror,
510 3259 665 3333 quod
701 3261 979 3327 tanquam
1014 3248 1151 3304 ﬁnis
1181 3242 1560 3316 interpositus
1585 3246 1673 3296 est
1703 3240 1856 3309 libri,
1885 3240 2037 3312 quod

338 3329 493 3412 esset
522 3329 697 3407 etiam
729 3348 1012 3402 secuturas
1062 3334 1413 3393 narrationis
1462 3329 1630 3403 quasi
1668 3331 2039 3401 prooemium,

338 3445 489 3519 quod
522 3442 572 3497 ei
604 3432 1036 3512 quodammodo
1088 3429 1300 3483 faceret
1343 3419 2038 3490 eminentioremlocum,

333 3512 462 3608 quia
509 3529 761 3589 narratio
810 3524 1015 3594 incipit
1064 3520 1143 3574 ita
1178 3533 1191 3572 ε
1229 3516 1499 3571 «Postea
1547 3512 1940 3567 manifestavit
1978 3527 2039 3566 se

344 3598 535 3679 terum
568 3620 742 3676 Jesus
764 3616 831 3670 ad
858 3627 1013 3668 mare
1042 3603 1399 3671 Tiberiadis;
1430 3598 1818 3656 manifestavit
1846 3604 2034 3653 autem

335 3715 421 3770 sic
445 3730 459 3769 :
484 3713 661 3767 Erant
681 3704 858 3762 simul
889 3702 1089 3759 Simon
1126 3698 1325 3753 Petrus
1346 3699 1402 3749 et
1430 3692 1677 3747 Thomas
1701 3690 1800 3762 qui
1829 3689 2039 3745 dicitur

334 3804 640 3874 Didymus,
674 3805 727 3853 et
753 3790 1077 3849 Nathanael
1129 3787 1224 3857 qui
1277 3790 1401 3841 erat
1430 3801 1463 3838 a
1492 3784 1644 3838 Cana
1692 3780 1959 3847 Galiiaaaa,
1985 3784 2041 3834 et

338 3870 762 3950 ﬁlii'Zebedaai,
795 3889 851 3938 et
884 3880 980 3935 alii
1012 3896 1077 3934 ex
1109 3874 1415 3945 discipulis
1446 3873 1574 3943 ejus
1606 3873 1740 3927 duo.
1776 3871 1925 3926 Dicit
1955 3870 2039 3926 eis

336 3979 535 4034 Simon
567 3974 771 4029 Petrus
800 3985 821 4025 ξ
854 3967 1015 4022 Vado
1043 3962 1274 4035 piscari.
1314 3959 1519 4015 Dicunt
1549 3962 1600 4015 ei
1634 3977 1647 4016 :
1674 3959 1954 4014 Venimus
1985 3964 2041 4014 et

341 4086 446 4124 nos
476 4071 688 4121 tecum.
723 4081 752 4110 »

411 4160 466 4213 2.
519 4151 705 4221 Quaeri
756 4148 903 4205 solet
949 4145 1019 4200 de
1066 4143 1175 4198 hac
1234 4137 1555 4213 piscatione
1602 4137 2041 4208 discipulorum,

340 4265 444 4307 cur
474 4242 749 4303 redierint
793 4243 1000 4294 Petrus
1031 4237 1088 4288 et
1120 4230 1221 4287 ﬁlii
1253 4227 1509 4286 Zebedazi
1540 4228 1611 4283 ad
1643 4227 1699 4281 id
1736 4229 1885 4297 quod
1921 4230 2044 4285 fue-

342 4343 483 4398 runt
524 4336 868 4408 priusquam
901 4345 934 4382 a
969 4323 1218 4381 Domino
1257 4322 1603 4376 vocarentur
1636 4334 1648 4372 :
1683 4322 1846 4374 erant
1888 4321 2042 4375 enim

343 4431 665 4502 piscatores
696 4417 927 4493 quando
958 4414 1041 4471 eis
1072 4412 1239 4479 dixit,
1262 4413 1451 4467 Venite
1477 4415 1594 4480 post
1624 4424 1726 4475 me,
1758 4412 1812 4464 et
1839 4410 2046 4478 faciam

341 4498 433 4575 uos
480 4515 776 4586 piscatores
826 4506 1109 4563 hominum
1147 4500 1356 4572 (Matth.
1412 4515 1486 4567 ιν,
1540 4498 1648 4569 19).
1701 4498 1865 4554 Tunc
1912 4514 2046 4555 eum

344 4609 562 4679 quippe
584 4602 666 4657 illi
691 4595 1048 4660 secutisunt,
1064 4596 1127 4647 ut
1141 4588 1477 4662 magisterio
1491 4587 1616 4657 ejus
1634 4587 1848 4643 relictis
1862 4587 2049 4643 omni-

341 4675 469 4754 bus
496 4675 859 4747 adhererent
889 4702 901 4740 :
938 4684 999 4739 in
1028 4684 1258 4737 tantum
1293 4683 1352 4733 ut
1381 4694 1516 4735 cum
1549 4677 1621 4732 ab
1649 4694 1714 4733 eo
1746 4676 1907 4732 dives
1950 4675 2050 4731 ille

341 4782 531 4842 tristis
570 4777 925 4841 abscederet,
958 4772 1049 4829 cui
1083 4770 1329 4836 dixerat,
1371 4768 1542 4835 Vade,
1575 4768 1746 4823 vende
1788 4784 1907 4839 qua
1953 4768 2053 4822 ha-

348 4876 457 4941 bes,
489 4874 541 4927 et
570 4868 642 4923 da
667 4862 1029 4938 pauperibus,
1059 4862 1110 4914 et
1145 4857 1361 4913 habebis
1413 4857 1725 4911 thesaurum
1774 4860 1830 4910 in
1878 4856 2050 4918 cwlo;

346 4970 397 5023 et
424 4961 569 5030 veni,
599 4970 820 5030 sequere
849 4966 954 5020 me,
989 4950 1201 5005 diceret
1229 4946 1280 5003 ei
1313 4946 1537 5014 Petrus,
1566 4946 1707 5002 Ecce
1745 4961 1846 5000 nos
1884 4946 2042 5000 dimi-

346 5057 518 5112 simus
562 5049 755 5114 omnia,
785 5050 839 5101 et
884 5039 1062 5096 secuti
1106 5052 1293 5093 sumus
1338 5043 1388 5091 te
1414 5034 1517 5106 (Id.
1554 5035 1789 5104 x1x,21,
1816 5036 1908 5103 22,
1937 5035 2049 5106 27).

349 5144 498 5210 Quid
520 5144 610 5198 est
630 5153 767 5210 ergo
788 5132 943 5207 quod
968 5144 1122 5186 nunc
1144 5126 1312 5198 quasi
1334 5124 1665 5196 Apostolatu
1690 5124 1884 5180 relicto
1906 5124 2056 5181 ﬁunt

350 5236 501 5307 quod
536 5231 790 5294 fuerunt,
815 5229 873 5282 et
897 5222 1053 5295 quod
1081 5218 1427 5275 dimiserant
1459 5223 1743 5288 repetunt,
1773 5221 2052 5287 tanquam

352 5321 513 5378 obliti
562 5318 713 5390 quod
765 5312 1091 5375 audierant,
1146 5307 1309 5363 Nemo
1355 5322 1563 5377 ponens
1615 5321 1842 5360 manum
1888 5321 2055 5376 super

353 5418 626 5473 aratrum,
658 5413 708 5464 et
742 5402 1038 5476 respiciens
1085 5400 1254 5466 retro,
1284 5401 1444 5469 aptus
1486 5401 1563 5452 est
1609 5412 1776 5465 regno
1800 5396 2057 5452 actorum

419 5595 439 5634 1
466 5591 554 5643 Er.
587 5588 752 5652 Lugd.
778 5590 829 5639 et
857 5588 1008 5647 νεα..
1039 5583 1346 5636 resurrectio
1377 5552 1715 5636 mortuorum.
1782 5581 1853 5633 Μ.

1270 244 1347 302 ΙΝ
1393 238 1720 302 JOANNIS
1765 231 2294 303 EVANGELIUM,
2345 233 2408 292 S.
2461 230 2876 292 AUGUSTINI

3688 233 3844 293 1960

2130 368 2277 436 (Luc.
2344 384 2421 437 ix,
2478 368 2629 437 62)?
2686 365 2847 431 Quod
2911 363 2960 418 si
3023 363 3293 418 fecissent
3348 363 3625 419 defuncto
3686 365 3844 424 Iesu.

2133 456 2470 528 priusquam
2494 455 2910 511 resurrexisset
2929 472 2958 508 a
2985 453 3229 509 mortuis
3256 458 3438 524 :quod
3464 454 3705 525 quidem
3731 472 3845 509 non

2133 551 2421 616 poterant,
2455 546 2729 617 quoniam
2764 546 2885 599 dies
2915 560 3030 615 quo
3060 543 3374 599 cruciﬁxus
3414 550 3524 611 est,
3560 550 3714 600 totos
3747 562 3849 600 eos

2132 636 2364 691 tenebat
2390 644 2663 702 attentos,
2691 652 2876 706 usque
2898 633 2969 690 ad
2992 649 3118 703 ejus
3144 634 3532 704 sepulturam,
3555 650 3684 705 quas
3707 642 3848 691 ante

2133 742 2429 799 vesperam
2462 727 2612 783 facta
2634 735 2755 794 est;
2789 741 3043 797 sequens
3076 730 3201 779 aute
3217 743 3267 779 rx,
3294 726 3419 780 dies
3440 731 3560 780 erat
3588 726 3843 795 sabbati,

2134 818 2369 886 quando
2398 818 2478 873 eis
2512 834 2731 873 morem
2768 816 3017 888 patrium
3051 815 3436 881 servantibus,
3466 816 3684 886 cperari
3720 816 3840 869 uti-

2133 922 2245 977 que
2275 924 2389 962 non
2424 907 2662 976 licebat;
2696 908 2864 961 tertio
2897 921 3030 960 vero
3058 906 3151 960 die
3181 904 3463 960 Dominus
3505 904 3831 973 resurrexit,

2134 1012 2347 1069 eosque
2396 999 2678 1053 revocavit
2709 997 2777 1050 ad
2811 1012 2971 1066 spem
3006 1010 3176 1066 quam
3220 994 3291 1049 de
3333 993 3432 1049 illo
3472 1010 3579 1049 non
3624 994 3836 1050 habere

2129 1088 2250 1160 jam
2304 1096 2596 1161 coeperant
2630 1106 2643 1145 :
2677 1095 2871 1143 tamen
2906 1087 2953 1142 si
2986 1092 3126 1142 tunc
3168 1087 3462 1149 fecissent,
3498 1092 3839 1155 putaremus

2136 1196 2235 1235 eos
2259 1180 2356 1236 illa
2379 1198 2506 1251 qua:
2532 1179 2760 1235 animos
2792 1193 2992 1234 eorum
3026 1181 3418 1247 occupaverat,
3443 1176 3847 1247 desperatione

2138 1270 2360 1325 fecisse.
2394 1270 2559 1325 Nunc
2590 1285 2723 1324 vero
2757 1272 2886 1340 post
2916 1282 3047 1321 eum
3091 1266 3201 1321 sibi
3234 1266 3305 1320 de
3334 1265 3602 1337 sepulcro
3650 1263 3851 1319 reddi—

2137 1364 2264 1416 tum
2289 1361 2508 1425 vivum,
2534 1368 2659 1430 post
2678 1358 2936 1413 oblatam
2969 1356 3087 1410 suis
3112 1354 3298 1409 oculis
3318 1358 3375 1409 et
3408 1356 3702 1418 manibus,
3730 1369 3849 1408 non

2139 1454 2326 1508 solum
2353 1451 2685 1517 videndam,
2710 1463 2904 1504 verum
2928 1447 3101 1502 etiam
3132 1446 3482 1518 tangendam
3515 1449 3689 1516 atque
3723 1442 3852 1513 pal-

2142 1541 2387 1612 pandam
2438 1540 2705 1595 rediviva)
2745 1537 2938 1592 carnis
2978 1535 3471 1591 evidentissimum
3504 1535 3847 1601 veritatem;

2143 1638 2273 1703 post
2324 1633 2587 1704 inspecta
2644 1628 2946 1683 vulnerum
3014 1626 3159 1692 loca,
3225 1641 3412 1695 usque
3468 1624 3542 1679 ad
3599 1621 3849 1693 apostoli

2141 1723 2372 1777 Thomas
2406 1718 2853 1781 confessionem,
2888 1716 2985 1787 qui
3017 1731 3079 1769 se
3110 1714 3274 1770 aliter
3321 1713 3682 1769 crediturum
3734 1728 3849 1768 non

2143 1829 2272 1869 esse
2321 1810 2690 1885 praedixerat;
2741 1813 2867 1879 post
2916 1810 3218 1877 acceptum
3267 1805 3395 1873 ejus
3455 1802 3849 1858 insutﬂalione

2144 1904 2424 1977 Spiritum
2458 1905 2750 1967 sanctum,
2779 1902 2910 1968 post
2930 1897 3104 1951 verba
3132 1894 3191 1950 in
3223 1911 3361 1950 suas
3392 1909 3564 1949 aures
3594 1894 3726 1964 ejus
3753 1908 3854 1947 ore

2144 1995 2386 2068 prolata,
2419 1992 2573 2047 Sicut
2620 1991 2767 2044 misit
2814 2002 2900 2042 me
2945 1988 3128 2051 Pater,
3161 1992 3211 2041 et
3238 2000 3332 2056 ego
3361 1985 3516 2039 mitto
3545 1998 3637 2039 vos
3669 2000 3688 2039 :
3717 1997 3850 2053 quo-

2143 2101 2264 2141 rum
2315 2078 2640 2138 remiseritis
2685 2083 2935 2145 peccata,
2982 2073 3343 2130 remittuntur
3388 2074 3487 2138 eis,
3520 2077 3570 2128 et
3618 2086 3854 2142 quorum

2145 2171 2499 2239 retinueritis,
2530 2172 2739 2225 retenta
2767 2174 2895 2222 sunt
2924 2166 3103 2237 (Joan.
3126 2181 3219 2232 xx,
3242 2164 3425 2234 21-23)
3444 2180 3455 2217 :
3474 2162 3670 2218 subito
3703 2161 3855 2216 ﬁunt

2147 2266 2299 2321 sicut
2323 2264 2568 2329 fuerant,
2593 2275 2707 2314 non
2741 2256 3071 2319 hominum,
3095 2254 3196 2309 sed
3231 2253 3476 2325 piscium
3511 2254 3850 2323 piscatores.

2219 2356 2271 2410 3.
2306 2354 2405 2409 His
2454 2368 2585 2422 ergo
2635 2365 2783 2420 quos
2836 2348 2941 2402 hoc
2990 2350 3183 2401 movet
3231 2344 3697 2415 respondendum
3746 2351 3853 2409 est,

2149 2464 2262 2503 non
2295 2462 2392 2501 eos
2426 2443 2603 2497 fuisse
2650 2436 2969 2512 prohibitos
3003 2444 3123 2491 arte
3153 2453 3279 2505 sua,
3312 2434 3469 2490 licita
3512 2433 3737 2489 scilicet
3772 2436 3861 2486 at-

2148 2552 2255 2607 que
2327 2548 2623 2597 concessa,
2679 2529 2893 2583 victum
2963 2526 3359 2582 necessarium
3424 2537 3695 2595 quaerere,
3758 2519 3856 2575 sui

2146 2622 2519 2698 Apostolalus
2552 2619 2884 2691 integritate
2916 2615 3225 2684 servata,si
3257 2614 3488 2685 quando
3517 2613 3669 2666 unde
3700 2610 3859 2665 vive-

2149 2722 2271 2771 rent
2320 2710 2476 2765 aliud
2520 2724 2633 2763 non
2670 2706 2967 2761 haberent.
3001 2704 3122 2759 Nisi
3159 2705 3302 2759 forte
3333 2701 3617 2772 quispiam
3654 2704 3859 2768 putare

2151 2801 2384 2860 audebit
2406 2802 2502 2855 aut
2523 2791 3076 2865 dicere,apostolum
3102 2791 3344 2848 Paulum
3369 2807 3483 2846 non
3511 2789 3860 2862 pertinuisse

2151 2894 2222 2949 ad
2247 2905 2443 2946 eorum
2468 2884 2880 2959 perfectionem
2905 2882 3003 2953 qui
3028 2880 3243 2937 relictis
3264 2880 3539 2936 omnibus
3560 2877 3861 2932 Christum

2153 2979 2331 3037 secuti
2365 2985 2521 3042 sunt,
2555 2972 2828 3046 quoniam
2863 2986 2935 3026 ne
2967 2985 3325 3042 quemquam
3357 2982 3558 3025 eorum
3597 2969 3862 3037 gravaret

2152 3069 2363 3141 quibus
2412 3062 2787 3136 Evangelium
2837 3058 3209 3131 praedicabat,
3258 3074 3430 3114 suum
3471 3055 3689 3111 victum
3734 3050 3861 3108 suis

2152 3160 2422 3217 manibus
2454 3152 2814 3224 transigebat
2843 3150 2918 3222 (ΙΙ
2952 3149 3127 3205 Thess.
3162 3165 3248 3217 ιιι,
3272 3148 3362 3219 8):
3399 3145 3496 3202 ubi
3530 3142 3716 3215 magis
3746 3142 3859 3197 im-

2151 3253 2370 3324 pletum
2422 3250 2511 3302 est
2558 3244 2711 3316 quod
2753 3243 2853 3310 ait,
2888 3241 3019 3296 Plus
3052 3241 3305 3295 omnibus
3338 3239 3453 3294 illis
3483 3234 3771 3300 laboravi;
3802 3236 3863 3287 et

2150 3322 2438 3409 adiunxit,
2488 3336 2605 3391 Non
2650 3336 2833 3387 autem
2880 3345 3008 3401 ego,
3051 3328 3143 3384 sed
3191 3328 3377 3397 gratia
3432 3326 3532 3383 Dei
3578 3340 3761 3381 meum
3808 3322 3861 3393 (Ι

2153 3432 2274 3486 Cor.
2306 3444 2398 3487 xv,
2434 3426 2523 3497 10)
2552 3439 2565 3477 :
2600 3426 2662 3477 ut
2691 3421 2800 3476 hoc
2831 3435 3065 3491 quoque
3095 3423 3369 3489 appareat
3398 3416 3497 3473 Dei
3528 3415 3730 3486 gratiae
3759 3412 3863 3466 de-

2154 3516 2502 3590 putandum,
2534 3510 2687 3581 quod
2716 3513 2773 3564 et
2803 3507 2995 3563 animo
3028 3510 3083 3563 et
3113 3522 3352 3577 corpore
3396 3508 3623 3576 poterat
3669 3514 3861 3571 usque

2148 3609 2290 3664 adeo
2312 3604 2455 3677 plus
2494 3602 2612 3658 illis
2642 3599 2921 3655 omnibus
2972 3598 3257 3668 laborare,
3291 3599 3352 3650 ut
3389 3610 3575 3666 neque
3606 3596 3864 3648 cessaret

2147 3698 2218 3754 ab
2249 3693 2558 3764 Evangelia
2610 3688 3001 3762 praedicando,
3032 3702 3221 3757 neque
3253 3690 3453 3741 tamen
3493 3700 3561 3739 ex
3603 3682 3863 3751 Evange-

2148 3788 2247 3856 lio,
2271 3787 2423 3842 sicut
2452 3783 2560 3849 illi,
2585 3784 2939 3837 sustentaret
2970 3779 3120 3834 hanc
3146 3778 3362 3843 vitam;
3387 3792 3519 3831 cum
3553 3773 3611 3829 id
3643 3788 3747 3844 per
3777 3775 3866 3826 tot

2150 3881 2351 3950 gentes
2384 3875 2438 3928 in
2465 3871 2675 3943 quibus
2700 3869 2915 3926 Christi
2949 3884 3159 3924 nomen
3192 3883 3305 3923 non
3340 3867 3525 3921 fuerat
3556 3861 3866 3933 propheta-

2152 3948 2269 4021 tum
2302 3967 2342 4032 ¹,
2391 3962 2577 4018 multo
2630 3959 2800 4014 latius
2851 3963 3025 4029 atque
3073 3957 3323 4013 fertilius
3370 3954 3702 4011 seminaret.
3750 3948 3868 4005 Ubi

2155 4054 2409 4112 ostendit
2456 4068 2523 4106 ex
2566 4048 2872 4119 Evangelio
2923 4048 3170 4118 vivendi,
3204 4048 3314 4102 hoc
3362 4049 3451 4101 est
3498 4043 3715 4097 victum
3768 4038 3868 4093 ha-

2155 4144 2349 4210 bendi,
2401 4157 2517 4195 non
2568 4137 2977 4193 necessitatem
3029 4135 3318 4208 Apostolis
3365 4131 3725 4204 impositam,
3763 4126 3866 4182 sed

2157 4236 2499 4306 potestatem
2551 4229 2768 4283 datam.
2817 4228 2999 4292 Quam
3058 4229 3401 4297 potestatem
3452 4220 3871 4277 commemorat

2156 4305 2307 4378 idem
2341 4318 2640 4391 apostolus
2670 4316 2867 4372 dicens
2902 4332 2916 4371 :
2943 4338 2971 4366 «
3003 4316 3061 4371 Si
3094 4331 3200 4371 nos
3229 4313 3391 4369 vobis
3420 4305 3751 4382 spiritualia
3780 4319 3870 4360 se-

2159 4410 2530 4475 minavimus,
2554 4422 2829 4476 magnum
2856 4410 2947 4462 est
2972 4404 3018 4461 si
3042 4410 3231 4460 vestra
3251 4400 3506 4459 carnalia
3538 4391 3870 4453 metamus?

2157 4503 2214 4558 Si
2248 4500 2343 4557 alii
2379 4498 2677 4571 potestatis
2707 4502 2907 4554 vestras
2941 4496 3312 4569 participant,
3347 4509 3462 4550 non
3500 4486 3679 4560 magis
3711 4485 3872 4540 nos?

2159 4591 2271 4647 Sed
2324 4605 2438 4645 non
2486 4605 2715 4656 sumus,
2750 4609 2779 4637 ι)
2815 4588 3024 4658 inquit,
3054 4608 3081 4637 «
3118 4586 3205 4640 usi
3237 4585 3341 4640 hac
3393 4582 3686 4655 potestate.
3719 4596 3747 4625 τι
3798 4574 3875 4630 Et

2161 4679 2333 4752 paulo
2358 4682 2558 4749 post:«
2577 4678 2683 4744 Qui
2709 4677 2873 4732 altari
2900 4676 3180 4742 serviunt,
3197 4696 3225 4726 η
3252 4672 3509 4744 inquit,«
3535 4665 3701 4725 altari
3724 4679 3871 4720 com-

2163 4768 2516 4841 partiuntur;
2544 4767 2625 4823 sic
2649 4773 2703 4822 et
2738 4765 3012 4823 Dominus
3041 4764 3334 4820 ordinavit
3362 4762 3453 4817 his
3479 4758 3578 4831 qui
3608 4758 3873 4823 Evange-

2160 4840 2304 4914 lium
2326 4855 2702 4923 annuntiant,
2720 4856 2790 4909 de
2811 4851 3120 4923 Evangelia
3142 4852 3475 4919 viverezego
3498 4850 3688 4903 autem
3710 4840 3874 4897 nullo

2162 4946 2367 5002 horum
2402 4962 2548 5002 usus
2579 4962 2731 5001 sum.
2757 4963 2783 4996 ι
2813 4943 2964 5000 Satis
2996 4942 3177 5015 igitur
3208 4943 3472 5013 apertum
3496 4942 3603 5003 est,
3628 4948 3743 4988 non
3766 4928 3877 4983 im-

2164 5042 2363 5109 peratu
2377 5054 2425 5092 m
2437 5078 2451 5105 ,
2467 5037 2565 5092 sed
2582 5037 2636 5091 in
2654 5039 2940 5108 potestate
2955 5033 3247 5106 Apostolis
3262 5030 3512 5103 positum
3524 5070 3537 5095 ,
3554 5030 3621 5081 ut
3637 5020 3879 5079 aliunde

2166 5146 2279 5186 non
2294 5128 2555 5185 viverent
2576 5129 2769 5184 nisiex
2789 5126 3120 5198 Evangelio,
3136 5125 3278 5181 etab
3291 5123 3374 5179 eis
3387 5120 3601 5193 quibus
3622 5114 3881 5183 Evange-

2166 5220 2307 5275 lium
2328 5218 2689 5288 praedicando
2703 5204 3884 5289 spiritualiaseminabant,carnaliamete-

2167 5312 2322 5378 rent;
2349 5309 2452 5363 hoc
2466 5312 2573 5371 est,
2590 5308 2783 5365 carnis
2805 5306 2903 5376 huj
2916 5324 2982 5362 us
2996 5303 3460 5362 sustentaculum
3486 5296 3808 5353 sumerent,
3824 5294 3883 5343 et

2167 5404 2447 5470 tanquam
2464 5398 2894 5455 militesChristi
2912 5396 3271 5470 stipendium
3284 5394 3541 5450 debitum
3552 5382 3889 5452 acciperent

2170 5524 2428 5640 ιαέαιᾶιίιν..
2472 5528 2834 5588 propagatum.
2885 5520 2987 5573 Sed
3039 5522 3153 5571 Am.
3204 5517 3327 5569 Bad.
3371 5518 3423 5567 et
3467 5510 3613 5566 Mss»
3657 5501 3887 5570 Ρνορλθο
