4182 6198
263 196 389 260 (961

252 327 405 383 sicut
429 342 467 382 a
495 326 965 400 provincialibus
997 326 1206 384 Christi
1240 327 1343 397 (a).
1376 323 1539 381 Unde
1588 322 1749 378 idem
1783 321 1912 393 ipse

257 413 426 472 miles
440 416 715 488 egregius
727 416 911 488 paulo
929 416 1205 488 superius
1219 414 1293 471 de
1305 414 1419 469 hac
1434 429 1494 469 re
1510 412 1761 475 dixerat,
1782 411 1916 479 Quis

254 506 476 561 militat
496 505 619 561 suis
642 505 946 575 stipendiis
975 520 1241 577 unquam
1275 505 1314 575 (l
1346 504 1475 559 Cor.
1502 502 1769 568 ix,lt-15,
1803 502 1858 570 7)
1892 499 1921 556 ‘l

256 594 430 660 Quod
450 599 649 651 tamen
665 594 795 667 ipse
811 594 1088 659 faciebat,
1103 595 1246 666 quia
1260 592 1517 665 plusillis
1531 590 1816 648 omnibus
1836 588 1918 644 la-

251 682 527 740 borabat.
540 684 595 739 Si
622 698 763 754 ergo
785 684 999 739 beatus
1013 683 1232 740 Paulus
1248 688 1391 738 utea
1402 685 1710 753 potestate,
1727 694 1913 751 quam

253 772 672 845 profectocum
699 773 925 829 caeteris
953 770 1258 843 Evangelii
1286 768 1787 842 praedicatoribus
1813 766 1916 821 ha-

254 860 583 926 bebat,non
612 877 751 917 cum
777 861 1005 916 caeteris
1033 864 1316 924 uteretur,
1341 858 1446 913 sed
1478 873 1588 913 suo
1616 854 1914 927 stipendio

257 948 556 1017 militaret,
583 965 657 1006 ne
671 954 877 1020 gentes
901 965 937 1006 a
954 949 1196 1005 nomine
1211 948 1420 1005 Christi
1436 946 1670 1019 penitus
1689 944 1916 1000 alienas

254 1039 532 1095 doctrina
552 1039 680 1110 ejus
700 1040 873 1112 quasi
891 1038 1119 1095 venalis
1141 1037 1486 1103 offenderet,
1512 1035 1680 1091 aliter
1701 1034 1770 1089 ed
1782 1048 1917 1089 uca-

257 1133 376 1192 tus,
408 1133 597 1184 artem
627 1145 811 1201 quam
845 1143 965 1184 non
996 1131 1246 1183 noverat
1266 1124 1493 1191 didicit,
1527 1130 1591 1180 ut
1621 1124 1767 1179 dum
1795 1123 1916 1177 suis

255 1218 547 1273 manibus
567 1218 909 1290 transigitur
926 1218 1156 1284 doctor,
1171 1215 1368 1271 nullus
1389 1219 1736 1286 gravaretur
1752 1211 1918 1268 audi-

256 1312 355 1363 tor
387 1312 651 1379 ;quanto
668 1308 859 1379 magis
890 1306 1101 1362 beatus
1132 1306 1352 1370 Petrus,
1382 1304 1484 1377 qui
1500 1305 1627 1374 jam
1658 1302 1918 1373 piscator

256 1396 475 1460 fuerat,
497 1396 661 1467 quod
690 1401 937 1451 noverat
963 1395 1116 1461 fecit,
1150 1393 1287 1450 siad
1317 1408 1579 1465 prmsens
1602 1390 1749 1447 illud
1774 1396 1919 1445 tem-

256 1500 398 1557 pus,
420 1483 585 1539 aliud
617 1483 776 1539 unde
815 1484 1057 1549 viveret,
1090 1498 1210 1538 non
1242 1482 1467 1537 invenit
1494 1481 1521 1535 ‘t

332 1576 384 1629 4.
414 1572 529 1629 Sed
556 1572 942 1645 respondebit
964 1573 1268 1644 quispiam
1296 1587 1309 1622 :
1339 1573 1657 1626 Etcurnon
1675 1567 1919 1635 invenit,

255 1678 400 1719 cum
440 1662 729 1718 Dominus
758 1662 1101 1734 promiserit
1131 1661 1354 1724 dicens,
1387 1659 1641 1726 Quaerite
1659 1658 1920 1727 primum

252 1756 578 1822 regnumet
592 1751 896 1821 justitiam
915 1751 1038 1814 Dei,
1070 1754 1125 1807 et
1146 1750 1270 1806 hxc
1300 1748 1503 1805 omnia
1536 1753 1923 1817 apponentur

254 1839 423 1897 vobis
437 1840 857 1912 (Matth.v1,33)
869 1841 897 1895 ?
912 1843 1151 1895 Prorsus
1163 1839 1342 1895 etiam
1356 1837 1441 1893 sic
1457 1838 1743 1893 Dominus
1755 1835 1922 1907 quod

257 1928 989 2002 promisitimplevit.Nam
1003 1929 1139 2001 quis
1151 1927 1303 1984 alius
1316 1928 1512 1998 pisces
1526 1926 1925 1998 quicaperen-

258 2022 359 2075 tur
380 2018 665 2089 apposuit
688 2018 715 2073 ?
728 2019 829 2091 qui
850 2033 971 2074 non
985 2018 1065 2073 ob
1083 2017 1245 2073 aliud
1260 2016 1596 2072 credendus
1626 2018 1716 2071 est
1736 2015 1819 2070 eis
1832 2015 1925 2070 in-

258 2108 520 2179 gessisse
536 2109 848 2179 penuriam
866 2114 987 2179 'qua
1000 2106 1496 2178 compellerentur
1508 2106 1588 2160 ire
1608 2106 1923 2177 piscatum,

260 2198 381 2253 nisi
407 2197 768 2269 dispositum
793 2199 998 2254 volens
1024 2196 1305 2252 exhibere
1339 2195 1697 2251 miraculum
1733 2199 1830 2250 :ut
1855 2194 1927 2249 si-

258 2287 393 2344 mul
408 2291 467 2342 et
488 2286 902 2359 praedicatores
918 2286 1216 2356 Evangelii
1230 2285 1320 2341 sui
1336 2289 1626 2357 pasceret,
1642 2290 1699 2339 et
1724 2285 1925 2356 ipsum

261 2377 659 2447 Evangelium
692 2382 857 2433 tanto
870 2382 1249 2433 sacramento
1266 2377 1428 2447 quod
1450 2380 1575 2431 erat
1587 2375 1660 2430 de
1673 2390 1926 2430 numero

258 2467 524 2541 piscium
550 2467 1080 2523 commendaturus
1105 2472 1366 2535 augeret.
1396 2467 1473 2521 De
1504 2481 1627 2537 qua
1656 2480 1717 2519 re
1746 2464 1925 2519 etiam

259 2572 385 2613 nos
416 2555 581 2628 quod
611 2555 740 2627 ipse
770 2556 1140 2628 apposuerit,
1168 2554 1363 2611 dicere
1384 2554 1513 2625 jam
1534 2553 1850 2609 debemus.

346 2650 395 2701 5.
427 2645 583 2701 Dicit
599 2661 743 2715 ergo
758 2645 957 2702 Simon
979 2647 1192 2701 Petrus
1215 2660 1232 2701 :
1264 2645 1425 2699 Vado
1444 2644 1687 2713 piscari.
1708 2643 1927 2698 Dicunt

261 2735 321 2793 ei
340 2736 602 2807 quicum
619 2733 719 2790 illo
739 2738 933 2789 erant:
962 2734 1236 2791 Venimus
1260 2739 1312 2789 et
1331 2749 1437 2789 nos
1456 2738 1666 2789 tecum.
1687 2734 1751 2787 Et
1775 2731 1929 2789 exie-

260 2829 418 2881 runt
449 2830 501 2881 et
532 2823 929 2880 ascenderunt
971 2824 1032 2878 in
1062 2838 1270 2879 navem
1298 2838 1319 2878 .·
1349 2829 1402 2878 et
1432 2823 1544 2879 illa
1575 2829 1745 2877 nocte
1772 2820 1930 2876 nihil

259 2913 812 2985 apprehenderunt.
840 2913 1019 2969 Mane
1043 2914 1377 2978 aatemjam
1396 2912 1562 2981 facto
1584 2911 1741 2967 stetit
1761 2912 1930 2966 Jesus

261 3007 333 3060 in
351 3004 583 3068 littore;
604 3018 723 3058 non
744 3010 938 3058 tamen
953 3007 1358 3071 cognoverunt
1374 3000 1657 3069 discipuli
1676 3000 1819 3071 quia
1830 3001 1931 3054 Je-

260 3109 372 3150 sus
383 3099 490 3150 est.
520 3092 675 3148 Dicit
696 3107 832 3162 ergo
844 3093 923 3147 eis
934 3093 1101 3147 Jesus
1117 3107 1132 3145 :
1148 3089 1644 3162 Puerinumquid
1660 3090 1933 3158 pulmen-

264 3183 499 3239 tarium
531 3180 754 3237 habetis
778 3178 807 3233 Τ
835 3179 1284 3248 Responderunt
1311 3179 1395 3235 ei:
1431 3179 1579 3235 Non.
1617 3178 1770 3233 Dicit
1800 3176 1880 3233 eis
1913 3192 1930 3231 :

258 3268 491 3326 Mittite
513 3267 576 3322 in
597 3267 906 3323 dexteram
920 3265 1304 3335 navigiirete,
1326 3272 1378 3321 et
1400 3265 1461 3320 in
1472 3263 1730 3321 venietis.
1761 3264 1935 3319 Mise-

262 3366 418 3415 runt
444 3371 600 3427 ergo,
622 3362 675 3412 et
678 3360 810 3426 jam
822 3370 942 3411 non
958 3355 1234 3411 valebant
1260 3354 1419 3410 illud
1431 3354 1670 3410 trahere
1682 3369 1717 3409 a
1731 3353 1932 3408 multi-

263 3448 485 3505 tudine
507 3446 776 3515 piscium.
806 3446 959 3501 Dicit
981 3459 1121 3514 ergo
1134 3444 1460 3513 discipulus
1472 3443 1579 3500 ille
1599 3458 1770 3514 quem
1793 3442 1932 3498 dili-

265 3535 875 3609 gebatJesus,Petro:
906 3535 1188 3589 Dominus
1218 3539 1320 3589 est.
1338 3532 1530 3588 Simon
1558 3534 1774 3588 Petrus
1800 3548 1934 3587 cum

267 3626 540 3683 audisset
573 3624 713 3696 quia
734 3622 1020 3678 Dominus
1040 3628 1145 3687 est,
1164 3621 1369 3677 tunica
1392 3621 1687 3678 succinxit
1704 3636 1782 3686 se,
1807 3627 1934 3677 erat

270 3715 435 3773 enim
456 3714 674 3783 nudus,
694 3719 748 3769 et
761 3712 917 3767 misit
935 3727 994 3767 se
1018 3713 1080 3767 in
1094 3727 1278 3768 mare.
1296 3711 1421 3766 Alii
1444 3716 1638 3766 autem
1654 3710 1937 3779 discipuli

269 3804 521 3874 navigio
533 3807 820 3859 venerunt
846 3801 990 3872 (non
1009 3804 1163 3857 enim
1196 3801 1365 3871 longe
1383 3807 1555 3857 erant
1576 3816 1611 3856 a
1626 3807 1808 3865 terra,
1836 3800 1938 3855 sed

272 3893 456 3966 quasi
479 3893 691 3948 cubitis
718 3890 1031 3960 ducentis),
1067 3889 1368 3947 trahentes
1400 3897 1519 3946 rete
1556 3888 1827 3957 piscium.
1866 3889 1936 3945 Ut

273 3997 422 4052 ergo
446 3980 872 4037 descenderunt
899 3981 960 4034 in
984 3985 1229 4042 terram,
1266 3978 1544 4034 viderunt
1578 3992 1810 4047 prunas
1836 3993 1936 4046 po-

272 4073 445 4135 sitas,
478 4077 531 4126 et
552 4072 771 4139 piscem
825 4070 1283 4137 superpositum,
1313 4074 1367 4124 et
1406 4083 1642 4137 panem.
1674 4067 1826 4123 Dicit
1856 4066 1936 4123 eis

272 4164 453 4218 Jesus
472 4174 491 4211 :
513 4160 741 4229 Alferte
760 4158 833 4214 de
840 4158 1092 4227 piscibus
1109 4173 1250 4230 quos
1263 4158 1740 4227 apprehendistis
1752 4172 1933 4211 nunc.

273 4249 562 4307 Ascendit
592 4247 795 4304 Simon
851 4249 1086 4314 Petrus,
1116 4253 1167 4303 et
1197 4248 1385 4303 traxit
1428 4253 1550 4303 rete
1598 4247 1661 4301 in
1713 4253 1935 4302 terram

275 4342 526 4410 plenum
557 4338 790 4408 magnis
807 4335 1067 4405 piscibus
1093 4340 1326 4392 centum
1358 4335 1803 4407 quinquaginta
1832 4335 1938 4390 tri-

280 4429 411 4485 bus.
442 4427 677 4482 Etcum
709 4424 869 4481 tanti
900 4430 1113 4490 essent,
1145 4440 1264 4478 non
1297 4430 1378 4480 est
1405 4426 1648 4479 scissum
1681 4432 1824 4478 rete.

350 4516 404 4572 6.
440 4516 565 4572 Hoc
577 4508 978 4586 estmagnum
992 4518 1434 4569 sacramentum
1453 4514 1513 4567 in
1528 4527 1750 4583 magno
1762 4514 1938 4569 Joan-

277 4608 373 4663 nis
394 4604 716 4675 Evangelio
749 4620 763 4670 ;
793 4607 850 4658 et
878 4602 1368 4659 utvehemenlius
1392 4602 1935 4672 commendaretur,

274 4696 413 4753 loco
444 4693 656 4750 ultimo
686 4692 999 4763 scriptum.
1031 4691 1202 4756 Quod
1234 4705 1376 4761 ergo
1403 4697 1633 4763 septem
1662 4690 1943 4763 discipuli

276 4782 595 4840 fueruntin
609 4783 718 4836 ista
730 4780 1943 4851 piscatione,Petrus,etThomas,etNatha-

273 4871 437 4937 nael,
467 4877 523 4927 et
550 4870 673 4925 duo
685 4868 789 4924 ﬁlii
809 4868 1096 4932 Zebedani,
1115 4874 1169 4924 et
1187 4868 1265 4923 ali
1281 4867 1404 4922 duo
1418 4883 1677 4940 quorum
1692 4869 1946 4924 nomina

276 4964 575 5029 tacentur,
606 4959 705 5014 isti
736 4973 845 5013 suo
866 4957 1205 5029 septenario
1235 4972 1486 5012 numero
1514 4956 1696 5012 ﬁnem
1720 4958 1952 5028 signiﬁ-

274 5055 422 5107 cant
449 5046 757 5118 temporis.
794 5047 1145 5102 Universum
1193 5046 1419 5118 quippe
1472 5051 1698 5116 septem
1729 5046 1949 5103 diebus

270 5139 538 5195 volvitur
569 5142 826 5208 tempus.
853 5136 943 5190 Ad
966 5135 1084 5191 hoc
1116 5134 1373 5207 pertinet
1400 5135 1566 5207 quod
1594 5150 1772 5191 mane
1789 5136 1948 5191 facto

273 5230 453 5285 Iesus
468 5226 699 5283 stetitin
717 5226 901 5281 littore
920 5244 934 5295 ;
948 5225 1094 5297 quia
1106 5223 1286 5281 etiam
1298 5222 1459 5279 littus
1481 5224 1618 5279 ﬁnis
1633 5229 1720 5280 est
1738 5225 1947 5292 maris,

345 5391 417 5452 (a)
447 5388 642 5439 Milites
671 5388 850 5451 itaque
877 5386 1265 5452 stipendiuma
1283 5385 1948 5452 provingalibusaccipire-

280 5449 414 5502 bant
447 5449 852 5515 :quo_spectare
877 5449 1230 5515 videturillud
1244 5462 1408 5513 supra
1423 5449 1898 5515 inTract._l3,n.l7
1928 5463 1944 5515 _:

279 5532 313 5563 ι
348 5511 658 5580 Aliquando
683 5514 827 5580 enim
848 5516 901 5562 et
919 5511 1367 5580 desertor__terret_
1377 5512 1767 5580 provincialem
1801 5549 1813 5568 ,
1852 5511 1945 5580 sed

284 5594 317 5625 ut
352 5574 535 5628 utrum
562 5577 617 5625 in
671 5576 860 5626 castris
889 5575 975 5632 sit,
1034 5578 1086 5625 et
1126 5574 1329 5638 aliquid
1358 5574 1432 5622 illi
1461 5575 1633 5638 prosit
1665 5574 1946 5623 character

287 5656 321 5689 ε
354 5641 443 5691 ille
481 5642 541 5689 in
571 5652 680 5703 quo
710 5640 957 5703 signatus
1010 5640 1109 5696 est,
1141 5637 1247 5689 hoc
1286 5637 1517 5689 attendit
1548 5637 1640 5702 qui
1685 5638 1871 5688 terreri
1894 5640 1954 5688 et

290 5720 325 5751 α
359 5702 548 5756 seduci
568 5702 680 5753 non
702 5702 839 5753 vult.
872 5718 895 5747 ι
1096 5754 1099 5756 _
1510 5722 1511 5725 η

579 5810 823 5869 Parnm“
856 5806 1089 5868 XXXV.

1398 190 1809 255 TRACTATUS
1850 194 2073 254 CXXII.
2116 194 2343 253 CAPUT
2380 196 2534 254 XXI.

3538 201 3672 260 1962

2025 326 2082 377 et
2105 321 2241 377 ideo
2262 320 2444 377 ﬁnem
2467 320 2763 391 signiﬁcat
2784 322 3009 378 saeculi.
3050 323 3341 380 Eumdem
3368 326 3547 383 ﬁnem
3572 343 3682 383 saa-

2026 411 2141 467 culi
2169 412 2426 467 ostendit
2455 416 2511 467 et
2530 411 2695 482 quod
2722 414 2921 468 Petrus
2935 417 3054 468 rete
3072 414 3322 469 extraxit
3348 416 3407 469 in
3434 420 3674 477 terram.

2025 499 2138 555 hoc
2160 505 2247 555 est
2261 500 2317 555 in
2336 499 2516 556 littus.
2541 500 2707 565 Quod
2729 501 2854 572 ipse
2866 500 3154 557 Dominus
3169 503 3419 574 aperuit,
3438 504 3543 559 ubi
3562 505 3679 561 alio

2024 589 2291 661 quodam
2313 589 2446 645 loco
2476 589 2550 644 de
2581 605 2806 659 sagena
2831 590 2891 644 in
2934 606 3100 647 mare
3130 592 3315 648 missa
3337 592 3681 648 similitudi-

2025 693 2163 733 nem
2181 678 2380 734 dedit:
2404 678 2481 733 Et
2497 693 2623 735 eam
2646 680 2918 745 trahunt,
2944 680 3154 752 inquit,
3185 682 3266 738 ad
3290 682 3475 737 littus.
3502 681 3675 748 Quod

2026 767 2185 823 littus
2225 768 2370 839 quid
2396 773 2550 823 esset
2577 784 2906 840 exponens,
2934 770 3047 825 ait:
3069 771 3169 827 Sic
3195 773 3307 827 erit
3320 772 3383 827 in
3410 787 3679 829 consum-

2025 857 2283 913 matione
2306 858 2511 913 saeculi
2540 857 2774 928 (Matth.
2807 874 2932 925 xm,
2969 859 3059 928 48,
3099 861 3213 931 49).

2095 985 2147 1036 7.
2168 980 2279 1037 Sed
2294 980 2394 1037 illa
2406 982 2570 1037 verbi
2583 987 2690 1047 est,
2706 998 2827 1038 non
2841 984 2923 1039 rei
2945 992 3127 1055 gestae
3144 984 3435 1055 parabola
3455 1003 3468 1041 :
3491 987 3678 1043 re'au-

2025 1074 2142 1124 tem
2158 1074 2346 1138 gesta,
2363 1070 2781 1127 sicuthocloco
2798 1072 3050 1144 qualiter
3064 1073 3123 1128 in
3139 1074 3335 1129 saeculi
3351 1075 3467 1129 ﬁne
3481 1075 3679 1131 futura

2025 1157 2116 1223 sit,
2150 1158 2233 1213 ita
2263 1158 2549 1213 Dominus
2579 1160 2695 1214 alia
2724 1161 3052 1231 piscatione
3098 1164 3458 1233 signiﬁcavit
3486 1165 3679 1220 Eccle-

2026 1246 2178 1301 siam
2200 1246 2358 1319 quali
2369 1253 2450 1302 ter
2461 1264 2619 1303 nunc
2635 1250 2905 1313 sit.Quod
2920 1257 3118 1306 autem
3135 1252 3278 1308 illud
3291 1252 3497 1309 fecitin
3512 1255 3678 1311 initio

2026 1335 2468 1407 praedicationis
2499 1353 2645 1405 suae,
2693 1337 2808 1393 hoc
2858 1354 2993 1393 vero
3026 1345 3158 1411 post
3184 1342 3679 1400 resurrectionem

2027 1442 2220 1491 suam,
2241 1425 2379 1481 hinc
2395 1425 2653 1481 ostendit
2674 1426 2835 1482 illam
2859 1442 2924 1482 ca
2936 1433 3171 1498 pturam
3190 1430 3461 1499 piscium,
3486 1432 3681 1489 bonos

2027 1518 2085 1570 et
2104 1514 2293 1569 malos
2307 1513 2822 1585 signiﬁcare,quos
2835 1531 2995 1571 nunc
3007 1516 3185 1572 habet
3199 1518 3451 1574 Ecclesia
3473 1536 3486 1586 ;
3506 1521 3682 1577 istam

2029 1619 2169 1659 vero
2196 1604 2615 1659 tantummodo
2640 1603 2854 1669 bonos,
2870 1620 3022 1676 quos
3042 1604 3355 1661 habebitin
3369 1614 3678 1679 aeternum,

2029 1690 2326 1763 completa
2345 1691 2405 1745 in
2424 1690 2540 1746 ﬁne
2552 1691 2653 1762 huj
2666 1708 2733 1746 us
2748 1693 2951 1749 saeculi
2972 1695 3403 1752 resurrectione
3421 1702 3686 1754 mortuo-

2028 1796 2183 1836 rum.
2200 1780 2464 1851 Denique
2486 1780 2564 1835 ibi
2577 1780 2746 1837 Jesus
2761 1797 2881 1837 non
2896 1784 3046 1838 sicut
3063 1783 3158 1838 hic
3174 1785 3231 1839 in
3245 1784 3435 1841 littore
3459 1787 3679 1854 stabat,

2029 1869 2278 1942 quando
2299 1869 2683 1939 jussitpisces
2709 1871 2838 1941 capi
2865 1888 2879 1937 ;
2912 1871 3018 1927 sed
3042 1874 3363 1929 ascendens
3390 1874 3452 1929 in
3487 1892 3675 1932 unam

2031 1960 2230 2015 navim
2246 1974 2373 2029 quas
2389 1965 2517 2014 erat
2531 1957 3038 2031 Simonis,rogavit
3053 1977 3181 2017 eum
3203 1968 3267 2017 ut
3286 1978 3321 2018 a
3335 1970 3495 2019 terra
3512 1966 3691 2021 redu-

2031 2054 2181 2104 ceret
2191 2048 2480 2116 pusillum
2499 2069 2521 2118 ,-
2535 2055 2585 2103 et
2598 2048 2660 2103 in
2675 2064 2743 2104 ea
2756 2049 2960 2105 sedens
2980 2050 3225 2107 docebat
3238 2052 3462 2108 turbas.
3479 2053 3551 2110 Ut
3566 2068 3656 2110 ces
3668 2083 3686 2096 -

2031 2137 2183 2192 savit
2205 2142 2399 2193 autem
2433 2136 2773 2208 loqui,dixit
2792 2138 2872 2194 ad
2884 2139 3184 2195 Simonem
3204 2154 3223 2192 :
3247 2143 3374 2197 Duc
3394 2142 3456 2197 in
3473 2144 3661 2199 altum
3674 2186 3688 2212 ,

2034 2229 2085 2282 et
2108 2226 2313 2281 laxate
2327 2227 2476 2282 retia
2499 2234 2695 2282 vestra
2708 2228 2768 2282 in
2783 2232 3120 2294 capturam.
3150 2228 3344 2284 Etillic
3370 2231 3536 2302 quod
3553 2248 3691 2303 cap-

2035 2318 2160 2369 tum
2174 2320 2259 2368 est
2274 2315 2529 2385 piscium
2544 2315 2602 2370 in
2616 2315 2901 2372 naviculis
2915 2315 3169 2383 fuit,non
3187 2318 3443 2372 sicuthic
3457 2326 3574 2375 rete
3590 2336 3690 2375 ex-

2036 2404 2410 2458 traxeruntin
2427 2406 2769 2459 terram.His
2785 2404 2972 2473 signis
2985 2410 3041 2461 et
3054 2407 3100 2460 si
3116 2407 3363 2477 quaalia
3377 2408 3690 2479 potuerint

2034 2492 2295 2563 reperiri,
2331 2492 2411 2547 ibi
2440 2492 2698 2549 Ecclesia
2720 2494 2777 2547 in
2804 2495 2917 2549 hoc
2936 2494 3176 2560 saeculo,
3205 2495 3300 2551 hic
3321 2512 3463 2551 vero
3490 2497 3547 2551 in
3572 2495 3694 2553 ﬁne

2036 2580 2236 2636 saeculi
2266 2579 2520 2651 ﬁgurata
2542 2588 2631 2637 est
2656 2598 2667 2636 :
2698 2582 2827 2636 ideo
2844 2582 2988 2637 illud
3013 2587 3169 2649 ante,
3202 2584 3313 2639 hoc
3335 2591 3534 2640 autem
3558 2588 3697 2655 post

2035 2670 2529 2725 resurrectionem
2550 2670 2785 2725 Domini
2799 2670 3022 2727 factum
3037 2672 3390 2743 est;quiaibi
3409 2689 3516 2728 nos
3535 2673 3697 2729 Chri-

2038 2764 2161 2815 stus
2176 2758 2527 2828 signiﬁcavit
2539 2760 2902 2826 vocatos,hic
2914 2761 3402 2817 resuscitatos.lbi
3418 2764 3563 2819 retia
3574 2778 3696 2819 non

2038 2850 2353 2905 mittuntur
2372 2848 2431 2902 in
2449 2848 2778 2915 dexteram,
2798 2864 2870 2904 ne
2894 2850 3056 2905 solos
3087 2851 3427 2920 signiﬁcent
3477 2851 3691 2923 bonos,

2038 2953 2147 2993 nec
2170 2937 2230 2991 in
2261 2937 2584 3002 sinistram,
2619 2953 2691 2992 ne
2722 2939 2884 2993 solos
2925 2939 3117 2994 malos
3146 2956 3159 3005 ;
3210 2940 3315 2995 sed
3347 2940 3699 2996 indifferen-

2039 3032 2143 3090 ter,
2177 3027 2425 3089 Laxate,
2453 3024 2667 3096 inquit,
2712 3027 2864 3081 retia
2913 3033 3105 3083 vestra
3145 3028 3209 3083 in
3255 3036 3590 3098 capturum,
3636 3037 3699 3087 ut

2038 3115 2366 3187 permixtos
2397 3113 2796 3183 intelligamus
2820 3116 3012 3170 bonos
3029 3123 3083 3171 et
3102 3118 3325 3173 malos:
3354 3119 3450 3173 hic
3472 3125 3693 3185 autem,

2038 3203 2473 3275 inquit,Mittite
2483 3202 2545 3258 in
2557 3202 2863 3259 dexteram
2877 3204 3109 3274 navigii
3119 3211 3256 3265 rete.
3268 3210 3329 3259 ut
3343 3207 3700 3276 signiﬁcaret

2041 3308 2142 3348 eos
2166 3292 2268 3364 qui
2296 3291 2537 3347 stabant
2566 3291 2641 3346 ad
2672 3292 2993 3357 dexteram,
3027 3293 3184 3347 solos
3216 3293 3432 3348 bonos.
3472 3295 3552 3349 lbi
3577 3300 3697 3351 rete

2041 3386 2283 3452 propter
2294 3379 2688 3449 signiﬁcanda
2700 3380 3022 3436 schismata
3032 3382 3544 3453 rumpebaturzhic
3561 3398 3699 3438 vero

2041 3471 2330 3541 quoniam
2365 3469 2645 3539 tuncjam
2678 3470 2737 3523 in
2779 3468 2877 3524 illa
2900 3485 3141 3524 summa
3170 3486 3317 3541 pace
3351 3475 3697 3526 sanctorum

2042 3557 2206 3614 nulla
2225 3556 2953 3629 eruntschismata,pertin
2964 3559 3045 3612 uit
3062 3559 3141 3613 ad
3157 3558 3593 3627 Evangelistam
3612 3558 3699 3614 di-

2042 3647 2277 3713 cere,Et
2300 3662 2433 3701 cum
2460 3646 2618 3702 tanti
2641 3653 2844 3712 essent,
2872 3646 2929 3701 id
2946 3653 3052 3712 est,
3084 3653 3201 3702 tam
3224 3646 3446 3716 magni,
3464 3662 3584 3702 non
3611 3655 3692 3702 est

2041 3736 2285 3793 scissum
2316 3742 2473 3799 rete;
2498 3740 2782 3807 tanquam
2805 3734 2947 3790 illud
2978 3736 3295 3808 respiceret
3316 3735 3416 3791 ubi
3440 3737 3696 3792 scissum

2043 3830 2215 3890 est,et
2236 3823 2467 3879 inillius
2494 3824 3093 3895 malicomparatione
3107 3825 3557 3882 commendaret
3580 3826 3695 3882 hoc

2045 3913 2387 3970 bonum.lbi
2405 3918 2574 3983 capta
2596 3912 3015 3969 estmultitudo
3036 3914 3491 3985 pisciumtanta.
3512 3920 3569 3970 ut
3592 3916 3699 3970 im-

2043 4002 2200 4074 pleta
2220 4002 2342 4056 duo
2365 4000 2598 4072 navigia
2622 4008 3028 4072 mergerentur
3047 4002 3486 4074 (Luc.v,‘i-7),id
3510 4009 3614 4069 est,
3636 4004 3695 4060 in

2044 4090 2521 4147 submersionem
2540 4098 2950 4160 premerentur
2974 4108 2986 4145 :
3009 4107 3128 4146 non
3151 4093 3307 4147 enim
3323 4108 3521 4148 mersa
3535 4099 3695 4159 sunt,

2045 4180 2151 4235 sed
2171 4185 2373 4234 tamen
2397 4179 2741 4249 periclitata.
2774 4180 2939 4236 Unde
2964 4181 3121 4235 enim
3144 4181 3403 4237 existunt
3426 4183 3485 4235 in
3510 4181 3701 4236 Eccle-

2044 4270 2152 4334 sia,
2169 4274 2332 4324 tanta
2345 4285 2480 4339 quae
2493 4270 2790 4338 gemimus
2809 4286 2824 4333 ;
2843 4269 2957 4324 nisi
2973 4286 3109 4324 cum
3129 4275 3306 4325 tantae
3330 4269 3698 4325 multitudini

2044 4359 2251 4414 obsisti
2268 4374 2388 4413 non
2403 4364 2756 4429 potest,quae
2777 4358 2851 4413 ad
2868 4358 3367 4427 submergendam
3387 4373 3701 4429 propemo-

2044 4447 2584 4518 dumdisciplinam
2605 4448 2782 4502 intrat
2811 4463 2950 4501 cum
2974 4447 3241 4501 moribus
3269 4447 3389 4500 suis
3412 4463 3446 4501 a
3469 4452 3701 4502 sancto-

2044 4553 2180 4593 rum
2194 4537 2396 4592 itinere
2416 4536 2652 4606 penitus
2670 4534 2881 4589 alienis
2898 4533 2926 4587 ‘t
2944 4536 3041 4589 Hic
3059 4545 3257 4589 autem
3276 4535 3564 4589 miserunt
3581 4543 3700 4591 rete

2046 4626 2107 4681 in
2128 4626 2433 4680 dexteram
2456 4629 2710 4694 partem,
2730 4630 2783 4678 et
2803 4625 2937 4691 jam
2967 4639 3086 4678 non
3110 4622 3387 4679 valebant
3404 4623 3703 4680 illudtra-

2050 4715 2189 4770 here
2212 4711 2648 4769 amultitudine
2671 4711 2943 4782 piscium.
2967 4711 3117 4776 Quid
3136 4716 3240 4775 est,
3253 4713 3381 4783 jam
3403 4728 3522 4768 non
3547 4716 3703 4770 vate-

2054 4806 2193 4860 bant
2214 4801 2372 4857 illud
2404 4800 2774 4866 trahere,nisi
2801 4801 2939 4871 quia
2966 4800 3045 4855 illi
3069 4802 3168 4873 qui
3192 4801 3487 4873 pertinent
3511 4803 3589 4858 ad
3621 4819 3707 4858 re-

2054 4891 2479 4946 surrectionem
2532 4891 2683 4955 vitaz,
2756 4890 2813 4944 id
2855 4897 2940 4944 est
2989 4891 3069 4946 ad
3101 4890 3429 4958 dexteram,
3463 4899 3518 4946 et
3550 4892 3709 4949 intra

2055 4980 2356 5036 christiani
2378 4978 2638 5034 nominis
2659 4978 2808 5034 retia
2830 4979 3255 5049 defunguntur,
3282 4982 3516 5035 nonnisi
3541 4982 3598 5034 in
3621 4982 3710 5036 lit-

2057 5075 2202 5132 tore,
2222 5068 2282 5123 id
2299 5074 2385 5123 est
2400 5069 2459 5123 in
2475 5069 2590 5123 ﬁne
2608 5068 2807 5124 saeculi
2831 5085 2969 5123 cum
2988 5068 3430 5132 resurrexerint,
3457 5083 3710 5139 appare-

2058 5157 2247 5213 bunt?
2298 5157 2432 5213 Ideo
2464 5173 2584 5213 non
2618 5158 2933 5214 valuerunt
2962 5161 3043 5212 sic
3074 5158 3300 5211 trahere
3332 5157 3500 5221 retia,
3543 5162 3605 5212 ut
3648 5158 3710 5212 in

2057 5262 2275 5302 navem
2307 5245 2686 5301 refunderent
2708 5262 2859 5317 quos
2888 5252 3168 5315 ceperant
3194 5245 3423 5315 pisces;
3458 5245 3613 5300 sicut
3639 5248 3713 5301 de

2056 5335 2170 5390 illis
2193 5334 2473 5390 omnibus
2504 5334 2728 5391 factum
2765 5341 2870 5396 est,
2904 5334 3127 5406 quibus
3155 5332 3716 5405 retedisruptum,et

2056 5422 2350 5479 naviculas
2380 5438 2597 5493 pressas
2627 5428 2781 5477 sunt.
2816 5422 3004 5477 Habet
3039 5425 3240 5476 autem
3275 5421 3419 5477 istos
3470 5423 3715 5479 dextros

2058 5511 2318 5568 Ecclesia
2349 5516 2485 5582 post
2512 5511 2695 5565 ﬁnem
2712 5512 2843 5566 vitae
2866 5509 3045 5579 hujus
3076 5512 3135 5565 in
3158 5526 3366 5566 somno
3392 5512 3586 5582 pacis,
3610 5529 3721 5570 ve-

2055 5600 2143 5657 lut
2170 5601 2230 5656 in
2262 5599 2562 5672 profundo
2582 5599 2850 5663 latentes,
2874 5599 3067 5655 donec
3087 5598 3167 5654 ad
3186 5598 3347 5654 littus
3370 5607 3488 5656 rete
3512 5617 3693 5673 perve
3713 5638 3731 5654 .

2061 5690 2188 5748 niat
2206 5704 2328 5763 quo
2354 5688 2723 5760 trahebatur,
2740 5688 2918 5762 quasi
2937 5704 2973 5744 a
2993 5688 3209 5745 cubitis
3226 5688 3520 5745 ducentis.
3546 5689 3723 5757 Quod

2898 5804 3441 5881 (Soixante-Deux.)
