4182 6198
467 205 601 261 1963

466 333 667 386 autem
694 326 809 383 illic
838 323 1077 380 duabus
1108 319 1417 386 naviculis,
1444 320 1687 389 propter
1708 314 2115 372 circumcisio—

465 434 605 475 nem
620 422 675 473 et
686 410 1183 488 praeputium;boc
1196 410 1311 464 isto
1322 406 1452 463 loco
1466 406 1738 461 ducentis
1753 402 1960 461 cubitis
1972 401 2123 459 exis-

467 506 612 564 timo
624 507 973 575 ﬁguratum,
989 503 1228 570 propter
1248 494 1554 567 utriusque
1573 495 1804 564 generis
1821 493 2123 557 electos,et

468 591 934 651 circumcisionis
957 594 1012 647 et
1031 584 1325 660 praeputii,
1349 589 1641 656 tanquam
1658 588 1899 638 centum
1920 587 1976 637 et
1991 596 2124 637 cen-

468 688 598 740 tum
629 699 643 750 ;
666 681 813 753 quia
830 681 887 735 in
908 692 1149 733 summa
1166 674 1489 731 centenarii
1512 687 1800 727 numerus
1829 670 1907 727 ad
1927 671 2125 726 dexte-

470 788 602 828 ram
621 770 1168 826 transit.Postremo
1186 764 1243 819 in
1267 762 1367 818 illa
1383 761 1711 835 piscatione
1733 774 2020 815 numerus
2040 757 2126 829 pi-

474 862 663 917 scium
691 874 813 915 non
835 854 1208 928 exprimitur,
1236 856 1523 924 tanquam
1556 849 1701 904 illud
1722 848 1805 904 ibi
1835 848 1940 904 ﬁat
1961 846 2126 918 quod

470 949 824 1022 praedictum
843 950 1050 1016 estper
1066 937 1815 1013 prophetam,Annuntiavi
1829 944 1879 993 et
1898 938 2127 992 locutus

472 1054 635 1103 sum;
656 1031 1048 1104 multiplicati
1058 1037 1195 1086 sunt
1209 1044 1388 1099 super
1404 1042 1714 1083 numerum
1729 1026 2124 1097 (Psal.xxx1x,

474 1130 526 1199 6)
562 1143 574 1182 :
605 1126 700 1181 hic
731 1139 872 1179 vero
899 1137 1020 1177 non
1053 1123 1191 1175 sunt
1229 1117 1413 1188 aliqui
1443 1131 1622 1187 super
1652 1129 1993 1177 numerum,
2024 1114 2129 1167 sed

472 1210 669 1272 Certus
694 1217 780 1270 est
812 1225 1101 1268 numerus
1125 1213 1365 1263 centum
1386 1203 1826 1276 quinquaginta
1848 1207 1961 1256 tres
1987 1218 2001 1267 ;
2034 1216 2131 1255 cu-

468 1306 567 1377 jus
594 1300 825 1359 numeri
860 1299 1008 1354 ratio
1038 1296 1292 1352 Domino
1324 1293 1651 1363 adjuvante
1682 1290 1990 1347 reddenda
2020 1293 2128 1345 est.

546 1431 597 1483 8.
622 1425 685 1480 Si
712 1424 874 1480 enim
892 1433 1213 1477 numerum
1232 1415 1670 1471 constituamus
1691 1414 1793 1485 qui
1808 1416 2022 1483 Legem
2058 1412 2133 1466 si-

475 1511 888 1587 gniﬁcet,quid
920 1512 1092 1566 erunt
1110 1505 1221 1562 nisi
1244 1506 1450 1560 decem
1467 1503 1494 1559 ?
1517 1503 1878 1574 Decalogum
1900 1502 2131 1574 quippe

474 1605 663 1676 Legis,
699 1602 758 1657 id
788 1607 892 1668 est,
925 1600 1133 1655 decem
1166 1594 1483 1650 notissima
1503 1594 1602 1649 illa
1625 1596 1927 1664 praecepta
1947 1591 2132 1663 digito

476 1691 828 1750 Deiduabus
842 1686 1093 1760 lapideis
1108 1683 1326 1741 tabulis
1338 1683 1590 1754 primum
1604 1681 1785 1737 fuisse
1798 1682 2135 1752 conscripta

477 1779 878 1839 certissimum
900 1775 1077 1833 nobis
1095 1780 1181 1830 est
1199 1775 1478 1844 (Deutux,
1497 1772 1603 1841 l0).
1620 1769 1735 1826 Sed
1756 1773 1865 1825 Lex
1884 1768 2133 1841 quando

476 1887 598 1928 non
628 1870 701 1925 ad
706 1870 723 1939 j
737 1872 877 1923 uvat
888 1866 1099 1936 gratia,
1117 1862 1605 1935 praevaricatores
1624 1860 1781 1927 facit,
1797 1864 1855 1914 et
1871 1863 2136 1913 tantum-

480 1960 664 2017 modo
691 1959 751 2012 in
788 1956 977 2011 littera
1006 1958 1094 2009 est
1129 1974 1140 2005 :
1167 1956 1408 2021 propter
1438 1949 1553 2004 hoc
1584 1949 1740 2003 enim
1775 1949 2033 2003 maxime
2054 1946 2136 2016 ait

475 2046 817 2121 Apostolus,
835 2046 1060 2100 Littera
1073 2040 1305 2105 occidit,
1321 2037 1566 2107 spiritus
1579 2043 1775 2093 autem
1792 2036 2050 2104 viviﬁcat
2065 2034 2135 2105 (ΙΙ

476 2132 1210 2207 Cor.1n,6).Accedatergo
1234 2129 1313 2185 ad
1331 2129 1586 2183 litteram
1602 2127 1863 2199 spiritus,
1886 2141 1959 2180 ne
1981 2124 2131 2180 occi-

474 2228 582 2286 dat
599 2227 789 2282 littera
809 2239 991 2296 quem
1011 2236 1131 2276 non
1148 2217 1409 2274 viviﬁcat
1430 2216 1707 2289 spiritus;
1733 2214 1837 2271 sed
1856 2220 2134 2286 utopere-

475 2332 611 2373 mur
627 2311 1127 2389 pracemeegis,
1141 2323 1263 2364 non
1278 2306 1505 2363 viribus
1521 2303 1872 2373 nostris,sed
1884 2318 2134 2359 munere

475 2404 812 2463 Salvatoris.
839 2405 987 2459 Cum
1014 2406 1216 2456 autem
1246 2396 1477 2453 accedit
1507 2395 1583 2452 ad
1608 2395 1822 2464 Legem
1842 2395 2054 2464 gratia,
2074 2391 2133 2447 id

474 2503 579 2561 est,
603 2495 681 2551 ad
708 2493 961 2547 litteram
988 2488 1254 2560 spiritus,
1275 2484 1729 2557 quodammodo
1748 2482 1996 2538 denario
2025 2497 2133 2536 nu-

475 2598 641 2639 mero
666 2580 904 2637 additur
916 2574 1310 2648 septenarius.
1329 2575 1441 2627 Isto
1455 2572 1679 2644 quippe
1693 2568 2034 2635 numero,id
2047 2574 2134 2624 est

478 2668 837 2741 septenario,
871 2661 1197 2733 signiﬁcari
1240 2661 1519 2731 Spiritum
1580 2665 1880 2727 sanctum,
1919 2657 2130 2714 adver-

478 2758 657 2815 tenda
686 2756 1038 2810 Litterarum
1079 2764 1385 2806 sacrarum
1433 2747 1798 2803 documenta
1826 2751 2132 2802 testantur.

480 2850 703 2917 Nempe
724 2843 885 2899 enim
916 2840 1197 2896 sanctitas
1226 2837 1318 2893 vel
1346 2835 1734 2892 sanctiﬁcatio
1761 2834 1838 2890 ad
1857 2841 2132 2890 sanctum

480 2935 719 3010 prOprie
732 2928 1309 3004 pertinetSpiritumc
1327 2924 1485 2981 unde
1499 2941 1635 2981 cum
1649 2927 1882 2981 etPater
1894 2923 2137 2996 spiritus

485 3027 576 3090 sit,
602 3028 657 3079 et
680 3022 856 3078 Filius
889 3018 1128 3091 spiritus
1162 3017 1256 3083 sit,
1288 3014 1579 3087 Quoniam
1611 3016 1763 3069 Deus
1781 3014 2021 3086 spiritus
2052 3018 2139 3068 est

484 3114 772 3187 (Joan.1v,
796 3110 884 3181 24)
906 3127 925 3180 ;,
950 3112 1007 3164 et
1035 3109 1203 3162 Pater
1224 3109 1554 3169 sanctus,et
1571 3109 1595 3158 Ι⁴
1609 3104 1741 3158 ilius
1771 3107 2011 3159 sanctus
2032 3103 2136 3157 sit:

486 3201 728 3277 proprio
755 3206 955 3255 tamen
986 3196 1230 3251 nomine
1251 3193 1572 3250 amborum
1613 3193 1862 3265 Spiritus
1894 3195 2142 3248 vocatur

488 3292 735 3365 Spiritus
764 3293 1027 3345 sanctus.
1054 3284 1163 3340 Ubi
1193 3298 1334 3353 ergo
1368 3283 1629 3354 primum
1668 3283 1728 3336 in
1760 3282 1911 3350 Lege
1944 3279 2145 3336 sonuit

487 3378 896 3443 sanctificatio,
923 3374 1111 3431 nisiin
1144 3373 1239 3428 die
1268 3371 1565 3443 septimo?
1594 3372 1725 3426 Non
1748 3370 1905 3424 enim
1934 3368 2144 3425 sancti-

488 3470 691 3527 ﬁcavit
718 3471 873 3524 Deus
903 3465 1064 3520 diem
1082 3463 1364 3534 primum,
1394 3460 1451 3514 in
1475 3475 1595 3531 quo
1621 3458 1756 3515 fecit
1775 3458 1971 3513 lucem
1998 3476 2012 3525 ;
2045 3464 2148 3514 aut

490 3558 915 3624 secundum,in
929 3569 1049 3626 quo
1062 3552 1507 3608 ﬁrmamentum
1527 3565 1540 3615 ;
1561 3554 1662 3604 aut
1680 3549 1935 3612 tertium,
1951 3547 2010 3602 in
2025 3563 2147 3620 quo

490 3647 773 3707 discrevit
798 3660 963 3701 mare
991 3658 1028 3699 a
1053 3646 1226 3707 terra,
1252 3645 1308 3697 et
1342 3646 1496 3695 terra
1524 3638 1775 3694 herbam
1798 3636 2149 3709 lignumque

493 3736 781 3810 produxit
809 3753 821 3802 ;
854 3738 957 3790 aut
977 3735 1282 3804 quartum,
1307 3730 1365 3784 in
1389 3744 1509 3801 quo
1531 3728 1728 3784 sidera
1746 3732 1886 3782 sunt
1913 3731 2148 3794 creata;

495 3824 916 3895 autquintum,
947 3821 1005 3876 in
1027 3834 1150 3891 quo
1173 3818 1459 3875 animalia
1483 3832 1616 3890 quas
1647 3817 1707 3871 in
1739 3818 1913 3888 aquis
1945 3816 2033 3872 vi»
2047 3819 2153 3871 unt

498 3918 553 3968 et
574 3912 633 3966 in
662 3926 795 3967 aere
827 3909 1077 3965 volitant
1105 3924 1118 3973 ;
1166 3912 1268 3962 aut
1307 3913 1564 3973 sextum,
1615 3906 1674 3960 in
1705 3921 1827 3977 quo
1863 3903 2152 3959 terrestris

498 3999 705 4055 anima
721 3998 857 4053 viva
875 4002 928 4051 et
948 3997 1074 4067 ipse
1090 3995 1301 4050 homo:
1328 3994 1430 4048 sed
1446 3992 1833 4048 sanctiﬁcavit
1848 3993 2006 4047 diem
2023 4007 2154 4064 sepe

502 4089 737 4153 timum,
767 4087 827 4142 in
849 4101 970 4157 quo
996 4082 1286 4155 requievit
1308 4082 1385 4137 ab
1403 4081 1688 4152 operibus
1708 4082 1828 4136 suis
1852 4081 2018 4152 (Gen.
2045 4098 2082 4149 l,
2101 4086 2155 4137 et

498 4195 558 4245 ll,
583 4177 659 4249 3).
689 4175 1124 4233 Convenienter
1151 4172 1327 4241 igitur
1345 4170 1677 4241 septenario
1701 4186 1953 4226 numero
1978 4169 2157 4240 signi-

498 4267 710 4324 ﬁcatur
734 4265 984 4338 Spiritus
1008 4265 1273 4317 sanctus.
1304 4259 1489 4315 Isaias
1509 4258 1686 4314 etiam
1715 4260 2027 4331 propheta,
2056 4259 2158 4314 Re-

498 4360 770 4430 quiescet,
787 4353 997 4426 inquit,
1012 4354 1074 4407 in
1086 4366 1150 4408 eo
1164 4349 1423 4419 Spiritus
1440 4348 1582 4404 Dei:
1601 4364 1860 4419 eumque
1873 4348 2156 4420 deinceps

498 4444 937 4503 commendans
949 4456 1127 4514 opere
1148 4440 1233 4494 vel
1250 4453 1495 4493 munere
1509 4435 1866 4509 septenario,
1878 4436 2155 4506 Spiritus,

500 4536 710 4609 inquit,
735 4532 1043 4603 sapientiae
1071 4535 1124 4587 et
1156 4529 1512 4593 intellectus,
1558 4526 1807 4597 spiritus
1842 4526 2080 4582 consilii
2103 4533 2155 4584 et

494 4624 896 4696 fortitudinis,
918 4621 1168 4691 spiritus
1186 4617 1443 4674 scientiae
1455 4622 1507 4673 et
1532 4616 1793 4686 pietatis,
1808 4621 1861 4672 et
1888 4615 2159 4685 implebit

498 4714 671 4769 illum
689 4712 935 4781 spiritus
953 4708 1181 4764 timoris
1203 4707 1309 4763 Dei
1325 4706 1489 4776 (Isai.
1514 4705 1905 4777 x1,2,3).Quid
1923 4705 1981 4759 in
2006 4707 2159 4777 Apo-

499 4801 728 4873 calypsi
743 4799 770 4853 ‘i‘
793 4814 992 4853 nonne
1008 4802 1237 4867 septem
1261 4796 1501 4866 spiritus
1522 4794 1620 4849 Dei
1641 4793 1924 4850 dicuntur
1951 4794 2154 4867 (Apoc.

498 4906 577 4955 ιιι,
612 4890 687 4961 1),
721 4903 859 4943 cum
891 4887 965 4941 sit
994 4900 1145 4940 unus
1176 4890 1354 4956 atque
1384 4882 1542 4937 idem
1585 4882 1851 4953 Spiritus,
1884 4883 2158 4938 dividens

502 4979 745 5055 propria
778 4976 1098 5046 unicuique
1124 4978 1301 5045 prout
1330 4972 1454 5027 vult
1482 4970 1528 5043 (Ι
1554 4971 1691 5026 Cor.
1726 4988 1822 5041 χιι,
1857 4972 1944 5043 11)
1988 4971 2017 5026 ‘i
2041 4972 2157 5029 Sed

497 5068 767 5143 Operatio
791 5063 1130 5136 septenaria
1164 5061 1339 5116 unius
1368 5060 1617 5132 Spiritus
1640 5060 1722 5115 sic
1745 5060 2047 5132 appellata
2071 5067 2159 5118 est

497 5160 576 5216 ab
606 5159 820 5215 eodem
863 5152 1103 5226 Spiritu,
1137 5150 1241 5223 qui
1273 5148 1557 5205 scribenti
1597 5148 1806 5213 adfuit,
1836 5154 1897 5203 ut
1926 5155 2155 5221 septem

495 5250 739 5320 spiritus
771 5246 1127 5301 dicerentur.
1162 5240 1527 5311 Cumitaque
1558 5238 1725 5310 Legis
1755 5238 2001 5294 denario
2030 5238 2155 5311 Spi-

493 5342 637 5394 ritus
668 5342 914 5393 sanctus
949 5348 1054 5405 per
1085 5330 1493 5403 septenarium
1533 5343 1852 5383 numerum
1904 5327 2152 5392 accedit,

494 5426 647 5481 ﬁunt
667 5427 874 5481 decem
902 5428 958 5479 et
981 5426 1245 5494 septem:
1276 5418 1379 5493 qui
1407 5433 1693 5474 numerus
1715 5418 1793 5473 ab
1820 5432 1941 5472 uno
1965 5433 2153 5490 usque

496 5513 575 5569 ad
600 5516 862 5585 seipsum
891 5510 1253 5583 computatis
1283 5508 1561 5566 omnibus
1583 5522 1877 5574 crescens,
1910 5507 1989 5563 ad
2018 5522 2155 5563 cen-

494 5604 621 5668 tum
646 5600 1088 5672 quinquaginta
1112 5605 1226 5656 tres
1258 5598 1551 5670 pervenit.
1579 5596 1667 5653 Ad
1692 5612 1881 5653 unum
1910 5596 2071 5653 enim
2105 5595 2153 5653 si

493 5688 743 5767 adjicias
762 5688 908 5756 duo,
931 5687 1081 5745 ﬁunt
1102 5686 1307 5761 utique
1327 5692 1443 5745 tres
1469 5686 1590 5757 ;his
1614 5686 1663 5744 si
1685 5686 1936 5760 adjicias
1957 5690 2076 5744 tres
2096 5690 2156 5745 et

1445 190 1517 248 IN
1553 188 1844 247 JOANNIS
1881 182 2370 254 EVANGELIUM,
2414 186 2472 243 S.
2512 182 2895 243 AUGUSTINI

3754 176 3890 239 ιοθι

2223 317 2501 385 quatuor,
2527 312 2679 367 ﬁunt
2698 327 2908 367 omnes
2925 312 3164 378 decem;
3189 310 3407 367 deinde
3423 311 3472 365 si
3492 308 3745 381 adjicias
3766 322 3894 363 om—

2224 416 2332 457 nes
2360 416 2642 456 numeros
2660 400 2763 471 qui
2785 407 3118 473 sequuntur
3142 416 3330 471 usque
3356 399 3434 456 ad
3451 398 3665 455 decem
3684 400 3742 453 et
3763 411 3895 467 sep-

2228 488 2462 551 tem,ad
2490 487 2901 560 supradictum
2925 504 3247 545 numerum
3263 503 3505 544 summa
3518 485 3895 559 perducitur;

2228 578 2289 633 id
2320 581 2432 643 est,
2457 577 2506 631 si
2534 577 2611 633 ad
2633 576 2859 641 decem,
2887 593 3010 649 quo
3035 578 3113 633 ab
3146 593 3265 632 uno
3298 593 3489 648 usque
3520 574 3601 631 ad
3631 578 3899 646 quatuor

2228 681 2608 739 perveneras,
2633 666 2826 721 addas
2856 667 3145 738 quinque,
3186 665 3339 721 ﬁunt
3366 664 3714 737 quindecim
3750 679 3764 718 :
3797 660 3900 717 his

2230 755 2422 812 addas
2453 770 2575 819 sex,
2595 760 2650 809 et
2676 752 2822 809 ﬁunt
2845 753 3053 824 viginti
3075 770 3263 810 unum
3285 771 3299 820 ;
3323 753 3415 810 his
3426 752 3621 809 addas
3639 757 3897 823 septem,

2232 850 2290 900 et
2320 844 2467 898 ﬁunt
2503 844 2710 913 viginti
2740 847 2876 899 octo
2919 859 2933 910 ;
2978 844 3070 898 his
3110 844 3304 899 addas
3335 848 3469 899 octo
3506 847 3560 898 et
3582 856 3799 897 novem
3831 843 3899 895 et

2231 932 2462 996 decem,
2496 938 2550 987 et
2580 931 2725 987 ﬁunt
2754 931 3194 1003 quinquaginta
3232 931 3500 1003 quinque
3534 947 3547 998 ;
3573 929 3661 985 his
3690 927 3895 985 addas

2234 1022 2517 1077 undecim
2532 1025 2589 1076 et
2604 1020 2927 1076 duodecim
2943 1024 2998 1076 et
3012 1020 3382 1085 tredecim,et
3400 1018 3893 1089 ﬁuntnonaginta

2236 1126 2425 1167 unum
2457 1127 2472 1175 ;
2504 1108 2598 1164 his
2627 1125 2870 1164 rursum
2903 1109 3362 1180 quatuordecim
3388 1115 3445 1165 et
3472 1106 3819 1181 quindecim
3838 1109 3903 1161 et

2237 1197 2623 1265 sexdecim,et
2648 1198 3047 1254 ﬁuntcentum
3072 1199 3452 1269 trigintasex:
3484 1197 3622 1252 huic
3642 1209 3899 1251 numero

2238 1288 2394 1343 adde
2418 1287 2588 1342 illum
2614 1287 2716 1358 qui
2738 1291 2919 1342 restat
2936 1285 3011 1342 de
3036 1302 3158 1358 quo
3181 1286 3399 1356 agitur,
3419 1286 3480 1342 id
3498 1291 3587 1341 est
3608 1285 3817 1341 decem
3838 1287 3902 1338 et

2237 1382 2487 1449 septem,
2514 1380 2571 1431 et
2600 1375 2857 1447 piscium
2886 1391 3177 1432 numerus
3198 1376 3294 1431 ille
3320 1373 3739 1447 complebitur.
3770 1380 3900 1434 Non

2237 1481 2378 1537 ergo
2408 1464 2830 1521 tantummodo
2861 1469 3101 1520 centum
3120 1464 3695 1537 quinquagintatres
3708 1466 3903 1523 sancti

2238 1555 2315 1612 ad
2346 1555 2532 1610 vitam
2571 1554 2958 1610 resurrecturi
2998 1552 3413 1625 signiﬁcantur
3448 1558 3757 1620 aeternam,
3792 1555 3901 1611 sed

2239 1643 2427 1701 millia
2437 1647 2781 1699 sanctorum
2798 1642 2874 1698 ad
2890 1643 3145 1713 gratiam
3160 1642 3412 1714 Spiritus
3424 1641 3852 1714 pertinentium
3883 1663 3899 1703 ε

2239 1748 2364 1806 qua
2388 1733 2579 1804 gratia
2607 1747 2746 1788 cum
2770 1732 2919 1803 Lege
2944 1732 3043 1787 Dei
3074 1736 3365 1803 tanquam
3390 1746 3530 1786 cum
3553 1731 3904 1790 adversario

2240 1821 2637 1879 concordatur
2663 1838 2679 1891 ;
2701 1826 2763 1875 ut
2788 1819 3124 1875 viviﬁcante
3148 1818 3365 1891 Spiritu
3384 1818 3577 1876 littera
3602 1836 3724 1877 non
3745 1822 3903 1878 occi-

2241 1910 2363 1977 dat,
2380 1910 2484 1966 sed
2497 1909 2660 1982 quod
2676 1924 2783 1981 per
2802 1908 3057 1964 litteram
3071 1906 3334 1979 jubetur,
3346 1907 3562 1979 Spiritu
3575 1909 3674 1979 adj
3684 1916 3907 1967 uvante

2241 1999 2635 2071 compleatur,
2663 2003 2720 2053 et
2745 1997 2788 2052 si
2817 1996 2963 2069 quid
2990 1997 3191 2052 minus
3206 1996 3294 2061 ﬁt,
3319 1997 3906 2056 remittatur.0mnes

2241 2104 2383 2159 ergo
2398 2088 2475 2143 ad
2488 2088 2663 2142 istam
2683 2086 2939 2157 gratiam
2955 2086 3343 2157 pertinentes,
3356 2085 3471 2141 hoc
3487 2102 3742 2143 numero
3753 2088 3906 2158 ﬁgu-

2240 2182 2467 2240 rantur.
2496 2175 2612 2231 hoc
2641 2181 2729 2230 est
2748 2176 3001 2244 ﬁgurate
3026 2173 3459 2244 signiﬁcantur.
3486 2175 3595 2239 Qui
3615 2190 3906 2232 numerus

2241 2271 2329 2323 ter
2352 2265 2537 2321 habet
2558 2264 2738 2320 etiam
2760 2263 3347 2336 quinquagenarium
3380 2270 3791 2329 numerum,et
3815 2266 3907 2321 in-

2242 2370 2422 2427 super
2452 2354 2587 2426 ipsa
2614 2353 2723 2409 tria
2736 2357 2977 2425 propter
3006 2352 3358 2423 mysterium
3371 2352 3669 2409 Trinitatis
3697 2354 3905 2426 :quin-

2241 2444 2647 2518 quagenarius
2662 2447 2861 2498 autem
2880 2440 3283 2512 multiplicatis
3298 2445 3526 2512 septem
3541 2456 3645 2513 per
3656 2448 3903 2514 septem,

2244 2540 2299 2590 et
2331 2533 2507 2589 unius
2532 2531 2866 2602 adjectione
2878 2529 3238 2601 completur;
3255 2546 3399 2586 nam
3424 2531 3637 2602 septies
3665 2537 3905 2603 septem

2240 2623 2389 2678 ﬁunt
2415 2622 2816 2693 quadraginta
2843 2634 3081 2681 novem.
3130 2620 3292 2675 Unus
3312 2623 3514 2675 autem
3537 2619 3805 2686 additur,
3837 2626 3904 2677 ut

2240 2727 2311 2767 eo
2343 2710 2704 2782 signiﬁcetur
2736 2724 2926 2764 unum
2953 2723 3086 2764 esse
3115 2708 3219 2779 qui
3253 2723 3359 2780 per
3409 2714 3642 2780 septem
3671 2716 3917 2782 propter

2241 2798 2655 2872 operationem
2684 2796 3085 2870 septenarium
3130 2797 3576 2853 demonstratur
3610 2814 3625 2853 :
3656 2805 3713 2854 et
3736 2800 3915 2855 novi-

2243 2906 2379 2946 mus
2401 2888 2688 2961 Spiritum
2721 2892 2995 2943 sanctuin
3028 2892 3164 2958 post
3214 2886 3633 2943 ascensionem
3667 2886 3909 2944 Domini

2245 2976 2749 3051 quinquagesimo
2778 2974 2875 3030 die
2915 2974 3191 3039 missum,
3233 2989 3417 3046 quem
3450 2973 3733 3047 discipuli
3756 2976 3911 3046 jussi

2246 3072 2387 3123 sunt
2423 3070 2769 3137 exspectare
2800 3066 3172 3135 promissum
3192 3064 3349 3134 (Act.
3382 3078 3443 3126 ιι,
3471 3067 3569 3119 2-4
3601 3079 3615 3130 ;
3658 3080 3696 3131 ι,
3729 3065 3808 3136 4).

2269 3213 2274 3219 ,
2318 3160 2370 3212 9.
2398 3159 2524 3212 Non
2556 3154 2733 3224 igitur
2759 3152 2980 3209 frustra
3008 3152 3147 3208 dicti
3189 3158 3332 3207 sunt
3359 3152 3418 3207 hi
3448 3153 3641 3225 pisces
3673 3158 3729 3209 et
3758 3159 3841 3211 tot
3856 3159 3915 3212 et

2249 3244 2415 3316 tanti,
2450 3243 2511 3298 id
2534 3248 2621 3299 est
2649 3248 2705 3298 et
2733 3248 2973 3297 centum
2996 3240 3436 3314 quinquaginta
3467 3249 3582 3297 tres
3606 3247 3660 3297 et
3682 3243 3913 3314 magni.

2253 3335 2346 3391 Sic
2364 3332 2521 3388 enim
2549 3330 2837 3403 scriptum
2860 3335 2974 3386 est:
2997 3330 3077 3386 Et
3105 3330 3294 3387 traxit
3317 3335 3442 3387 rete
3459 3331 3523 3386 in
3545 3338 3772 3389 terram
3794 3334 3921 3402 ple-

2250 3438 2394 3478 num
2420 3420 2653 3490 magnis
2676 3419 2937 3488 piscibus
2961 3424 3199 3476 centum
3227 3420 3676 3492 quinquaginta
3701 3421 3919 3479 tribus.

2254 3514 2401 3569 Cum
2431 3510 2590 3566 enim
2614 3509 2863 3565 dixisset
2896 3510 3204 3574 Dominus,
3231 3510 3365 3565 Non
3397 3509 3530 3566 veni
3559 3511 3791 3568 solvere
3813 3513 3920 3569 Le-

2253 3599 2514 3672 gem,sed
2528 3597 2793 3666 implere,
2815 3597 3067 3653 daturus
3089 3598 3291 3670 utique
3312 3597 3593 3670 Spiritum
3607 3615 3713 3670 per
3729 3616 3920 3671 quem

2256 3690 2372 3745 Lex
2404 3694 2604 3760 posset
2625 3687 2881 3760 impleri,
2910 3693 3202 3759 tanquam
3230 3692 3459 3760 septem
3492 3688 3811 3745 additurus
3839 3691 3922 3747 ad

2259 3780 2462 3851 decem
2486 3793 2499 3843 ;
2527 3777 2904 3849 paucissimis
2928 3776 3122 3833 verbis
3150 3776 3513 3849 interpositis
3528 3778 3755 3846 ait,0ui
3772 3795 3919 3851 ergo

2258 3867 2498 3925 solverit
2527 3882 2711 3922 unum
2728 3866 2799 3922 de
2811 3865 3112 3921 mandatis
3125 3866 3252 3921 istis
3273 3865 3552 3934 minimis,
3570 3872 3625 3923 et
3647 3867 3919 3925 docuerit

2258 3959 2342 4013 sic
2368 3954 2936 4019 homines,minimus
2952 3954 3260 4011 vocabitur
3290 3956 3351 4011 in
3368 3969 3551 4026 regno
3582 3958 3870 4014 caelorum
3898 3979 3920 4015 .-

2259 4046 2362 4117 qui
2386 4051 2582 4101 autem
2604 4042 2815 4112 fecerit
2844 4047 2899 4099 et
2920 4042 3208 4110 docuerit,
3224 4058 3480 4116 magnus
3508 4045 3827 4102 vocabitur
3852 4048 3917 4103 in

2261 4150 2360 4205 reg
2370 4149 2443 4190 no
2468 4134 2769 4189 extorum.
2796 4132 2905 4187 Iste
2919 4147 3062 4203 ergo
3079 4133 3292 4204 poterit
3305 4134 3597 4205 pertinere
3618 4134 3695 4190 ad
3708 4150 3923 4192 nume-

2260 4240 2396 4280 rum
2416 4222 2672 4296 piscium
2705 4236 3087 4291 magnorum.
3119 4222 3395 4278 Minimus
3423 4227 3629 4279 autem
3668 4222 3767 4280 ille
3808 4224 3920 4295 qui

2262 4312 2435 4369 solvit
2460 4311 2626 4367 factis
2651 4310 2818 4384 quod
2836 4310 3240 4379 docetverbis,
3260 4311 3319 4367 in
3338 4311 3436 4369 tali
3453 4311 3710 4369 Ecclesia
3724 4318 3927 4386 potest

2263 4416 2417 4465 esse,
2447 4400 2691 4472 qualem
2710 4397 3012 4468 signiﬁcat
3024 4398 3285 4470 piscium
3310 4399 3507 4471 prima
3526 4399 3627 4456 illa
3645 4407 3922 4473 captura,

2262 4490 2584 4547 habentem
2614 4488 2809 4544 bonos
2840 4492 2896 4544 et
2924 4486 3135 4554 malos,
3163 4487 3311 4559 quia
3338 4494 3395 4545 et
3430 4488 3564 4560 ipsa
3585 4489 3804 4546 dicitur
3830 4506 3926 4547 re-

2263 4594 2449 4651 gnum
2468 4577 2756 4634 ccelorum
2777 4589 2789 4629 :
2808 4583 3047 4649 propter
3061 4577 3228 4648 quod
3239 4577 3648 4644 ait,Simiteest
3666 4594 3922 4650 regnum

2265 4669 2541 4725 caelorum
2568 4679 2802 4736 sagenas
2827 4664 3013 4721 missa:
3042 4667 3102 4721 in
3127 4681 3312 4733 mare,
3335 4672 3389 4723 et
3412 4681 3487 4723 ea:
3520 4669 3686 4724 omni
3703 4683 3924 4738 genere

2264 4754 2681 4826 congreganti‘
2698 4752 3191 4826 (Matth.x1u,47).
3217 4754 3327 4811 Ubi
3341 4754 3726 4826 vultintelligi
3740 4758 3925 4814 etiam

2262 4846 2481 4915 bonos,
2505 4850 2561 4901 et
2588 4843 2814 4911 malos;
2833 4860 2989 4916 quos
3013 4842 3155 4900 dicit
3173 4844 3232 4900 in
3257 4843 3469 4912 littore,
3495 4844 3556 4901 id
3576 4852 3687 4915 est,
3712 4845 3773 4902 in
3801 4845 3922 4903 ﬁne

2263 4935 2459 4991 smculi
2490 4934 2881 5006 separandos.
2905 4933 3167 5005 Denique
3194 4938 3257 4989 ut
3285 4934 3780 4991 ostenderetistos
3805 4936 3922 4991 mi-

2261 5026 2462 5082 nimos
2493 5023 2782 5096 reprobos
2822 5038 2970 5089 esse,
3004 5023 3105 5093 qui
3137 5022 3355 5078 docent
3380 5023 3544 5080 bona
3582 5024 3917 5098 loquendo,

2261 5130 2393 5187 quae
2431 5113 2671 5169 solvunt
2700 5111 2854 5168 male
2884 5111 3161 5177 vivendo,
3191 5126 3301 5166 nec
3329 5112 3507 5183 quasi
3536 5114 3823 5171 minimos
3852 5117 3917 5171 in

2260 5206 2383 5260 vita
2413 5209 2635 5260 aeterna
2659 5202 2913 5266 futuros,
2946 5200 3051 5255 sed
3082 5200 3335 5257 omnino
3378 5200 3461 5257 ibi
3485 5217 3606 5258 non
3632 5202 3867 5261 futuros
3896 5220 3913 5272 ;

2259 5309 2400 5349 cum
2425 5289 2971 5359 dixisset,Minimus
2998 5289 3389 5346 vocabiturin
3412 5305 3594 5361 regno
3611 5293 3923 5359 calorum,

2260 5382 2545 5439 continuo
2559 5379 2827 5452 subjecit,
2838 5377 2981 5436 Dico
2992 5378 3147 5435 enim
3165 5378 3495 5452 vobis,quia
3510 5381 3629 5438 nisi
3647 5382 3923 5441 abunda-

2259 5472 2407 5530 verit
2417 5470 2661 5543 justitia
2680 5475 2867 5527 vestra
2878 5469 3019 5540 plus
3045 5483 3226 5542 quam
3248 5468 3596 5528 Scribarum
3628 5474 3686 5528 et
3707 5471 3928 5531 Phari-

2318 5632 2333 5661 ¹
2368 5630 2525 5703 βάὶιὶ,
2551 5634 2687 5703 et_e_a:
2718 5630 2861 5703 omni
2880 5643 3061 5694 genere
3093 5628 3310 5693 piscium
3335 5630 3688 5696 eongreganti.
3714 5628 3892 5685 Abest

2252 5693 2490 5763 piscium,
2547 5703 2582 5744 a
2608 5693 2741 5749 Mss.
2781 5696 2834 5744 et
2866 5705 2899 5745 a
2926 5705 3130 5760 graeco.
