4182 6198
276 164 454 259 1965

299 342 579 391 satorum,
598 341 718 382 non
734 323 1039 381 intrabitis
1056 324 1120 379 in
1142 339 1391 395 regnum
1418 327 1696 384 caelorum
1725 325 1963 397 (Matth.

301 431 362 484 ν,
373 414 706 488 t'l-20).lllis
721 422 825 470 unt
837 420 1013 478 certe,
1024 412 1247 470 Scribae
1260 418 1317 469 et
1332 414 1633 483 Pharisaei,
1648 416 1751 487 qui
1765 414 1968 471 cathe-

299 505 480 563 dram
496 503 923 577 Moysisedent,
943 506 1002 558 et
1021 502 1096 558 de
1121 502 1341 575 quibus
1363 503 1463 570 ait,
1490 504 1629 571 Quae
1644 504 1851 561 dicunt
1871 505 1967 574 fa-

301 595 420 653 cite
435 606 603 667 ;quai
614 602 812 651 autem
822 592 1083 663 faciunt,
1104 592 1311 661 facere
1334 594 1552 649 nolite:
1576 594 1781 650 dicunt
1810 594 1965 651 enim

298 693 362 744 et
383 701 505 743 non
530 684 771 755 faciunt
801 683 912 753 (Id.
950 699 1111 747 χχιιι,
1130 686 1180 749 2,
1205 684 1259 755 3)
1285 684 1536 740 :docent
1556 684 1960 754 sermonibus,

297 775 471 848 quod
492 774 738 831 solvunt
760 772 1053 829 moribus.
1072 773 1457 844 Consequens
1475 777 1564 828 est
1587 786 1750 843 ergo,
1769 779 1829 828 ut
1857 773 1961 845 qui

295 866 588 922 minimus
617 869 708 920 est
737 863 799 918 in
824 878 1011 934 regno
1030 862 1339 929 ccelorum,
1362 862 1559 935 qualis
1576 878 1736 919 nunc
1753 866 1840 919 est
1867 865 1963 920 Ec-

295 955 631 1020 clesia,non
646 952 1151 1022 intretinregnum
1166 954 1470 1017 caelorum,
1486 953 1683 1024 qualis
1700 957 1873 1007 tunce
1886 951 1963 1006 rit

296 1042 563 1101 Ecclesia
586 1059 600 1109 ;
627 1040 918 1114 quoniam
940 1040 1213 1097 docendo
1235 1040 1400 1111 quod
1422 1039 1620 1105 solvit,
1643 1039 1721 1096 ad
1750 1055 1959 1096 eorum

295 1133 646 1189 societatem
669 1130 771 1203 qui
797 1129 1195 1202 faciuntquod
1211 1129 1446 1195 docent,
1462 1144 1583 1185 non
1601 1129 1920 1201 pertinebit
1941 1145 1954 1184 :

296 1221 506 1277 etideo
526 1235 646 1276 non
669 1220 776 1275 erit
794 1220 854 1275 in
877 1233 1130 1274 numero
1147 1218 1401 1289 piscium
1423 1234 1800 1290 magnorum,
1816 1234 1958 1291 quo-

292 1309 464 1379 niam
495 1308 604 1381 qui
623 1309 838 1378 fecerit
861 1316 915 1365 et
939 1308 1228 1371 docuerit,
1268 1323 1525 1379 magnus
1558 1307 1865 1365 vocabitur
1894 1310 1956 1364 in

295 1413 484 1469 regno
504 1398 810 1455 cartorum.
821 1400 885 1453 Et
900 1397 1045 1469 quia
1057 1396 1151 1451 hic
1165 1412 1423 1468 magnus
1436 1396 1566 1465 erit,
1583 1395 1720 1453 idoo
1732 1396 1813 1453 ibi
1828 1397 1954 1463 erit,

300 1488 404 1543 ubi
437 1486 726 1543 minimus
765 1484 862 1541 ille
893 1501 1016 1541 non
1040 1485 1167 1541 erit.
1204 1486 1395 1557 Usque
1447 1485 1597 1542 adeo
1626 1486 1851 1558 quippe
1876 1485 1958 1544 ibi

297 1576 507 1647 magni
533 1579 725 1640 erunt,
760 1580 823 1630 ut
841 1574 945 1647 qui
972 1573 1170 1630 minor
1189 1574 1272 1629 ibi
1301 1580 1407 1640 est,
1434 1575 1627 1646 major
1649 1576 1723 1630 sit
1747 1589 1819 1631 eo
1834 1590 1958 1646 quo

297 1664 397 1720 hic
442 1678 624 1720 nemo
661 1663 856 1733 major
881 1668 974 1718 est
999 1662 1443 1734 (Id.x1,ll).Sed
1484 1669 1693 1719 tamen
1723 1664 1827 1735 qui
1857 1664 1954 1720 hic

300 1753 509 1823 magni
524 1756 687 1816 sunt,
705 1751 764 1806 id
780 1758 886 1817 est,
901 1752 1005 1824 qui
1018 1753 1077 1807 in
1100 1766 1285 1820 regno
1297 1751 1719 1815 cmlorummbi
1735 1767 1959 1822 sagena

300 1846 632 1911 congregat
648 1839 843 1897 bonos
860 1839 1141 1906 etmalos,
1161 1839 1383 1896 faciunt
1396 1839 1561 1897 bona
1572 1856 1708 1912 quas
1721 1840 1958 1912 docent,

299 1930 417 2001 ipsi
448 1935 619 1987 erunt
641 1930 701 1986 in
722 1929 821 1985 illa
841 1930 1007 2000 regni
1028 1929 1317 1985 coslorum
1334 1930 1659 1987 teternitate
1676 1931 1958 2002 majores,

301 2035 460 2093 quos
486 2019 578 2075 isti
601 2019 677 2076 ad
691 2018 999 2076 dexteram
1028 2024 1084 2075 et
1102 2020 1599 2075 resurrectionem
1633 2022 1762 2076 vitae
1785 2020 1960 2092 perti-

302 2113 516 2165 nentes
544 2108 816 2165 indicant
839 2108 1059 2179 pisces.
1080 2109 1356 2180 Sequitur
1367 2108 1442 2163 de
1454 2109 1709 2180 prandio
1726 2110 1959 2166 Domini

302 2213 445 2254 cum
472 2197 598 2253 istis
619 2204 847 2269 septem
859 2197 1196 2269 discipulis,
1210 2196 1351 2253 etde
1362 2198 1455 2253 his
1472 2214 1607 2271 quas
1634 2204 1768 2270 post
1784 2214 1962 2272 pran-

301 2287 474 2343 dium
500 2287 733 2343 locutus
762 2292 868 2353 est,
901 2302 968 2342 ac
997 2287 1071 2342 de
1113 2286 1305 2357 ipsius
1335 2287 1638 2357 Evangelii
1681 2288 1955 2356 termino,

305 2380 373 2432 ut
398 2378 551 2431 Deus
583 2376 748 2448 quod
778 2375 1089 2433 donaverit
1112 2376 1483 2433 disseramus
1507 2394 1520 2434 :
1548 2377 1655 2432 sed
1688 2376 1804 2434 hoc
1834 2393 1959 2436 non

307 2469 401 2522 est
424 2464 540 2522 isto
571 2480 849 2522 sermone
879 2464 1330 2522 coarctandum.

788 2588 1202 2646 TRACTATUS
1238 2588 1470 2646 CXXIII.

307 2706 394 2762 De
412 2720 475 2761 eo
502 2704 655 2777 quod
677 2705 821 2762 dicit
849 2706 1038 2769 Jesus,
1062 2705 1284 2772 Venite,
1313 2704 1597 2778 prandete
1622 2722 1635 2774 ;
1667 2721 1851 2779 usque
1879 2706 1960 2764 ad

378 2793 461 2865 id,
495 2794 616 2850 Hoc
638 2799 839 2851 autem
869 2793 1034 2862 dixit,
1090 2794 1436 2865 significans
1465 2810 1587 2867 qua
1619 2800 1812 2852 morte
1842 2796 1960 2855 cla-

378 2881 719 2941 riﬁcaturus
748 2889 902 2940 esset
933 2886 1142 2941 Deum.
1175 2885 1324 2953 Cap.
1353 2900 1473 2952 xxx,
1499 2883 1562 2947 ἣν.
1602 2885 1778 2940 12-19.

383 3011 434 3064 1.
451 3009 517 3065 In
545 3024 617 3065 eo
639 3009 798 3081 quod
816 3009 984 3066 tertio
1014 3009 1300 3065 Dominus
1315 3010 1959 3081 postresurrectionem

305 3098 790 3155 manifestavitse
801 3097 1112 3171 discipulis
1128 3098 1433 3169 suis,beati
1446 3099 1693 3154 Joannis
1705 3099 1961 3170 apostoli

303 3187 697 3259 Evangelium
712 3192 1059 3243 terminatur
1075 3205 1087 3244 :
1102 3188 1161 3243 in
1174 3203 1297 3260 quo
1308 3187 1436 3259 jam
1451 3191 1958 3260 pertractavimus,

300 3282 374 3333 ut
400 3276 724 3343 valuimus,
747 3285 982 3349 partem
1004 3278 1282 3349 priorem,
1301 3278 1581 3349 usquead
1602 3293 1738 3334 eum
1756 3277 1959 3334 locum

304 3365 413 3422 ubi
442 3370 853 3422 narratumest
880 3371 1087 3436 captos
1117 3365 1302 3422 fuisse
1324 3367 1515 3438 pisces
1529 3374 1771 3423 centum
1787 3368 1961 3439 quin-

298 3454 593 3528 quaginta
612 3460 730 3510 tres
744 3470 782 3511 a
807 3454 1115 3527 discipulis
1130 3454 1352 3527 quibus
1373 3472 1435 3511 se
1448 3456 1959 3523 demonstravit,et

300 3560 445 3601 cum
464 3543 669 3614 magni
693 3547 913 3609 essent,
945 3546 1090 3601 retia
1111 3560 1234 3601 non
1264 3560 1392 3600 esse
1411 3544 1704 3618 disrupta.
1736 3546 1958 3603 Deinde

301 3648 443 3707 quae
457 3637 792 3706 sequuntur
803 3633 1243 3690 consideranda
1257 3641 1477 3702 sunt,et
1488 3642 1774 3708 quantum
1788 3636 1885 3708 adj
1898 3652 1958 3692 u-

299 3727 404 3779 vat
417 3723 729 3789 Dominus,
745 3724 897 3779 sicut
913 3739 1004 3779 res
1016 3723 1322 3795 postulare
1336 3724 1958 3792 videbitur,disseren-

298 3812 403 3869 da.
435 3815 673 3868 Peracta
695 3811 921 3884 quippe
950 3810 1051 3868 illa
1080 3812 1428 3882 piscatione,
1460 3814 1619 3870 Dicit
1646 3814 1724 3870 eis
1743 3813 1910 3871 Iesus
1934 3832 1956 3871 .-

310 3901 536 3967 Venite,
560 3902 874 3971 prandete.
906 3902 984 3958 Et
1007 3917 1175 3959 nemo
1193 3903 1956 3961 audebatdiscumbentium

300 3991 678 4061 interrogare
705 4005 858 4057 eum,
881 3992 967 4047 Tu
981 3992 1085 4063 qui
1112 3993 1218 4048 es?
1234 3992 1476 4050 scientes
1501 3993 1643 4065 quia
1673 3994 1957 4050 Dominus

300 4086 411 4138 est.
426 4079 483 4135 Si
495 4095 638 4150 ergo
650 4079 1089 4151 sciebant,quid
1111 4097 1264 4153 opus
1285 4088 1410 4138 erat
1424 4088 1483 4137 ut
1495 4082 1957 4153 interrogarent?

302 4168 355 4224 si
385 4173 585 4225 autem
607 4185 731 4226 non
760 4185 914 4242 Opus
934 4174 1082 4240 erat,
1110 4185 1296 4243 quare
1312 4171 1539 4227 dictum
1567 4178 1675 4239 est,
1706 4188 1827 4229 non
1848 4187 1960 4229 au-

302 4258 527 4316 debant
554 4276 572 4330 ;
604 4259 779 4331 quasi
807 4274 962 4331 opus
991 4266 1164 4326 esset,
1202 4261 1308 4317 sed
1338 4262 1547 4318 timore
1608 4261 1810 4334 aliquo
1835 4276 1957 4317 non

304 4347 641 4405 auderent?
663 4350 886 4405 Sensus
901 4363 1043 4418 ergo
1064 4348 1160 4405 hic
1182 4354 1296 4405 est:
1318 4355 1479 4406 tanta
1502 4357 1629 4407 erat
1658 4349 1960 4407 evidentia

304 4437 594 4503 veritatis,
628 4437 1052 4510 qualesusillis
1080 4438 1390 4511 discipulis
1403 4440 1753 4511 apparebat,
1784 4443 1961 4495 uteo—

306 4542 446 4583 rum
487 4540 611 4582 non
644 4526 839 4583 solum
868 4542 1107 4598 negare,
1133 4528 1240 4584 sed
1267 4544 1378 4585 nec
1407 4529 1683 4586 dubitare
1712 4529 1959 4602 quidem

306 4614 469 4671 ullus
493 4615 1075 4688 auderet;quoniam
1099 4618 1145 4672 si
1167 4619 1491 4691 quisquam
1514 4618 1833 4683 dubitaret,
1850 4619 1961 4675 uti-

306 4720 428 4778 que
460 4704 825 4775 interrogare
846 4705 1104 4763 deberet.
1128 4708 1220 4764 Sic
1232 4723 1373 4779 ergo
1400 4708 1628 4764 dictum
1648 4714 1756 4779 est,
1778 4709 1959 4765 Nemo

303 4794 567 4850 audebat
599 4809 732 4850 eum
758 4794 1156 4865 interrogare,
1180 4797 1267 4852 Tu
1285 4800 1418 4867 quis
1440 4812 1495 4853 es
1512 4799 1540 4853 ‘t
1564 4814 1635 4854 ac
1662 4798 1712 4853 si
1739 4798 1960 4854 dicere-

302 4886 422 4947 tur,
449 4885 638 4939 Nemo
667 4882 934 4939 audebat
963 4884 1232 4941 dubitare
1254 4886 1417 4957 quod
1448 4887 1577 4958 ipse
1605 4893 1780 4943 esset.

379 4976 433 5025 2.
452 4971 531 5026 Et
560 4971 715 5028 venit
736 4974 1216 5043 Jesus,etaccipit
1232 4989 1470 5043 panem,
1491 4982 1543 5032 et
1566 4978 1670 5033 dat
1685 4976 1784 5040 eis,
1801 4982 1854 5033 et
1873 4978 1964 5046 pi-

303 5076 459 5118 scem
480 5059 774 5117 similiter.
804 5064 948 5119 Ecce
974 5062 1202 5120 dictum
1227 5070 1319 5120 est
1352 5065 1533 5122 etiam
1547 5065 1694 5138 quid
1710 5066 1966 5138 prande-

305 5149 536 5207 rentzde
548 5164 671 5221 quo
683 5151 941 5222 prandio
953 5152 1179 5225 aliquid
1192 5170 1369 5211 suave
1382 5169 1451 5210 ac
1466 5155 1704 5211 salubre
1717 5156 1965 5212 dicemus

308 5239 570 5303 etnos,si
586 5243 1293 5314 pascatetnos.Superius
1305 5249 1604 5299 narratum
1618 5249 1703 5301 est
1716 5245 1880 5317 quod
1894 5245 1967 5299 is-

309 5328 351 5386 ti
362 5328 511 5384 disci
520 5326 920 5401 puli,quando
933 5330 1371 5388 descenderunt
1382 5334 1441 5388 in
1457 5334 1968 5401 terram,viderunt

307 5433 542 5489 prunas
554 5418 857 5486 positas,et
866 5419 1082 5489 piscem
1097 5422 1601 5492 superpositum,et
1611 5439 1848 5494 panem.
1861 5425 1967 5482 Ubi

310 5524 431 5565 non
464 5512 555 5563 est
579 5507 1030 5581 intelligendum
1060 5510 1244 5568 utiam
1274 5514 1715 5585 superpositum
1744 5530 1964 5586 panem

307 5596 492 5655 fuisse
502 5597 848 5670 prunis,sed
871 5603 1103 5656 tantum
1115 5600 1627 5671 subaudiendum,
1659 5604 1966 5662 Viderunt.

314 5686 489 5765 Quod
516 5684 771 5769 verbum
789 5686 841 5745 si
856 5692 1200 5762 repetamus
1228 5705 1300 5748 eo
1322 5691 1456 5752 loco
1478 5692 1967 5754 ubisubaudien-

1428 191 1860 269 TRACTATUS
1905 192 2150 257 CXXIII.
2195 196 2427 256 CAPUT
2468 196 2617 257 XXI.

3597 205 3735 264 1966
3808 270 3809 279 γ

2073 323 2221 380 dum
2236 325 2430 392 est,ita
2441 328 2631 382 totum
2647 324 2762 381 dici
2775 329 3000 397 potest:
3028 327 3313 385 Viderunt
3326 345 3551 401 prunas
3565 334 3729 404 posi-

2074 418 2186 478 tas,
2211 415 2505 486 etpiscem
2519 416 2983 487 superpositum,
3008 421 3299 489 etpanem
3311 418 3601 476 viderunt.
3632 422 3729 479 Vel

2070 503 2152 560 ita
2174 504 2390 575 potius:
2422 504 2707 561 Viderunt
2723 520 2948 576 prunas
2961 507 3513 580 positas,etpiscem
3528 524 3730 581 super-

2071 593 2360 664 positum,
2388 593 2666 650 viderunt
2677 598 2735 650 et
2749 610 2988 666 panem.
3008 597 3037 649 J
3048 596 3265 653 ubente
3278 596 3459 653 etiam
3475 599 3727 656 Domino

2070 682 2461 739 attuleruntet
2473 684 2546 738 de
2558 683 2828 755 piscibus
2842 700 2997 756 quos
3010 684 3124 757 ipsi
3140 687 3612 759 ceperant:quod
3626 703 3728 744 eos

2067 768 2281 827 fecisse
2328 773 2606 844 quamvis
2640 788 2675 828 a
2696 778 2978 829 narrante
3010 789 3132 828 non
3163 780 3321 831 esset
3349 791 3724 846 expressum,

2066 863 2270 915 tamen
2299 861 2616 917 Dominum
2634 861 2885 931 jussisse
2904 876 3026 917 non
3050 863 3292 919 tacitum
3319 864 3723 921 est.Aitenim:

2065 948 2296 1018 Alferte
2312 949 2385 1005 de
2398 948 2661 1018 piscibus
2678 966 2822 1021 quos
2852 950 3327 1019 apprehendistis
3346 968 3509 1009 nunc
3526 954 3722 1024 (Joan.

2064 1053 2186 1098 χιιι.
2202 1042 2255 1101 9,
2282 1037 2390 1108 10).
2418 1040 2483 1093 Ει
2511 1037 2714 1109 utique
2723 1038 2741 1108 j
2755 1039 2971 1095 ubente
2997 1039 3099 1095 illo
3123 1056 3225 1095 eos
3239 1056 3356 1097 non
3372 1040 3578 1097 fecisse
3591 1044 3726 1114 quis

2064 1126 2269 1182 credat
2295 1126 2323 1182 ‘i
2352 1127 2497 1181 Hinc
2510 1143 2651 1198 ergo
2665 1127 2805 1183 fecit
2819 1128 3141 1198 prandium
3157 1131 3441 1186 Dominus
3458 1131 3569 1186 illis
3583 1147 3688 1203 sep
3703 1159 3727 1175 -

2058 1220 2187 1271 tem
2201 1214 2508 1286 discipulis
2523 1217 2666 1282 suis,
2691 1217 2764 1271 de
2778 1218 2937 1287 pisce
2966 1218 3186 1273 scilicet
3209 1235 3388 1291 quem
3410 1220 3620 1292 prunis
3634 1236 3729 1276 su-

2064 1304 2437 1376 perpositum
2454 1303 2887 1374 viderant,huic
2900 1306 2998 1377 adj
3010 1322 3240 1377 angens
3255 1323 3327 1363 ex
3340 1308 3455 1363 illis
3467 1325 3622 1380 quos
3637 1325 3729 1366 ce-

2065 1397 2294 1464 perant,
2324 1396 2379 1448 et
2411 1392 2485 1449 de
2515 1408 2671 1464 pane
2709 1410 2892 1465 quem
2941 1394 3335 1451 nihilominus
3381 1412 3483 1453 eos
3509 1398 3724 1453 vidisse

2064 1486 2492 1538 narratumest.
2523 1482 2705 1537 Piscis
2720 1499 2912 1547 assus,
2945 1483 3211 1539 Christus
3226 1490 3312 1539 est
3326 1501 3557 1556 passus.
3595 1488 3726 1557 Ipse

2066 1574 2158 1627 est
2177 1575 2234 1626 et
2255 1570 2433 1642 panis
2449 1571 2550 1641 qui
2565 1570 2639 1626 de
2650 1570 2801 1627 caelo
2814 1570 3395 1643 descendit(ld.vr,4l
3412 1574 3451 1644 ).
3481 1576 3623 1629 Huic
3636 1576 3723 1630 in-

2066 1663 2413 1730 corporatur
2429 1657 2685 1716 Ecclesia
2705 1659 2781 1715 ad
2797 1660 3276 1732 participandam
3294 1661 3727 1719 beatitudinem

2069 1748 2764 1819 sempiternam.l’ropter
2775 1748 2941 1820 quod
2953 1748 3171 1805 dictum
3186 1752 3346 1815 est,A
3354 1752 3528 1821 fierte
3538 1752 3605 1807 de
3614 1753 3731 1821 pis-

2068 1836 2874 1907 cibusquosapprehendistis
2889 1853 3050 1894 nunc
3079 1860 3098 1909 ,-
3127 1843 3409 1895 utomnes
3440 1841 3543 1912 qui
3572 1842 3728 1898 hanc

2068 1940 2238 1997 spem
2254 1926 2537 1994 gerimus,
2554 1940 2659 1996 per
2670 1925 2838 1981 illum
2853 1926 3261 1998 septenarium
3275 1943 3596 1985 numerum
3609 1929 3729 1984 dis-

2070 2012 2732 2086 cipulorum,perquem
2746 2015 3432 2086 potesthoclocojnostra
3446 2018 3731 2074 universi-

2069 2107 2160 2159 tas
2173 2101 2417 2173 intelligi
2430 2102 2883 2172 ﬁgurata,tanto
2900 2106 3275 2161 Sacramento
3289 2120 3398 2161 nos
3411 2107 3730 2163 communi-

2069 2206 2205 2248 care
2234 2206 2577 2257 nossemus,
2609 2197 2666 2247 et
2692 2192 2888 2247 eidem
2946 2192 3301 2249 beatitudini
3331 2196 3569 2252 sociari.
3611 2198 3729 2252 Hoc

2068 2280 2303 2336 Domini
2336 2279 2659 2351 prandium
2691 2285 2927 2336 estcum
2957 2281 3267 2353 discipulis
3290 2284 3430 2349 suis,
3462 2284 3537 2340 ad
3563 2284 3729 2355 quod

2066 2371 2321 2426 Joannes
2336 2368 2720 2438 Evangelium
2740 2385 2938 2432 suum,
2967 2385 3107 2426 cum
3130 2370 3377 2427 haberet
3393 2372 3467 2427 de
3493 2372 3724 2429 Christo

2069 2458 2187 2515 alia
2207 2458 2539 2531 multaquaa
2552 2458 3115 2531 diceret,magna,ut
3144 2460 3435 2527 existimo,
3458 2466 3729 2518 etrerum

2080 2562 2442 2617 magnarum
2459 2547 2962 2619 contemplatione
2983 2547 3303 2605 concludit.
3330 2550 3434 2604 Hic
3449 2551 3608 2606 enim
3632 2553 3731 2607 Ec-

2067 2634 2455 2708 clesiaqualis
2470 2636 2529 2691 in
2544 2634 2684 2691 solis
2700 2635 2875 2691 bonis
2889 2635 3091 2693 futura
3110 2644 3219 2703 est,
3235 2637 3606 2707 signiﬁcatur
3621 2655 3727 2711 per

2066 2728 2377 2795 capturam
2409 2727 2649 2780 centum
2672 2724 3116 2797 quinquaginta
3137 2726 3315 2782 trium
3347 2727 3638 2798 piscium;
3672 2732 3728 2785 et

2068 2812 2267 2884 eisqui
2292 2812 2421 2869 haec
2446 2812 2719 2882 credunt,
2748 2818 3013 2885 sperant,
3046 2814 3319 2887 diligunt,
3356 2816 3725 2889 participatio

2068 2904 2248 2958 tantae
2259 2902 2648 2958 beatitudinis
2668 2918 2776 2974 per
2788 2903 2902 2959 hoc
2916 2903 3240 2976 prandium
3253 2904 3722 2963 demonstratur.

2139 2990 2192 3045 3.
2220 2991 2344 3045 Hoc
2359 2992 2493 3060 jam
2523 2990 2714 3056 tertio,
2747 2991 2961 3063 inquit,
2992 2992 3412 3062 manifestatus
3443 3002 3526 3051 est
3557 2996 3725 3053 Jesus

2071 3078 2382 3148 discipulis
2403 3079 2547 3145 suis,
2573 3094 2705 3135 cum
2727 3082 3150 3137 resurrexisset
3175 3098 3211 3138 a
3249 3084 3520 3139 mortuis.
3553 3085 3725 3150 Quod

2068 3181 2191 3222 non
2216 3165 2293 3223 ad
2326 3167 2489 3238 ipsas
2514 3167 3077 3234 demonstrationes,
3113 3169 3220 3224 sed
3252 3170 3329 3227 ad
3360 3171 3488 3227 dies
3509 3173 3724 3230 referre

2067 3255 2755 3326 debemus(idestprimo
2779 3255 3041 3322 die,cum
3069 3259 3322 3312 surrexit
3345 3265 3578 3330 ;etpost
3594 3261 3722 3317 dies

2066 3350 2220 3410 octo,
2240 3343 2486 3417 quando
2503 3343 2833 3416 discipulus
2851 3344 3112 3401 Thomas
3132 3345 3279 3402 vidit
3306 3352 3360 3401 et
3374 3347 3642 3414 credidit,
3667 3355 3724 3407 et

2066 3432 2245 3490 hodie
2257 3433 2503 3506 quando
2517 3434 2630 3489 hoc
2643 3433 2717 3489 de
2735 3433 3152 3505 piscibusfecit
3173 3452 3186 3502 ;
3206 3440 3496 3505 postquot
3518 3440 3720 3491 autem

2064 3521 2195 3579 dies
2225 3522 2280 3578 id
2304 3521 2522 3588 fecerit,
2552 3523 2779 3578 dictum
2802 3538 2921 3578 non
2941 3522 3049 3594 est)
3075 3539 3087 3578 :
3115 3525 3405 3595 namipsn
3420 3524 3612 3595 primo
3626 3524 3722 3580 die

2067 3625 2186 3667 non
2211 3610 2392 3666 semel
2422 3612 2585 3666 visus
2609 3611 2879 3675 est,sicut
2907 3612 3414 3683 Evangelistarum
3445 3612 3721 3671 omnium

2065 3699 2406 3755 testimonia
2434 3699 2652 3756 collata
2675 3700 3121 3756 demonstrant:
3152 3702 3277 3765 sed,
3313 3702 3464 3760 sicut
3492 3700 3720 3759 dictum

2064 3787 2507 3854 est,secundum
2527 3788 2652 3843 dies
2668 3788 3049 3844 numerandus
3065 3794 3200 3845 sunt
3215 3789 3721 3849 manifestationes

2065 3876 2216 3947 ejus,
2250 3881 2314 3932 ut
2342 3876 2457 3931 ista
2483 3876 2777 3949 sittertia;
2802 3877 2995 3949 prima
3011 3879 3234 3951 quippe
3266 3880 3552 3936 habenda
3578 3880 3653 3936 sit
3676 3883 3716 3949 ί,

2063 3965 2396 4037 eademque
2417 3980 2537 4020 una
2552 3970 2792 4037 propter
2820 3983 3007 4022 unum
3032 3967 3720 4042 diem,quotiescumque

2065 4070 2126 4109 se
2156 4058 2211 4109 et
2240 4053 2744 4126 quibuscumque,
2770 4055 2865 4110 die
2890 4054 2987 4112 illo
3006 4072 3128 4129 quo
3159 4058 3497 4124 resurrexit,
3527 4064 3719 4115 osten-

2065 4142 2191 4208 dit;
2219 4142 2484 4198 secunda
2508 4148 2640 4215 post
2671 4144 2797 4198 dies
2816 4150 2969 4209 octo,
3006 4152 3059 4200 et
3077 4147 3200 4200 haec
3224 4147 3413 4213 tertia,
3435 4148 3719 4203 etdeinde

2065 4233 2299 4304 quoties
2322 4231 2501 4288 voluit
2532 4248 2722 4304 usque
2753 4233 2830 4289 ad
2848 4234 3004 4289 diem
3023 4234 3575 4306 quadragesimum,
3596 4252 3720 4306 quo

2068 4320 2406 4378 ascenditin
2435 4321 2969 4393 caelum,quamvis
2984 4338 3103 4377 non
3119 4324 3335 4394 scripta
3361 4323 3718 4380 sintomnia.

2136 4413 2188 4465 4.
2226 4429 2253 4461 ‹‹
2285 4412 2433 4466 Cum
2466 4425 2608 4479 ergo
2643 4411 3048 4481 prandissent,
3078 4410 3217 4465 dicit
3248 4411 3481 4465 Simoni
3516 4413 3710 4467 Petro.

2069 4498 2270 4554 Simon
2284 4498 2550 4563 Joannis,
2580 4498 2779 4569 diligis
2796 4513 2890 4552 me
2916 4497 3049 4569 plus
3064 4496 3200 4553 his?
3222 4499 3369 4553 Dicit
3396 4499 3482 4553 ei:
3510 4499 3715 4563 Etiam,

2070 4586 2341 4651 Domine,
2366 4590 2426 4640 tu
2461 4585 2577 4641 scis
2607 4586 2746 4657 quia
2768 4600 2907 4639 amo
2940 4591 3012 4640 te.
3034 4585 3183 4640 Dicit
3213 4585 3263 4640 ei
3294 4588 3505 4642 :Pasce
3531 4603 3722 4656 agnos

2070 4691 2257 4731 meos.
2294 4674 2435 4729 Dicit
2466 4674 2517 4729 ei
2546 4674 2797 4729 iterum:
2832 4674 3034 4729 Simon
3060 4675 3327 4733 Joannis.
3366 4676 3559 4745 diligis
3592 4680 3725 4734 me?

2069 4765 2159 4819 Ait
2192 4762 2270 4818 illi
2300 4779 2311 4816 :
2341 4763 2547 4827 Etiam,
2581 4761 2845 4826 Domine,
2878 4767 2938 4817 tu
2970 4764 3081 4818 scis
3126 4764 3267 4835 quia
3298 4781 3437 4820 amo
3471 4771 3541 4821 te.
3576 4766 3725 4823 Dicit

2070 4852 2122 4908 ei
2146 4875 2159 4908 :
2182 4854 2359 4907 Pasce
2385 4866 2577 4921 agnos
2609 4868 2790 4907 meos.
2824 4852 2964 4907 Dicit
2995 4854 3044 4908 ei
3076 4854 3245 4909 tertio
3274 4873 3287 4920 ;
3328 4855 3525 4910 Simon
3554 4857 3727 4912 Joan-

2072 4941 2183 5006 nis,
2216 4957 2388 4997 amas
2409 4941 2545 4998 me?
2563 4940 2951 4997 Contristatus
2974 4947 3061 4997 est
3090 4946 3310 5009 Petrus,
3335 4943 3480 5015 quia
3510 4944 3656 4998 dixit
3675 4943 3727 4998 ei

2074 5031 2263 5096 tertio,
2292 5035 2471 5087 Amas
2494 5030 2627 5086 me?
2648 5030 2855 5086 etdicit
2882 5031 2932 5087 ei
2964 5047 2976 5086 :
3006 5032 3275 5100 Domine,
3292 5039 3353 5087 tu
3375 5033 3578 5087 omnia
3592 5033 3727 5100 scis,

2073 5123 2139 5175 tu
2171 5121 2289 5176 scis
2337 5120 2482 5192 quia
2522 5136 2659 5175 amo
2691 5124 2764 5176 te.
2804 5120 2945 5175 Dicit
2998 5120 3048 5175 ei
3081 5137 3092 5174 :
3130 5122 3314 5175 Pasce
3363 5137 3508 5175 oves
3542 5137 3726 5176 meas.

2075 5210 2284 5271 Amen.
2302 5224 2478 5264 amen
2492 5209 2624 5263 dico
2641 5208 2742 5263 tibi
2762 5228 2773 5276 ;
2792 5224 2919 5263 cum
2939 5210 3136 5279 essesj
3152 5208 3638 5278 unior,cingebas
3655 5214 3729 5276 te,

2077 5301 2135 5353 et
2156 5296 2516 5352 ambulabas
2531 5296 2631 5351 ubi
2654 5296 2898 5351 volebas
2921 5313 2933 5350 :
2953 5312 3088 5350 cum
3109 5303 3309 5352 autem
3333 5296 3734 5361 senueris,ex-

2079 5384 2285 5443 tendes
2306 5400 2522 5439 manus
2539 5388 2692 5450 tuas,
2707 5390 2764 5440 et
2785 5383 2936 5439 alius
2958 5389 3009 5439 te
3029 5384 3243 5453 cinget,
3260 5390 3316 5440 et
3341 5384 3653 5457 ducetquo
3668 5390 3732 5442 tu

2080 5490 2202 5531 non
2217 5473 2453 5529 vis.Hoc
2473 5477 2672 5528 autem
2685 5471 3199 5540 dixit,signiﬁcaus
3211 5489 3335 5545 qua
3359 5479 3546 5531 morte
3564 5474 3707 5531 clari
3719 5506 3733 5517 -

2080 5564 2365 5620 ﬁcaturus
2390 5566 2543 5617 esset
2564 5564 2747 5617 Deum
2771 5580 2821 5614 ».
2846 5562 3010 5616 Hunc
3030 5560 3494 5621 invenitexitum
3515 5563 3611 5621 ille
3636 5580 3737 5622 uer

2143 5708 2163 5741 ι
2188 5704 2302 5765 Est.
2324 5704 2485 5771 juxta
2514 5705 2599 5756 Er.
2628 5703 2802 5770 Lugd.
2824 5707 2877 5756 et
2906 5704 3045 5758 Ven.
3108 5704 3181 5757 Μ.
