4182 6198
462 194 599 249 1967
1436 181 1508 236 ΙΝ
1546 179 1840 236 JOANNIS
1882 177 2361 249 EVANGELIUM,
2402 177 2465 237 S.
2504 175 2885 235 AUGUSTINI
3737 173 3874 231 l968

462 321 651 388 gator,
683 317 737 369 et
792 316 1025 368 amator
1060 325 1073 375 ;
1104 303 1523 381 praesumendo
1571 304 1779 370 elatus,
1830 303 2109 373 negando

462 406 813 479 prostratus,
843 398 1041 454 ﬂendo
1078 402 1392 469 purgatus,
1424 393 1766 449 conﬁtendo
1796 393 2109 464 probatus,

466 491 749 567 patiendo
779 492 1101 545 coronatus
1129 503 1145 541 :
1177 486 1339 541 hunc
1364 482 1585 539 invenit
1614 482 1859 551 exitum,
1914 488 1975 537 ut
2004 497 2112 554 pro

467 584 595 653 ejus
608 579 850 636 nomine
864 575 1121 648 perfecta
1134 574 1445 629 dilectione
1464 576 1809 637 moreretur,
1842 587 1977 625 cum
1990 586 2113 642 quo

469 687 529 727 se
553 670 905 726 moriturum
924 679 1199 735 perversa
1220 661 1594 718 festinatione
1615 660 1988 732 promiserat.
2016 661 2116 715 Fa-

468 760 585 816 ciat
612 758 741 828 ejus
773 752 1195 810 resurrectione
1244 750 1537 814 ﬁrmatus,
1593 750 1748 820 quod
1795 750 2115 804 immature

468 845 861 921 pollicebatur
880 842 1175 897 inﬁrmus.
1194 842 1305 894 Hoc
1328 839 1484 893 enim
1510 838 1840 909 oportebat,
1875 838 2115 909 utprius

469 937 730 992 Christus
758 948 866 1004 pro
894 929 1041 986 Petri
1067 929 1281 994 salute,
1300 926 1517 981 deinde
1544 926 1746 980 Petrus
1769 941 1877 997 pro
1906 926 2117 982 Christi

465 1024 890 1100 praedicatione
904 1018 1695 1087 moreretur.Praeposterum
1710 1014 1991 1086 fuitquod
2007 1030 2118 1071 au-

467 1115 604 1169 dere
623 1116 883 1183 coeperat
904 1110 1173 1164 humana
1202 1106 1523 1169 temeritas,
1544 1120 1680 1159 cum
1711 1104 1893 1159 istum
1920 1104 2117 1176 dispo-

469 1203 684 1259 suisset
709 1199 982 1255 ordinem
1011 1196 1238 1252 veritas.
1274 1195 1550 1250 Animam
1582 1208 1754 1247 suam
1801 1209 1861 1246 se
1891 1194 2121 1264 positu.

467 1309 599 1349 rum
625 1306 733 1363 pro
754 1288 980 1345 Christo
1010 1290 1211 1341 Petrus
1238 1283 1489 1355 putabat
1510 1282 1704 1352 (Joan.
1730 1297 1845 1346 xm,
1880 1284 2116 1354 37),pro

464 1382 780 1438 liberatore
808 1374 1157 1431 liberandus
1185 1390 1199 1439 ;
1230 1389 1367 1427 cum
1400 1372 1660 1425 Christus
1692 1370 1949 1425 venisset
1981 1371 2115 1426 ani-

467 1486 632 1525 mam
646 1483 818 1523 suam
834 1465 1138 1536 positurus
1165 1477 1273 1533 pro
1300 1461 1419 1514 suis
1437 1460 1722 1515 omnibus
1750 1460 1791 1523 ¹,
1817 1460 1875 1514 in
1889 1459 2114 1530 quibus

464 1564 594 1614 erat
622 1551 1105 1624 etPetrus;quod
1124 1566 1260 1605 ecce
1282 1550 1409 1620 jam
1437 1548 1660 1604 factum
1674 1553 1782 1604 est.
1814 1548 2116 1619 Nuncjam

466 1646 722 1701 ﬁrmitas
740 1642 937 1698 cordis
960 1641 1037 1696 ad
1068 1638 1511 1709 suscipiendam
1530 1641 1780 1692 mortem
1805 1653 1912 1709 pro
1927 1638 2117 1694 nomi-

466 1751 539 1789 ne
568 1732 804 1789 Domini
833 1746 976 1785 vera
1006 1730 1136 1800 ipso
1170 1729 1428 1782 donante
1482 1731 1774 1791 sumatur,
1809 1741 1931 1781 non
1965 1726 2117 1783 falsa

448 1820 640 1880 nobis
653 1820 986 1877 errantibus
1004 1817 1591 1888 praesumaturJ‘lunc
1616 1819 1777 1869 estut
1793 1816 1921 1870 vitae
1935 1814 2116 1885 hujus

462 1928 587 1969 non
614 1915 955 1966 metuamus
980 1907 1310 1971 interitum;
1335 1903 1481 1975 quia
1494 1908 1839 1973 resurgente
1865 1904 2115 1959 Domino

462 2003 593 2057 vitae
623 1999 862 2055 alterius
896 1995 1195 2067 praesersit
1218 1992 1591 2063 exemplum.
1612 1994 1776 2047 Nunc
1793 1997 1902 2061 est,
1926 1994 2112 2058 Petre,

464 2098 529 2146 ut
552 2094 805 2145 mortem
836 2101 957 2141 non
989 2083 1200 2139 timeas
1222 2101 1239 2153 ;
1260 2081 1401 2152 quia
1426 2081 1570 2136 vivit
1600 2097 1781 2152 quem
1808 2089 2116 2137 mortuum

463 2178 797 2246 dolebas,et
821 2190 1003 2247 quem
1018 2189 1123 2245 pro
1151 2171 1324 2226 nobis
1352 2170 1501 2226 mori
1520 2168 1742 2225 carnali
1765 2185 1969 2225 amore
1983 2187 2118 2243 pro-

462 2268 713 2324 hibebas
743 2263 980 2336 (Matth.
1013 2278 1132 2327 xv1,
1183 2260 1271 2329 21,
1304 2262 1415 2329 22).
1466 2265 1660 2314 Ausus
1693 2274 1755 2313 es
1789 2260 2115 2330 praevenire

462 2351 1125 2421 ductorem,formidasti
1139 2350 1189 2422 ej
1204 2366 1271 2404 us
1287 2355 1725 2420 persecutorem
1750 2364 1763 2402 ε
1773 2349 1901 2419 jam
1928 2349 2116 2420 pretio

465 2463 574 2517 pro
604 2452 656 2501 te
676 2444 835 2507 fuso,
866 2457 1028 2497 nunc
1057 2448 1145 2494 est
1178 2444 1239 2494 ut
1271 2438 1542 2509 sequaris
1574 2442 1929 2508 emptorem,
1956 2444 2009 2493 et
2030 2454 2117 2493 se-

463 2536 668 2607 quaris
684 2534 932 2588 omnino
962 2543 1151 2600 usque
1172 2528 1250 2583 ad
1272 2532 1525 2581 mortem
1538 2527 1746 2581 crucis.
1780 2527 1969 2581 Verba
1987 2527 2116 2597 ejus

464 2622 703 2686 audisti,
736 2635 919 2691 quem
941 2619 1070 2688 jam
1093 2631 1365 2671 veracem
1396 2613 1663 2684 probasti
1686 2629 1699 2680 ;
1720 2621 2117 2684 passurumte

464 2712 590 2782 ipse
620 2708 913 2781 praedixit,
945 2706 1050 2776 qui
1075 2712 1125 2759 te
1155 2704 1515 2775 praedixerat
1540 2707 1920 2770 negaturum.

536 2799 589 2853 5.
612 2796 725 2854 Sed
737 2797 901 2868 prius
928 2793 1215 2848 Dominus
1231 2790 1399 2861 quod
1411 2789 1635 2844 sciebat
1654 2790 2120 2860 interrogat,nec

468 2886 670 2951 semel,
704 2885 1035 2939 sediterum
1055 2897 1124 2937 ac
1152 2881 1335 2945 tertio,
1372 2886 1570 2934 utrum
1595 2881 1795 2934 Petrus
1817 2896 1953 2935 eum
1982 2880 2120 2935 dili-

467 2980 570 3046 gat
587 2994 605 3046 ;
636 2989 741 3029 nec
772 2972 935 3028 aliud
965 2972 1130 3027 toties
1158 2969 1325 3025 audit
1352 2984 1389 3023 a
1416 2970 1599 3031 Petro,
1618 2984 1801 3039 quam
1835 2984 1895 3024 se
1921 2969 2118 3040 diligi;

468 3080 579 3120 nec
609 3062 773 3119 aliud
794 3061 965 3117 toties
996 3057 1383 3114 commendat
1408 3060 1594 3124 Petro,
1616 3072 1804 3127 quam
1827 3073 1966 3113 suas
1979 3074 2122 3113 oves

471 3152 662 3227 pasci.
696 3149 976 3206 Redditur
999 3147 1299 3219 negationi
1318 3147 1485 3202 trinae
1516 3147 1667 3201 trina
1693 3145 2012 3211 confessio,
2043 3163 2121 3203 no

472 3243 672 3299 minus
686 3240 875 3297 amori
890 3238 1094 3310 lingua
1106 3237 1324 3293 serviat
1339 3252 1523 3308 quam
1540 3236 1806 3299 timori,et
1817 3236 1951 3307 plus
1965 3237 2125 3291 vocis

472 3332 742 3390 elicuisse
768 3329 1038 3385 videatur
1062 3342 1227 3382 mors
1246 3326 1589 3391 imminens,
1618 3340 1804 3395 quam
1836 3326 1954 3379 vita
1979 3341 2126 3397 prae-

473 3437 632 3478 sens.
662 3419 747 3475 Sit
766 3418 989 3474 amoris
1018 3416 1305 3480 ofﬁcium,
1331 3429 1575 3486 pascere
1598 3413 1972 3469 dominicum
2001 3429 2127 3482 gre-

472 3526 608 3581 gem
620 3511 712 3582 ﬁsi
730 3509 838 3565 fuit
865 3505 1094 3562 timoris
1111 3505 1648 3572 indicium,negare
1671 3507 1995 3573 pastorem.
2012 3504 2055 3568 Ο
2068 3503 2124 3558 ui

470 3601 586 3657 hoc
619 3600 821 3655 animo
853 3601 1109 3668 pascunt
1128 3609 1271 3650 oves
1295 3592 1529 3658 Christi,
1554 3596 1616 3647 ut
1645 3608 1785 3647 suas
1810 3592 2125 3647 velintesse

472 3705 595 3745 non
618 3688 847 3756 Christi,
879 3701 941 3741 se
958 3685 1395 3741 convincuntur
1407 3697 1631 3747 amare,
1652 3696 1771 3736 non
1791 3681 2121 3747 Christum;

474 3778 563 3833 vel
592 3775 908 3847 gloriandi,
934 3774 1027 3829 vel
1052 3772 1427 3836 dominandi,
1462 3772 1553 3826 vel
1583 3770 1935 3843 acquirendi
1960 3770 2124 3841 cupi-

472 3866 675 3928 ditate,
700 3880 819 3919 non
835 3862 1154 3917 obediendi
1169 3867 1223 3915 et
1241 3860 1700 3915 subveniendiet
1715 3863 1829 3915 Deo
1844 3858 2122 3930 placendi

472 3952 778 4006 charitate.
814 3952 1027 4005 Contra
1065 3951 1178 4005 hos
1213 3964 1355 4018 ergo
1392 3948 1594 4017 vigilat
1626 3952 1794 4004 toties
1826 3949 2124 4004 inculcata

472 4042 583 4096 ista
595 4055 711 4095 vox
740 4038 967 4103 Christi,
994 4053 1142 4109 quos
1162 4036 1479 4107 Apostolus
1493 4039 1677 4105 gemit
1704 4054 1812 4093 sua
1833 4053 2118 4109 quaerere,

469 4146 593 4186 non
618 4145 752 4202 quae
781 4127 919 4183 Jesu
937 4126 1144 4183 Christi
1168 4126 1453 4197 (Philipp.
1487 4141 1546 4190 ll,
1575 4127 1688 4197 2t).
1708 4130 1857 4183 Nam
1873 4128 2122 4200 quidest

467 4219 652 4285 aliud,
679 4218 894 4288 Diligis
923 4214 1059 4272 me?
1086 4230 1265 4285 pasce
1279 4230 1410 4271 oves
1444 4230 1625 4285 meas,
1658 4232 1845 4287 quam
1879 4216 1929 4271 si
1959 4214 2122 4271 dice-

461 4309 716 4375 retur,Si
753 4324 845 4363 me
871 4305 1086 4377 diligis,
1122 4310 1310 4361 nonte
1337 4320 1578 4376 pascere
1595 4305 1826 4372 cogita:
1854 4306 1960 4359 sed
1974 4322 2118 4361 oves

466 4414 649 4463 meas,
685 4399 836 4453 sicut
871 4412 1035 4452 meas
1068 4411 1269 4467 pasce,
1309 4410 1431 4450 non
1480 4394 1633 4449 sicut
1667 4400 1825 4459 tuas;
1859 4394 2115 4463 gloriam

466 4504 661 4545 meam
692 4488 747 4542 in
782 4486 865 4543 eis
894 4500 1114 4557 quaere,
1142 4499 1263 4540 non
1287 4491 1450 4540 tuam
1487 4499 1500 4549 ;
1528 4483 1865 4539 dominium
1885 4499 2112 4552 meum,

458 4592 580 4632 non
614 4584 814 4642 tuum;
856 4576 1022 4631 lucra
1046 4590 1204 4638 mea,
1260 4589 1382 4629 non
1434 4579 1566 4639 tua;
1601 4589 1674 4628 ne
1705 4572 1784 4627 sis
1813 4572 1873 4627 in
1903 4587 2113 4629 eorum

458 4666 734 4720 societate
760 4664 863 4735 qui
899 4664 1189 4735 pertinent
1212 4665 1287 4719 ad
1305 4662 1935 4735 temporapericulosa,
1962 4663 2113 4733 seip-

456 4768 556 4808 sos
587 4760 879 4818 amantes,
907 4758 961 4808 et
990 4760 1206 4808 caetera
1258 4768 1390 4824 quae
1420 4752 1560 4807 huic
1617 4752 1911 4808 malorum
1938 4751 2106 4808 initio

452 4842 923 4897 connectuntur?
945 4846 1091 4897 Cum
1105 4842 1263 4897 enim
1279 4841 1911 4911 dixissetApostolus,l
1931 4844 2110 4897 Erunt

450 4930 611 4987 enim
633 4929 905 4986 homines
927 4930 1150 5001 seipsos
1166 4936 1469 4996 amantes;
1500 4950 1522 4979 υ
1552 4936 1789 4985 secutus
1806 4929 2104 5000 adjunxit,

450 5040 479 5073 ‹‹
510 5025 821 5076 Amatores
845 5020 1134 5091 pecuniae,
1158 5018 1314 5084 elati,
1340 5019 1605 5090 superbi,
1629 5019 1982 5089 blasphemi,
2004 5035 2104 5090 pa-

440 5112 710 5168 rentibus
737 5124 859 5165 non
873 5108 1483 5179 obedientes,ingrati,
1502 5108 1745 5175 scelesti,
1762 5106 2098 5178 irreligiosi,

439 5201 564 5256 sine
588 5200 920 5263 affectione,
937 5200 1322 5265 detractores,
1349 5197 2089 5264 incontinentes,immites,

440 5290 565 5344 sine
597 5290 978 5360 benignitate,
1008 5288 1362 5362 proditores,
1393 5303 1691 5359 procaces,
1728 5288 1953 5351 caecati,
1994 5304 2099 5344 vo-

436 5375 734 5448 luptatum
755 5386 1054 5437 amatores
1078 5380 1268 5451 magis
1282 5394 1469 5452 quam
1482 5378 1582 5433 Dei
1609 5396 1623 5445 ;
1651 5378 1941 5434 habentes
1964 5396 2095 5450 spe-

436 5464 589 5521 ciem
613 5469 864 5538 pietatis,
894 5470 1172 5527 virtutem
1197 5476 1399 5526 autem
1424 5468 1554 5541 ejus
1574 5469 1944 5542 abnegantes
1968 5488 1996 5523 »
2023 5468 2093 5542 (ll

492 5676 510 5711 ί
540 5674 658 5728 Duo
689 5676 837 5739 Mss,
859 5693 956 5742 pro
985 5679 1090 5741 suis
1120 5678 1331 5741 auibus.

2226 305 2371 360 Tim.
2394 321 2473 368 Ill,
2507 304 2640 373 1.5).
2676 304 2808 358 Haec
2837 300 3044 357 omnia
3095 298 3254 354 mala
3283 299 3360 355 ab
3391 314 3462 356 eo
3493 299 3655 356 velut
3708 300 3876 356 fonte

2220 399 2486 457 manant,
2506 392 2667 465 quod
2689 390 2949 463 primum
2971 389 3185 460 posuit,
3218 388 3433 458 seipsos
3454 394 3742 446 amantes.
3762 391 3878 446 Me-

2218 483 2327 538 rito
2353 483 2565 537 dicitur
2592 482 2779 546 Petro,
2812 478 3028 549 Diligis
3060 492 3150 533 me
3193 478 3220 531 ‘I
3253 483 3309 532 et
3334 481 3679 549 respondet,
3719 480 3873 535 Amo

2221 578 2309 637 te;
2327 571 2499 642 eique
2512 568 2778 633 refertur,
2797 566 2978 623 Pasce
2998 581 3184 636 agnos
3203 581 3357 622 meos
3372 581 3396 622 .'
3418 572 3475 622 et
3493 567 3608 623 hoc
3632 568 3874 634 iterum,

2218 659 2333 715 hoc
2346 657 2644 715 tertio.Ubi
2659 656 2837 712 etiam
2851 656 3298 711 demonstratur
3312 670 3497 710 unum
3518 662 3698 728 atque
3711 656 3878 712 idem

2221 764 2353 803 esse
2385 762 2651 803 amorem
2674 751 2728 801 et
2753 744 3164 800 dilectionem:
3199 759 3341 799 nam
3368 745 3549 801 etiam
3584 746 3875 801 Dominus

2223 836 2546 892 novissime
2562 850 2678 890 non
2706 834 2804 898 ait,
2838 832 3048 902 Diligis
3075 847 3208 902 me;
3235 831 3361 897 sed,
3390 834 3560 889 Amas
3591 849 3674 890 me
3697 832 3726 887 ‘i
3744 837 3879 890 Non

2222 941 2362 995 ergo
2392 941 2520 991 nos,
2555 924 2659 979 sed
2686 923 2884 993 ipsum
2915 935 3228 987 amemus;
3256 926 3313 975 et
3332 921 3393 975 in
3414 922 3734 992 pascendis
3751 924 3880 979 ovi-

2224 1014 2338 1070 bus
2370 1014 2501 1084 ejus
2531 1028 2602 1067 ea
2622 1027 2756 1083 qum
2778 1014 2916 1065 sunt
2944 1012 3230 1080 ejus,non
3260 1024 3333 1064 ea
3348 1025 3485 1080 quas
3517 1016 3655 1065 sunt
3674 1019 3882 1070 nostra

2224 1118 2589 1176 quaeramus.
2623 1098 2832 1155 Nescio
2863 1114 2986 1170 quo
3039 1098 3199 1153 enim
3228 1098 3635 1170 inexplicabili
3668 1102 3875 1168 modo,

2223 1201 2497 1275 quisquis
2528 1200 2818 1270 seipsum,
2852 1212 2974 1252 non
3008 1195 3195 1251 Deum
3225 1202 3412 1263 amat,
3446 1212 3566 1252 non
3590 1214 3655 1253 se
3681 1205 3878 1269 amat;

2224 1289 2567 1362 etquisquis
2596 1289 2805 1353 Deum,
2821 1301 2944 1341 non
2971 1284 3238 1356 seipsum
3258 1291 3441 1351 amat,
3460 1286 3589 1359 ipse
3612 1303 3674 1343 se
3692 1296 3880 1346 amat.

2224 1380 2331 1445 Qui
2356 1379 2514 1433 enim
2546 1392 2667 1433 non
2696 1380 2887 1447 potest
2914 1375 3107 1429 vivere
3129 1374 3204 1429 de
3257 1390 3339 1440 se,
3374 1377 3627 1432 moritur
3675 1380 3880 1450 utique

2224 1466 2488 1525 amando
2503 1482 2565 1521 se
2591 1481 2737 1520 :non
2763 1479 2905 1534 ergo
2932 1479 2993 1518 se
3006 1468 3191 1529 amat,
3219 1463 3322 1534 qui
3341 1480 3413 1519 ne
3444 1466 3678 1521 vivatse
3691 1473 3880 1525 amat.

2224 1560 2369 1614 Cum
2399 1570 2541 1611 vero
2579 1554 2673 1610 ille
2703 1552 2967 1623 diligitur
2986 1552 3060 1607 de
3084 1567 3207 1624 quo
3240 1552 3480 1618 vivitur,
3502 1569 3625 1609 non
3658 1571 3720 1612 se
3751 1556 3883 1612 dili-

2222 1644 2419 1716 gendo
2452 1644 2645 1716 magis
2677 1642 2887 1712 diligit,
2920 1642 3023 1713 qui
3065 1646 3381 1712 propterea
3411 1657 3535 1698 non
3576 1658 3642 1698 se
3667 1644 3880 1715 diligit,

2223 1741 2287 1791 ut
2307 1750 2444 1790 eum
2476 1732 2687 1802 diligat
2714 1733 2788 1786 de
2817 1746 2934 1802 quo
2964 1731 3125 1785 vivit.
3178 1732 3309 1786 Non
3341 1731 3459 1785 sint
3487 1746 3627 1803 ergo
3660 1733 3883 1804 seipsos

2221 1829 2488 1881 amantes
2501 1822 2601 1894 qui
2619 1827 2872 1893 pascunt
2891 1834 3036 1875 oves
3062 1818 3299 1885 Christi,
3315 1835 3387 1875 ne
3408 1824 3703 1892 tanquam
3717 1839 3885 1895 suas,

2223 1914 2328 1968 sed
2357 1918 2650 1983 tanquam
2682 1909 2873 1981 ipsius
2900 1923 3001 1963 eas
3033 1913 3317 1979 pascant;
3348 1913 3403 1963 et
3438 1909 3619 1965 velint
3672 1927 3741 1967 ex
3770 1912 3882 1967 illis

2224 2002 2516 2057 sualucra
2544 1999 2914 2070 conquirere,
2946 1997 3099 2053 sicut
3118 2004 3413 2054 amatores
3441 2000 3709 2067 pecunia
3744 2018 3764 2067 ;
3792 2002 3883 2058 vel

2223 2094 2308 2147 eis
2338 2088 2825 2153 dominari,sicut
2854 2087 3001 2143 elati
3021 2107 3045 2155 ,-
3069 2086 3158 2140 vel
3181 2086 3421 2156 gloriari
3444 2088 3514 2143 de
3535 2087 3879 2146 honoribus

2221 2196 2375 2253 quos
2406 2180 2483 2234 ab
2514 2178 2597 2233 eis
2627 2181 2891 2242 sumunt,
2923 2176 3071 2231 sicut
3117 2175 3352 2245 superbi
3377 2188 3400 2246 ,'
3428 2177 3519 2231 vel
3549 2177 3609 2232 in
3643 2183 3877 2236 tantum

2225 2268 2505 2341 progredi
2532 2271 2594 2322 ut
2608 2267 2782 2322 etiam
2797 2264 3306 2336 haeresesfaciant,
3336 2265 3488 2321 sicut
3511 2266 3844 2337 blasphemi
3860 2285 3881 2324 :

2223 2374 2333 2414 nec
2363 2357 2577 2413 cedant
2606 2356 2827 2410 sanctis
2854 2354 3149 2425 patribus,
3185 2354 3336 2409 sicut
3376 2358 3727 2423 parentibus
3756 2374 3875 2414 non

2223 2447 2581 2509 obedientes;
2608 2450 2664 2499 et
2684 2444 2766 2499 eis
2791 2442 3038 2514 quiillos
3068 2443 3364 2513 corrigere
3390 2444 3589 2499 volunt
3613 2445 3760 2516 quia
3776 2463 3881 2518 pe-

2223 2539 2336 2592 rire
2366 2536 2598 2597 nolunt,
2622 2532 2781 2588 mala
2806 2548 2915 2603 pro
2933 2531 3109 2587 bonis
3132 2532 3402 2597 reddant,
3420 2532 3565 2589 sicut
3592 2534 3831 2604 ingrati
3860 2554 3884 2593 :

2223 2633 2579 2691 interﬁciant
2607 2630 2843 2686 animas
2860 2635 2916 2685 et
2945 2644 3085 2685 suas
3103 2634 3159 2685 et
3184 2630 3432 2697 alienas,
3450 2630 3594 2686 sicut
3613 2634 3877 2706 scelesti;

2226 2729 2498 2781 materna
2524 2721 2793 2776 Ecclesiae
2814 2720 3039 2776 viscera
3067 2720 3375 2791 dissipent,
3402 2722 3555 2777 sicut
3582 2721 3883 2794 irreligio-

2224 2816 2280 2871 si
2301 2831 2319 2881 ;
2352 2828 2474 2869 non
2504 2811 2948 2883 compatiantur
2969 2808 3239 2875 inﬁrmis,
3272 2811 3422 2867 sicut
3448 2811 3574 2868 sine
3612 2813 3884 2882 affectio-

2227 2902 2599 2974 ne;famam
2630 2907 2977 2956 sanctorum
3026 2899 3330 2955 maculare
3376 2908 3689 2971 conentur,
3726 2902 3884 2962 sicut

2228 2995 2586 3051 detractores
2605 3007 2627 3053 ;
2653 2988 3005 3059 cupiditates
3019 2989 3307 3059 pessimas
3323 3003 3445 3045 non
3457 2989 3781 3062 refrenent,
3804 2993 3883 3048 si-

2231 3088 2330 3138 cut
2352 3079 2783 3136 incontinentes
2812 3099 2832 3146 ;
2863 3082 3180 3132 exerceant
3209 3077 3359 3144 lites,
3394 3078 3545 3133 sicut
3578 3080 3836 3137 immites
3861 3094 3883 3147 ;

2230 3171 2498 3227 nesciant
2531 3167 2871 3234 subvenire,
2886 3166 3173 3221 sicutsine
3203 3166 3888 3239 benegnitate;indicent

2231 3258 2486 3315 inimicis
2516 3256 2755 3328 piorum
2768 3271 2897 3326 quae
2919 3254 3275 3311 occultanda
3298 3258 3705 3326 cognoverint,
3733 3261 3890 3316 sicut

2231 3347 2565 3418 proditores
2593 3361 2618 3411 ,'
2644 3343 2979 3400 humanam
3022 3344 3443 3399 verecundiam
3474 3346 3887 3405 inverecunda

2237 3435 2629 3505 exagitatione
2650 3434 3015 3504 perturbent,
3039 3432 3191 3489 sicut
3214 3449 3495 3502 procaces
3519 3450 3545 3500 ;
3569 3451 3690 3491 non
3719 3436 3892 3493 intel-

2230 3525 2422 3595 ligant
2451 3539 2645 3595 neque
2675 3538 2811 3594 quae
2840 3521 3187 3593 loquuntur,
3238 3537 3432 3595 neque
3463 3523 3538 3579 de
3567 3524 3786 3596 quibus
3799 3526 3893 3582 af-

2229 3614 2472 3669 ﬁrmant
2501 3614 2542 3683 (l
2580 3612 2722 3666 Tim.
2748 3627 2787 3677 ι,
2814 3611 2891 3682 7).
2920 3611 3289 3667 sicutczcali
3306 3627 3330 3677 ;
3350 3611 3583 3669 laetitias
3611 3615 3890 3671 carnales

2230 3701 2639 3774 spiritualibus
2653 3699 2888 3771 gaudiis
2901 3704 3289 3771 anteponant,
3319 3702 3401 3756 sic
3431 3707 3493 3757 ut
3507 3703 3886 3772 voluptatum

2230 3797 2526 3848 amatores
2554 3789 2740 3859 magis
2765 3803 2944 3861 quam
2968 3789 3097 3845 Dei.
3121 3788 3252 3844 Haec
3273 3790 3433 3846 enim
3460 3795 3642 3862 atque
3671 3792 3888 3864 hujus-

2232 3879 2394 3936 modi
2428 3880 2586 3948 vitia,
2620 3878 2744 3933 sive
2769 3879 2865 3932 uni
2921 3877 3151 3933 homini
3191 3878 3463 3936 accidant
3493 3882 3719 3949 omnia,
3752 3883 3881 3939 sive

2227 3969 2322 4024 his
2343 3970 2477 4034 alia,
2506 3968 2615 4023 illis
2644 3967 2762 4023 alia
2791 3966 3198 4031 dominentur,
3234 3983 3308 4023 ex
3334 3969 3435 4025 illa
3465 3970 3666 4026 radice
3717 3986 3885 4044 quo-

2227 4057 2557 4113 dammodo
2612 4055 2925 4127 pullulant,
2992 4070 3131 4110 cum
3178 4062 3316 4111 sunt
3344 4056 3625 4113 homines
3662 4059 3888 4129 seipsos

2225 4145 2687 4210 amantes.Quod
2706 4145 2913 4200 vitium
2928 4145 3189 4199 maxime
3214 4146 3553 4202 cavendum
3566 4152 3655 4202 est
3670 4148 3757 4203 eis
3770 4150 3880 4221 qui

2226 4240 2481 4307 pascunt
2502 4250 2637 4290 oves
2651 4233 2882 4304 Christi,
2906 4248 2979 4288 ne
2995 4249 3105 4289 sua
3130 4242 3424 4305 quaerant,
3443 4252 3562 4292 non
3589 4252 3726 4309 quas
3741 4240 3886 4294 .lesu

2223 4324 2433 4380 Christi
2459 4340 2472 4391 ;
2497 4332 2553 4379 et
2580 4325 2641 4379 in
2670 4340 2813 4379 usus
2836 4323 3229 4394 cupiditatum
3261 4342 3509 4382 suarum
3538 4327 3877 4394 conferant,

2224 4429 2332 4484 pro
2361 4413 2583 4485 quibus
2597 4413 2842 4483 sanguis
2862 4412 3030 4468 fusus
3061 4418 3149 4469 est
3172 4412 3406 4470 Christi.
3423 4416 3602 4487 Cujus
3627 4418 3881 4475 amorin

2220 4517 2291 4557 eo
2314 4504 2417 4573 qui
2432 4502 2618 4573 pascit
2638 4517 2779 4558 oves
2800 4502 2952 4572 ejus,
2982 4502 3485 4575 intammagnum
3508 4504 3679 4560 debet
3700 4506 3880 4577 spiri-

2221 4592 2442 4647 tualem
2473 4606 2734 4647 crescere
2763 4591 3061 4655 ardorem,
3120 4597 3181 4647 ut
3217 4593 3419 4649 vincat
3449 4594 3628 4650 etiam
3660 4596 3879 4652 mortis

2217 4680 2552 4737 naturalem
2576 4680 2873 4745 timorem,
2902 4695 3017 4752 quo
3033 4681 3186 4736 mori
3214 4681 3516 4749 nolumus,
3542 4689 3598 4739 et
3622 4685 3879 4756 quando

2216 4786 2355 4827 cum
2368 4771 2595 4826 Christo
2618 4771 2809 4825 vivere
2838 4769 3143 4825 volumus.
3161 4772 3309 4826 Nam
3323 4777 3379 4827 et
3392 4772 3702 4844 apostolus
3716 4776 3884 4830 Pau-

2214 4858 2306 4914 lus
2336 4861 2475 4914 dicit
2502 4875 2565 4914 se
2596 4858 2819 4914 habere
2832 4859 3383 4930 concupiscentiam
3398 4860 3713 4917 dissolviet
3741 4880 3880 4920 esse

2213 4964 2351 5004 cum
2383 4947 2924 5017 Christo(Philipp.
2956 4963 2993 5013 ι,
3021 4950 3111 5020 23)
3133 4949 3494 5019 :ingemiscit
3521 4956 3723 5007 tamen
3739 4968 3881 5023 gra-

2208 5043 2399 5104 vatus,
2433 5044 2489 5094 et
2519 5052 2639 5093 non
2671 5036 2791 5092 vult
2822 5038 3162 5109 exspoliari,
3217 5039 3323 5093 sed
3354 5041 3751 5110 supervestiri,
3809 5048 3880 5099 ut

2209 5127 2605 5183 absorbeatur
2631 5127 2879 5182 mortale
2906 5142 2943 5182 a
2974 5128 3090 5182 vita
3126 5128 3196 5197 (ll
3226 5127 3361 5183 Cor.
3412 5145 3465 5195 v,
3500 5130 3579 5200 4).
3634 5132 3699 5185 Et
3730 5132 3877 5189 huic

2205 5216 2491 5272 Dominus
2511 5215 2777 5270 dilectori
2808 5231 2939 5281 suo,
2963 5214 3106 5271 Cum
3123 5216 3407 5280 senueris,
3424 5217 3643 5289 inquit,
3659 5226 3880 5277 exten-

2201 5314 2301 5371 des
2318 5329 2530 5371 manus
2553 5319 2705 5379 tuas,
2721 5320 2773 5370 et
2788 5313 2944 5369 alius
2963 5319 3016 5370 te
3037 5313 3254 5384 cinget,
3269 5320 3321 5371 et
3341 5314 3515 5373 ducet
3539 5332 3655 5388 quo
3669 5323 3735 5373 tu
3750 5335 3874 5376 non

2200 5403 2305 5459 vis.
2330 5404 2461 5461 Hoc
2485 5402 2640 5461 enim
2670 5402 2723 5459 ei
2746 5402 2921 5469 dixit,
2944 5402 3290 5474 signiﬁcans
3322 5419 3445 5477 qua
3473 5413 3661 5463 morte
3686 5408 3877 5466 clari-

2193 5492 2485 5562 ﬁcaturus
2500 5498 2629 5551 erat
2653 5494 2852 5550 Deum.
2876 5493 3195 5560 Extendes,
3220 5493 3435 5568 inquit,
3458 5512 3665 5552 manus
3695 5501 3835 5556 tuas
3849 5542 3869 5571 ,

2191 5582 2308 5640 hoc
2336 5588 2425 5640 est
2446 5583 2828 5654 cruciﬁgeris.
2850 5583 2942 5639 Ad
2964 5583 3080 5641 hoc
3105 5588 3310 5641 autem
3339 5590 3403 5641 ut
3442 5584 3672 5653 venias,
3698 5588 3868 5646 alius

2189 5678 2244 5731 te
2271 5673 2487 5745 cinget,
2503 5680 2555 5731 et
2575 5674 2770 5743 ducet,
2786 5689 2909 5731 non
2920 5688 3043 5748 quo
3057 5674 3285 5743 vis,sed
3296 5691 3411 5749 quo
3427 5692 3549 5735 non
3573 5676 3871 5739 vis.Prius
