4182 6198
306 171 446 227 1973

298 294 508 352 solatia
529 295 882 352 miserorum
894 311 1030 370 quae
1045 298 1246 367 generi
1260 298 1527 354 humano
1548 297 1812 368 praebere
1825 313 1949 355 non

297 388 522 450 cessat,
535 385 593 439 in
608 385 974 456 plenitudine
990 387 1296 457 temporis,
1313 403 1435 460 quo
1451 387 1580 458 ipse
1596 387 1820 443 sciebat
1834 388 1948 444 hoc

294 489 426 528 esse
442 473 1203 541 faciendum,misitFilium
1220 492 1396 530 suum
1413 476 1785 545 unigenitum
1804 478 1945 547 (Ga-

297 565 885 635 lat.1v,4),perquem
900 564 1119 619 creavit
1137 565 1508 630 universa,ut
1523 580 1775 620 manens
1794 568 1948 621 Deus

292 652 676 721 ﬁerethomo,
700 652 1227 708 etessetmediator
1244 654 1409 710 Deiet
1426 654 1740 709 hominum
1762 654 1946 710 homo

293 740 561 797 Christus
576 743 745 796 Jesus
769 741 813 812 (Ι
842 741 991 798 Tim.
1013 758 1070 809 ll,
1095 741 1147 814 ὅ)
1169 759 1180 797 :
1204 743 1261 797 in
1280 759 1464 814 quem
1495 743 1820 809 credentes,
1843 760 1948 816 per

289 829 590 886 lavacrum
605 831 1069 900 regenerationis
1085 831 1278 888 soluto
1292 837 1458 887 reatu
1471 833 1724 887 omnium
1739 848 1946 903 pecca-

289 923 512 986 torum,
536 919 908 990 etoriginalis
927 920 1198 976 videlicet
1218 921 1383 994 quod
1411 923 1716 991 generatio
1744 922 1940 988 trahit,

290 1015 504 1066 contra
516 1025 701 1081 quam
718 1013 975 1067 maxime
989 1011 1357 1080 regeneratio
1372 1018 1458 1066 est
1472 1011 1818 1077 instituta,et
1832 1027 1948 1066 cae-

292 1103 556 1154 terorum
571 1114 706 1172 qum
722 1098 875 1154 male
889 1099 1125 1168 agendo
1139 1105 1444 1154 contracta
1459 1099 1947 1165 sunt,liberaren-

289 1187 841 1244 turadamnatione
861 1192 1170 1259 perpetua,
1195 1194 1250 1243 et
1273 1188 1535 1243 viverent
1562 1190 1618 1244 in
1639 1187 1755 1243 ﬁde
1774 1193 1945 1261 etspe

288 1283 350 1331 et
380 1276 684 1340 charitate,
704 1276 1154 1347 peregrinantes
1182 1278 1237 1331 in
1269 1276 1381 1331 hoc
1414 1277 1654 1341 saeculo,
1684 1281 1862 1349 atque
1883 1277 1942 1332 in

287 1365 858 1436 ejustentationibus
892 1365 1208 1421 laboriosis
1221 1365 1658 1437 etpericulosis,
1675 1365 1943 1422 consola-

287 1454 559 1510 tionibus
586 1459 785 1510 autem
811 1455 911 1510 Dei
940 1459 997 1511 et
1021 1455 1431 1526 corporalibus
1458 1459 1513 1510 et
1537 1454 1944 1526 spiritualibus

286 1543 675 1599 ambularent
719 1543 796 1598 ad
837 1548 1228 1615 conspectum
1260 1544 1410 1613 ejus,
1459 1543 1620 1599 viam
1653 1547 1942 1612 tenentes,

285 1632 456 1704 quod
485 1631 875 1688 eisfactusest
897 1632 1178 1688 Christus.
1213 1635 1272 1688 Et
1295 1634 1439 1704 quia
1464 1632 1521 1687 in
1546 1632 1679 1704 ipso
1701 1647 1944 1704 quoque

286 1721 674 1778 ambulantes
689 1736 807 1777 non
825 1725 963 1776 sunt
975 1721 1101 1776 sine
1116 1723 1524 1794 peccatis,qua3
1535 1727 1608 1776 de
1622 1721 1797 1791 hujus
1811 1722 1943 1777 vitae

287 1810 636 1866 inﬁrmitate
651 1810 1001 1881 subrepunt,
1030 1810 1194 1866 dedit
1213 1810 1733 1882 eleemosynarum
1753 1826 1946 1866 reme-

285 1899 392 1955 dia
413 1899 719 1966 salutaria,
743 1900 965 1971 quibus
983 1915 1193 1955 eorum
1211 1900 1283 1955 ad
1288 1901 1306 1970 j
1319 1906 1599 1955 uvaretur
1611 1900 1822 1967 oratio,
1841 1899 1943 1956 ubi

284 2005 395 2045 eos
409 1988 604 2044 dicere
617 1988 791 2044 docui
803 1988 1087 2058 t,Dimitte
1099 1989 1264 2045 nobis
1278 1990 1472 2045 debita
1488 1989 1871 2054 nostra,sicut
1892 1995 1944 2046 et

282 2094 396 2134 nos
409 2078 755 2133 dimittimus
767 2077 1122 2134 debitoribus
1134 2080 1355 2133 nostris
1371 2078 1388 2148 (
1402 2079 1941 2149 .h'alth.vr,t'2).Hoc

285 2166 415 2236 agit
431 2166 689 2222 Ecclesia
709 2182 813 2238 spe
828 2166 1003 2222 beata
1018 2168 1076 2222 in
1090 2166 1203 2222 hac
1221 2167 1344 2223 vita
1365 2183 1710 2222 aerumnosa
1733 2182 1744 2221 :
1767 2167 1940 2237 cujus

282 2255 560 2312 Ecclesiae
586 2257 789 2311 Petrus
820 2255 1151 2327 apostolus,
1175 2261 1418 2327 propter
1446 2255 1826 2327 Apostolatus
1852 2255 1943 2310 sui

281 2347 632 2416 primatum,
650 2344 894 2415 gerebat
911 2343 1165 2414 ﬁgurata
1188 2344 1570 2414 generalitate
1591 2360 1937 2416 personam.

283 2433 462 2500 Quod
485 2435 643 2489 enim
670 2433 748 2489 ad
769 2434 968 2505 ipsum
995 2434 1232 2505 proprie
1251 2434 1523 2504 pertinet,
1548 2440 1763 2490 natura
1785 2431 1941 2489 unus

281 2531 474 2587 homo
496 2537 640 2596 erat,
671 2531 864 2601 gratia
892 2547 1047 2586 unus
1084 2531 1463 2596 christianus,
1498 2530 1942 2587 abundantiore

283 2621 512 2692 gratias
529 2636 682 2676 unus
697 2621 977 2692 idemque
994 2621 1224 2691 primus
1238 2620 1679 2691 apostoluszsed
1693 2620 1940 2693 quando

282 2711 336 2765 ei
351 2710 577 2764 dictum
592 2714 700 2778 est,
714 2710 837 2765 Tibi
847 2710 998 2766 dabo
1011 2709 1200 2766 claves
1214 2710 1386 2780 regni
1396 2711 1748 2774 calorum,et
1763 2711 1940 2782 quod-

284 2814 540 2870 cumque
555 2799 826 2869 ligaveris
840 2814 1019 2868 super
1029 2805 1273 2864 terram,
1291 2799 1400 2854 erit
1416 2799 1663 2869 ligatum
1688 2800 1813 2856 etin
1827 2815 1941 2857 cce-

283 2889 360 2943 Iis
384 2900 407 2957 ;
438 2888 910 2960 etquodcumque
925 2888 1168 2944 solveris
1192 2903 1366 2956 super
1395 2895 1640 2954 terram,
1665 2889 1770 2944 erit
1788 2890 1941 2945 solu-

282 2983 415 3034 tum
442 2984 494 3032 et
522 2979 584 3032 in
615 2978 799 3045 caelis,
834 2977 1174 3033 universam
1195 2976 1571 3046 signiﬁcabat
1594 2977 1936 3044 Ecclesiam,

283 3081 427 3138 quae
443 3066 500 3120 in
512 3065 627 3122 hoc
642 3066 860 3121 saeculo
874 3065 1130 3121 diversis
1148 3067 1576 3122 tentationibus
1592 3065 1751 3121 velut
1765 3066 1940 3121 imbri

281 3154 926 3220 bus,tluminibus,tem
938 3155 1269 3227 pestatibus
1284 3156 1632 3227 quatitur,et
1645 3170 1765 3210 non
1781 3155 1941 3211 cadit

286 3244 578 3315 quoniam
603 3243 853 3300 fundata
870 3249 955 3300 est
977 3260 1155 3316 super
1176 3249 1424 3314 petram,
1443 3244 1600 3302 unde
1620 3245 1818 3299 Petrus
1832 3259 1942 3299 no-

283 3348 428 3388 men
459 3333 705 3404 accepit.
726 3335 851 3388 Non
878 3333 1037 3388 enim
1065 3349 1101 3390 a
1128 3333 1296 3389 Petro
1320 3339 1506 3404 petra,
1537 3334 1640 3388 sed
1671 3334 1872 3389 Petrus
1903 3348 1940 3389 a

283 3426 459 3494 petra
480 3439 491 3487 ;
514 3421 666 3477 sicut
686 3436 806 3476 non
830 3421 1092 3477 Christus
1115 3437 1150 3477 a
1167 3422 1513 3487 christiano,
1538 3422 1642 3478 sed
1667 3422 1939 3477 christia-

285 3525 404 3566 nus
435 3526 470 3565 a
502 3511 727 3566 Christo
772 3516 1034 3566 vocatur.
1080 3511 1217 3566 Ideo
1248 3512 1471 3583 quippe
1513 3512 1591 3566 ait
1626 3512 1934 3576 Dominus,

280 3600 480 3670 Super
493 3600 650 3656 hanc
659 3606 892 3669 petram
906 3601 1209 3669 aediﬁcabo
1235 3601 1559 3657 Ecclesiam
1575 3601 1938 3672 meam,quia

282 3689 517 3745 dixerat
544 3693 763 3755 Petrus,
805 3691 890 3745 Tu
921 3705 979 3745 es
1011 3690 1285 3746 Christus
1313 3691 1501 3746 Filius
1535 3690 1640 3745 Dei
1670 3689 1789 3746 vivi
1820 3689 1932 3760 (Id.

279 3795 401 3843 xvr,
430 3778 631 3850 1649).
664 3780 850 3850 Super
881 3780 1037 3834 hanc
1058 3794 1219 3848 ergo,
1245 3779 1455 3851 inquit,
1493 3784 1722 3851 petram
1748 3794 1936 3850 quam

276 3867 591 3924 confessus
640 3883 724 3933 es,
772 3867 1089 3924 aediﬁcabo
1136 3867 1456 3924 Ecclesiam
1495 3883 1715 3923 meam.
1769 3870 1936 3922 Petra

282 3957 445 4012 enim
460 3961 586 4012 erat
612 3956 877 4011 Christus
899 3957 943 4028 (Ι
958 3957 1094 4012 Cor.
1122 3959 1254 4027 χ,4)
1282 3973 1294 4012 :
1324 3972 1504 4028 super
1525 3956 1690 4028 quod
1720 3955 1934 4011 funda-

283 4051 554 4100 mentum
586 4046 766 4101 etiam
791 4047 917 4116 ipse
945 4045 1276 4102 aediﬁcatus
1305 4050 1394 4101 est
1424 4046 1654 4102 Petrus.
1704 4045 1934 4101 Funda-

281 4139 552 4190 mentum
600 4135 825 4206 quippe
855 4135 1018 4191 aliud
1047 4150 1227 4191 nemo
1253 4140 1446 4207 potest
1478 4150 1696 4206 ponere
1721 4138 1936 4206 praeter

280 4223 345 4280 id
383 4223 549 4295 quod
577 4224 838 4296 pOSitum
868 4229 975 4290 est,
1004 4225 1169 4296 quod
1201 4230 1286 4280 est
1319 4224 1582 4281 Christus
1621 4226 1787 4280 Jesus
1815 4223 1929 4294 (Id.

271 4312 492 4382 411,“).
508 4312 766 4367 Ecclesia
778 4327 921 4381 ergo
943 4329 1078 4384 quae
1093 4313 1444 4368 fundaturiu
1470 4312 1715 4377 Christo,
1733 4312 1931 4367 claves

282 4401 362 4457 ab
393 4416 464 4456 eo
486 4401 650 4470 regni
679 4401 966 4456 ccelorum
991 4401 1222 4472 accepit
1243 4401 1298 4456 in
1331 4404 1519 4464 Petro,
1548 4400 1606 4454 id
1631 4403 1716 4456 est
1741 4405 1934 4470 potes-

279 4503 462 4554 tatem
495 4498 722 4568 ligandi
763 4497 1155 4569 solvendique
1178 4502 1440 4569 peccata.
1471 4497 1641 4563 Quod
1655 4504 1741 4552 est
1771 4499 1932 4554 enim

283 4602 393 4660 per
414 4588 834 4659 proprietatem
858 4588 920 4642 in
934 4587 1161 4643 Christo
1190 4587 1587 4652 Ecclesia,hoc
1613 4592 1702 4642 est
1729 4603 1833 4658 per
1856 4588 1934 4643 si-

280 4675 732 4746 gniﬁcationem
760 4677 966 4732 Petrus
995 4676 1054 4730 in
1081 4679 1251 4747 petra
1284 4693 1296 4741 ;
1331 4693 1452 4748 qua
1500 4676 1932 4747 signiﬁcatione

279 4764 626 4834 intelligitur
642 4764 910 4820 Christus
922 4770 1091 4836 petra
1105 4765 1309 4819 Petrus
1325 4765 1599 4820 Ecclesia.
1611 4766 1742 4820 Haec
1757 4765 1934 4836 igitur

283 4854 544 4910 Ecclesia
572 4870 759 4925 quam
791 4855 1170 4926 signiﬁcabat
1197 4855 1417 4920 Petrus,
1443 4854 1735 4927 quamdiu
1774 4856 1936 4926 degit

281 4945 340 4999 in
359 4942 560 5007 malis,
585 4943 851 4999 amando
866 4944 1240 5016 etsequendo
1264 4943 1867 5000 Christumliberatur
1899 4960 1935 5001 a

280 5033 479 5088 malis.
501 5032 681 5104 Magis
701 5037 901 5088 autem
931 5033 1200 5104 sequitur
1235 5033 1294 5087 in
1318 5033 1402 5088 eis
1435 5033 1539 5104 qui
1573 5038 1799 5088 certant
1824 5049 1934 5104 pro

279 5122 529 5177 veritate
545 5137 737 5192 usque
759 5121 834 5176 ad
849 5128 1123 5176 mortem.
1148 5120 1265 5177 Sed
1300 5121 1664 5176 universitati
1697 5121 1933 5189 dicitur,

278 5208 540 5281 Sequere
554 5225 659 5273 me,
677 5226 786 5281 pro
817 5226 937 5281 qua
971 5211 1351 5266 universitate
1382 5226 1600 5281 passus
1623 5213 1710 5265 est
1746 5209 1937 5264 Chris-

287 5306 380 5355 tus
397 5316 407 5354 :
425 5301 502 5354 de
515 5299 962 5370 quodicitidem
985 5298 1482 5364 Petrus,Christus
1499 5314 1608 5367 pro
1627 5299 1792 5354 nobis
1804 5313 1938 5366 pas-

283 5405 383 5444 sus
397 5387 850 5458 est,relinquens
869 5387 1032 5443 nobis
1044 5390 1470 5456 exemplum,ut
1483 5402 1719 5459 sequam
1731 5403 1804 5442 ur
1820 5402 1936 5443 ves-

283 5478 430 5548 tigia
447 5479 575 5546 ejus
591 5478 631 5536 (Ι
647 5477 802 5532 Petr.
824 5493 880 5540 ll,
898 5481 1011 5545 21).
1030 5477 1172 5532 Ecce
1191 5483 1432 5549 propter
1457 5476 1621 5548 quod
1640 5477 1689 5530 ei
1711 5476 1936 5532 dictum

286 5567 659 5637 est,Sequere
681 5568 897 5622 me.Est
917 5570 1118 5621 autem
1147 5565 1265 5622 alia
1289 5564 1938 5638 vitaimmortalis,quae

285 5672 409 5713 non
427 5655 600 5711 estin
615 5654 786 5711 malis
804 5670 814 5710 :
832 5654 912 5712 ibi
931 5654 1076 5712 facie
1097 5656 1173 5711 ad
1191 5655 1406 5711 faciem
1424 5653 1758 5711 videbimus
1771 5654 1937 5729 quod

1427 169 1854 228 TRACTATUS
1894 171 2135 241 CXXIV,
2182 176 2418 236 CAPUT
2455 179 2600 236 XXI.

3578 193 3716 250 1974

2061 300 2276 374 hicper
2301 305 2611 375 speculum
2626 309 2682 364 et
2704 305 2764 362 in
2790 307 3106 377 aenigmate
3125 311 3356 370 videtur
3374 315 3414 386 (Ι
3437 317 3571 374 Cor.
3595 335 3712 384 xm,

2060 392 2171 462 12),
2192 395 2440 464 quando
2457 396 2711 452 multum
2736 397 2796 452 in
2821 400 3242 469 conspicienda
3257 404 3497 460 veritate
3531 408 3714 478 proﬁ-

2059 479 2228 535 citur.
2252 482 2408 539 Duas
2423 483 2620 556 itaque
2638 485 2787 540 vitas
2831 487 2943 542 sibi
2965 488 3249 545 divinitus
3276 492 3633 562 prmdicatas
3663 501 3718 553 et

2059 571 2515 628 commendatas
2530 575 2690 629 novit
2707 574 3247 648 Ecclesia,quarum
3266 586 3351 635 est
3368 598 3484 637 una
3498 583 3556 638 in
3577 584 3712 653 ﬁde,

2058 658 2242 715 altera
2266 660 2324 714 in
2345 661 2576 733 specie;
2605 664 2791 718 unain
2821 668 3082 737 tempore
3100 670 3709 739 peregrinationis,al-

2059 750 2184 803 tera
2204 748 2263 803 in
2294 751 2617 806 aeternitate
2647 753 2975 808 mansionis
3006 771 3160 820 ;una
3192 757 3250 812 in
3283 757 3708 825 labore,altera

2057 834 2116 890 in
2144 837 2347 909 requie
2371 856 2384 901 ;
2409 855 2528 894 una
2550 840 2742 906 invia,
2775 841 2959 897 altera
2989 842 3247 914 inpatria
3280 862 3292 911 ;
3318 849 3511 903 unain
3533 864 3714 920 opere

2057 926 2329 993 actionis,
2358 927 2540 984 altera
2584 929 2642 984 in
2677 931 2948 986 mercede
2981 935 3502 1006 contemplationis
3541 953 3553 1003 ;
3589 954 3710 996 una

2056 1013 2373 1072 declinata
2403 1018 2562 1073 malo
2581 1023 2636 1074 et
2655 1018 2793 1076 facit
2814 1021 3257 1088 bonum,altera
3271 1025 3506 1081 nullum
3530 1026 3712 1082 habet

2055 1118 2092 1158 a
2120 1118 2242 1174 quo
2270 1104 2525 1162 declinet
2549 1109 2797 1174 malum,
2824 1115 2876 1165 et
2896 1127 3187 1180 magnum
3211 1113 3531 1184 habetquo
3553 1114 3707 1172 frua-

2055 1193 2152 1245 tur
2169 1191 2396 1248 bonum
2415 1210 2426 1259 ;
2447 1211 2566 1249 una
2582 1211 2720 1250 cum
2736 1196 2902 1252 hoste
2918 1204 3169 1268 pugnat,
3186 1200 3369 1256 altera
3388 1201 3514 1256 sine
3530 1201 3702 1259 hoste

2053 1285 2266 1348 regnat
2295 1299 2308 1348 ;
2336 1297 2452 1338 una
2475 1282 2638 1338 fortis
2658 1290 2743 1340 est
2769 1286 2827 1340 in
2843 1287 3128 1352 adversis,
3156 1288 3342 1344 altera
3370 1290 3513 1345 nihil
3536 1293 3709 1348 sentit

2055 1367 2290 1424 adversi
2327 1386 2340 1434 ;
2375 1386 2496 1426 una
2527 1373 2797 1428 carnales
2830 1374 3108 1431 libidines
3130 1376 3342 1441 frenat,
3379 1378 3564 1434 altera
3592 1380 3709 1450 spi-

2053 1457 2367 1514 ritualibus
2406 1458 2902 1517 delectationibus
2937 1468 3102 1519 vacat
3132 1483 3144 1532 ;
3175 1480 3296 1521 una
3324 1467 3709 1524 estvincendi

2055 1559 2200 1600 cura
2231 1545 2502 1613 sollicita,
2532 1547 2713 1604 altera
2747 1550 3008 1605 victoriae
3039 1567 3186 1622 pace
3219 1568 3449 1623 secura;
3491 1568 3610 1609 una
3648 1555 3708 1610 in

2054 1634 2481 1690 tentationibus
2505 1636 2846 1706 adjuvatur,
2877 1639 3062 1695 altera
3081 1639 3208 1696 sine
3236 1639 3356 1696 ulla
3387 1643 3708 1698 tentatione

2054 1722 2264 1793 inipso
2295 1724 2567 1794 adjutore
2598 1725 2829 1782 laetatur
2863 1748 2875 1798 ;
2911 1744 3032 1785 una
3073 1729 3349 1786 subvenit
3392 1731 3704 1802 indigenti,

2053 1811 2239 1868 altera
2273 1811 2354 1867 ibi
2383 1818 2470 1868 est
2502 1813 2604 1870 ubi
2629 1815 2860 1872 nullum
2892 1817 3112 1873 invenit
3138 1819 3551 1890 indigentem;
3582 1836 3702 1877 una

2035 1908 2247 1966 aliena
2287 1915 2533 1980 peccata
2569 1918 2629 1967 ut
2676 1929 2786 1969 sua
2819 1914 2933 1969 sibi
2988 1915 3382 1984 ignoscantur
3429 1917 3705 1989 ignoscit,

2053 1997 2236 2054 altera
2259 2014 2367 2054 nec
2383 2000 2602 2071 patitur
2614 2002 2778 2073 quod
2797 2003 3086 2074 ignoscat,
3113 2020 3222 2061 nec
3240 2006 3382 2062 facit
3404 2006 3568 2078 quod
3594 2007 3708 2062 sibi

2051 2092 2260 2160 poscat
2280 2089 2508 2158 ignosci
2532 2107 2546 2155 ;
2572 2106 2691 2146 una
2709 2090 3038 2164 ﬂagellatur
3059 2095 3253 2161 malis,
3289 2110 3362 2150 ne
3395 2095 3708 2152 extollatur

2052 2175 2110 2231 in
2129 2176 2323 2241 bonis,
2357 2177 2542 2234 altera
2575 2183 2738 2236 tanta
2762 2181 3134 2252 plenitudine
3158 2184 3362 2254 gratias
3393 2191 3552 2240 caret
3578 2201 3701 2241 om-

2052 2265 2112 2320 ni
2133 2265 2310 2334 malo,
2342 2271 2405 2322 ut
2428 2268 2555 2323 sine
2579 2269 2697 2325 ulla
2731 2271 3050 2326 tentatione
3078 2273 3376 2344 superbiae
3404 2273 3705 2330 cohaereat

2052 2370 2292 2410 summo
2319 2355 2482 2411 bono
2512 2375 2527 2426 ;
2566 2373 2685 2412 una
2715 2357 2876 2414 bona
2907 2365 2960 2415 et
2991 2361 3150 2417 mala
3182 2362 3489 2429 discernit,
3523 2362 3709 2418 altera

2051 2459 2186 2515 quae
2220 2443 2347 2500 sola
2372 2443 2534 2500 bona
2553 2452 2693 2501 sunt
2712 2447 2927 2507 cernit:
2963 2465 3104 2519 ergo
3137 2466 3258 2506 una
3278 2450 3441 2507 bona
3469 2455 3575 2515 est,
3603 2450 3708 2507 sed

2053 2532 2252 2588 adhuc
2286 2534 2505 2589 misera
2539 2551 2552 2600 ;
2579 2535 2764 2592 altera
2795 2537 3001 2592 melior
3027 2543 3081 2594 et
3105 2539 3297 2595 beata.
3329 2541 3444 2596 lsta
3483 2540 3708 2609 signiﬁ-

2051 2628 2185 2678 cata
2206 2625 2296 2678 est
2326 2639 2430 2694 per
2456 2623 2797 2696 apostolum
2834 2626 3092 2692 Petrum,
3121 2628 3221 2683 illa
3253 2643 3356 2699 per
3384 2631 3704 2684 Joannem.

2052 2715 2192 2768 Tota
2207 2712 2301 2767 hic
2328 2713 2524 2782 agitur
2553 2715 2663 2768 ista
2687 2730 2874 2786 usque
2907 2715 2964 2770 in
2987 2715 3168 2787 hujus
3191 2717 3391 2771 saeculi
3427 2717 3630 2782 ﬁnem,
3651 2722 3707 2774 et

2052 2799 2168 2855 illic
2217 2800 2443 2856 invenit
2481 2801 2661 2857 ﬁnem
2701 2803 3001 2859 :differtur
3039 2804 3140 2860 illa
3182 2805 3542 2878 complenda
3574 2810 3709 2877 post

2049 2889 2231 2960 hujus
2253 2891 2451 2944 smculi
2481 2891 2683 2956 ﬁnem,
2714 2893 2817 2946 sed
2843 2893 2901 2947 in
2924 2892 3122 2949 futuro
3144 2893 3356 2949 saeculo
3378 2909 3499 2950 non
3529 2894 3711 2952 habet

2050 2977 2254 3033 ﬁnem.
2281 2979 2417 3033 ideo
2441 2979 2657 3034 dicitur
2673 2980 2831 3041 huic,
2852 2983 3107 3052 Sequere
3127 2998 3217 3039 me
3231 2999 3252 3040 .'
3275 2983 3348 3038 de
3366 2983 3464 3039 illo
3479 2988 3702 3053 autem,

2052 3066 2143 3121 Sic
2163 3082 2294 3123 eum
2328 3069 2457 3122 volo
2480 3083 2719 3124 manere
2748 3070 2932 3125 donec
2956 3072 3185 3127 veniam
3209 3073 3388 3142 ;quid
3419 3088 3454 3128 a
3488 3073 3588 3129 te?
3619 3074 3703 3128 Tu

2050 3171 2141 3211 me
2168 3169 2428 3225 sequere.
2463 3155 2615 3220 Quid
2646 3157 2805 3210 enim
2838 3163 2924 3212 est
2954 3158 3068 3213 hoc
3107 3160 3134 3214 ?
3176 3162 3476 3225 Quantum
3512 3162 3702 3232 sapio,

2049 3249 2346 3315 quantum
2374 3245 2568 3315 capio,
2594 3245 2738 3317 quid
2765 3247 3014 3312 esthoc,
3050 3247 3183 3312 nisi,
3217 3251 3300 3302 Tu
3329 3265 3426 3303 me
3455 3265 3704 3320 sequere

2050 3348 2156 3404 per
2185 3333 2578 3389 imitationem
2608 3333 2942 3406 perferendi
2978 3334 3333 3406 temporalia
3372 3337 3534 3393 mala
3569 3339 3702 3403 ;ille

2049 3436 2290 3487 maneat
2319 3432 2512 3487 donec
2539 3432 2901 3503 sempiterna
2933 3433 3105 3488 venio
3124 3433 3465 3489 redditurus
3491 3434 3654 3491 bona
3675 3437 3701 3491 ?

2048 3520 2218 3586 Quod
2242 3521 2501 3590 apertius
2529 3521 2609 3577 ita
2625 3520 2742 3576 dici
2766 3525 2990 3592 potest:
3018 3521 3276 3578 Perfecta
3300 3538 3394 3577 me
3419 3528 3703 3593 sequatur

2047 3609 2220 3674 actio,
2241 3609 2562 3665 informata
2587 3625 2732 3665 mere
2753 3611 3049 3680 passionis
3069 3610 3344 3682 exemplo
3375 3629 3388 3679 ;
3423 3611 3702 3667 inchoata

2047 3715 2186 3754 vero
2201 3699 2629 3769 contemplatio
2654 3703 2895 3754 maneat
2911 3700 3102 3755 donec
3121 3699 3317 3766 venio,
3335 3699 3700 3772 perﬁcienda

2047 3803 2184 3843 cum
2213 3803 2454 3843 venero.
2492 3787 2769 3860 Sequitur
2799 3788 2959 3844 enim
2993 3789 3311 3859 Christum,
3343 3789 3701 3863 perveniens

2045 3892 2238 3949 usque
2255 3877 2331 3932 ad
2347 3880 2596 3932 mortem
2616 3877 3036 3949 piaplenitudo
3051 3878 3355 3951 patientiae
3373 3883 3586 3936 :manet
3599 3895 3702 3936 au-

2044 3970 2164 4022 tem
2179 3965 2369 4021 donec
2386 3966 2581 4022 veniat
2597 3967 2879 4035 Christus,
2897 3972 3037 4024 tunc
3056 3968 3499 4025 manifestanda
3514 3969 3698 4041 pleni-

2044 4055 2188 4109 tudo
2203 4053 2589 4110 scientiae.Hic
2603 4057 2820 4128 quippe
2838 4056 3160 4113 tolerantur
3175 4057 3333 4112 mala
3346 4057 3526 4128 hujus
3541 4073 3700 4111 mun-

2042 4143 2104 4198 di
2126 4143 2184 4197 in
2209 4146 2361 4199 terra
2386 4144 2785 4213 morientium,
2803 4145 2882 4201 ibi
2907 4145 3272 4202 videbuntur
3287 4146 3447 4202 bona
3465 4147 3694 4202 Domini

2041 4231 2102 4286 in
2132 4236 2284 4287 terra
2314 4232 2659 4289 viventium.
2696 4234 2866 4302 Quod
2894 4235 3053 4290 enim
3083 4235 3182 4299 ait,
3231 4235 3370 4291 Volo
3405 4250 3533 4289 eum
3578 4249 3700 4290 ma-

2041 4335 2183 4376 nere
2207 4321 2391 4377 donec
2419 4323 2667 4389 veniam,
2687 4339 2803 4379 non
2834 4325 2915 4379 sic
2940 4323 3390 4393 intelligendum
3415 4326 3501 4377 est
3521 4322 3695 4393 quasi

2039 4409 2272 4475 dixerit,
2297 4425 2606 4468 remanere
2624 4413 2712 4468 vel
2729 4428 3079 4484 permanere
3105 4429 3117 4476 ;
3145 4413 3269 4476 sed,
3293 4416 3690 4482 exspectare:

2041 4499 2330 4571 quoniam
2362 4501 2522 4572 quod
2555 4517 2660 4572 per
2690 4517 2826 4556 eum
2870 4500 3260 4569 signiﬁcatur,
3312 4514 3435 4554 non
3487 4500 3690 4570 utique

2042 4603 2224 4653 nunc,
2255 4589 2359 4643 sed
2385 4605 2522 4644 cum
2555 4589 2777 4644 venerit
2809 4589 3094 4652 Christus,
3124 4587 3487 4659 implebitur.
3524 4587 3696 4652 Quod

2043 4682 2243 4733 autem
2269 4691 2371 4747 per
2400 4677 2559 4732 hunc
2583 4677 2971 4746 signiﬁcatur,
2989 4677 3083 4732 cui
3103 4676 3332 4732 dictum
3356 4679 3459 4744 est,
3496 4678 3578 4731 Tu
3605 4692 3698 4733 me

2043 4781 2301 4837 sequere,
2322 4765 2436 4820 nisi
2459 4781 2617 4821 nunc
2636 4772 2869 4838 agatur,
2895 4782 3015 4822 non
3037 4766 3415 4838 pervenietur
3439 4765 3518 4821 ad
3549 4765 3696 4822 illud

2043 4853 2203 4928 quod
2222 4856 2704 4926 exspectatur.ln
2737 4856 3060 4912 hacautem
3093 4856 3286 4911 activa
3322 4855 3442 4912 vita
3469 4863 3696 4927 quanto

2044 4943 2239 5014 magis
2253 4943 2546 5000 Christum
2560 4945 3056 5016 diligimus,tanto
3070 4944 3300 5002 facilius
3322 4944 3650 5000 liberamur
3663 4959 3699 4998 a

2045 5032 2226 5088 malo.
2248 5034 2317 5088 At
2332 5033 2457 5104 ipse
2474 5049 2584 5089 nos
2611 5035 2810 5090 minus
2830 5035 3020 5106 diligit
3041 5035 3250 5108 quales
3273 5049 3431 5088 nunc
3447 5047 3694 5101 sumus;

2046 5126 2102 5176 et
2130 5121 2269 5176 hinc
2296 5121 2429 5177 ideo
2448 5121 2676 5188 liberat,
2701 5139 2774 5178 ne
2795 5139 3029 5195 semper
3047 5123 3190 5179 tales
3214 5123 3422 5177 simus.
3450 5119 3530 5174 lbi
3558 5133 3696 5174 vero

2048 5209 2307 5281 amplius
2340 5227 2451 5266 nos
2479 5211 2666 5280 diligit
2694 5229 2707 5279 ;
2744 5213 3034 5282 quoniam
3066 5210 3230 5282 quod
3265 5210 3315 5264 ei
3364 5208 3694 5279 displiceat,

2047 5303 2102 5354 et
2139 5299 2299 5369 quod
2325 5315 2360 5353 a
2390 5300 2564 5354 nobis
2597 5300 2846 5368 auferat,
2878 5316 2999 5355 non
3027 5298 3392 5354 habebimus
3427 5315 3440 5352 :
3475 5312 3584 5352 nec
3615 5299 3693 5352 ob

2047 5387 2208 5442 aliud
2243 5402 2352 5441 nos
2384 5388 2477 5441 hic
2507 5387 2715 5458 diligit,
2751 5388 2866 5442 nisi
2900 5393 2960 5443 ut
2993 5392 3161 5443 sanet
3191 5394 3246 5442 et
3277 5385 3586 5442 transferat
3618 5385 3696 5442 ab

2048 5475 2140 5530 his
2166 5490 2300 5547 quae
2333 5491 2452 5530 non
2481 5475 2691 5544 diligit.
2727 5475 2825 5531 Hic
2859 5491 2999 5546 ergo
3032 5476 3250 5541 minus,
3289 5475 3388 5531 ubi
3419 5491 3540 5531 non
3577 5474 3699 5531 vult

2047 5579 2473 5620 remaneamus
2523 5579 2535 5618 :
2569 5564 2648 5618 ibi
2682 5563 2963 5635 amplius,
2993 5580 3115 5637 quo
3144 5564 3266 5620 vult
3296 5569 3696 5629 transeamus,

2052 5657 2109 5710 et
2142 5653 2301 5711 unde
2333 5667 2454 5709 non
2507 5652 2626 5709 vult
2655 5668 2990 5726 pereamus.
3025 5655 3197 5710 Amet
3243 5669 3383 5726 ergo
3428 5669 3564 5711 eum
3604 5656 3700 5708 Pe-

3581 41 3588 47 ι
3599 39 3610 46 σ
3625 38 3988 51 ή-πῖ-ᾖππ
4011 38 4120 48 “-¹¹’·ῖ““-
