4182 6198
483 112 621 169 1975

456 243 609 304 trus,
647 242 709 292 ut
731 235 808 292 ab
851 235 970 290 ista
994 230 1355 288 mortalitate
1382 230 1699 285 liberemur
1731 246 1743 284 :
1778 233 2009 285 ametur
2037 229 2115 285 ab

453 345 527 386 eo
556 330 834 391 Joannes,
862 328 925 378 ut
950 322 1011 377 in
1039 322 1141 378 illa
1170 319 1619 376 immortalitate
1646 334 1970 374 servemur.

530 421 583 472 6.
617 415 724 472 Sed
750 414 864 468 ista
890 412 1119 468 ratione
1153 408 1302 464 illud
1335 408 1683 474 ostenditur,
1726 424 1832 464 cur
1859 406 2119 480 amplius

456 508 749 562 Joannem
770 518 956 573 quam
975 500 1211 555 Petrum
1236 497 1525 553 amaverit
1544 497 1830 562 Christus,
1860 512 1983 553 non
2013 512 2119 552 cur

462 592 722 665 amplius
748 591 957 646 Petrus
979 604 1165 660 quam
1191 590 1449 643 Joannes
1479 586 1768 642 amaverit
1797 586 2117 642 Christum.

464 687 668 754 Neque
683 680 860 745 enim,
885 680 932 733 si
948 678 1083 749 plus
1101 692 1209 732 nos
1227 675 1416 744 diligit
1431 675 1692 731 Christus
1718 675 1777 731 in
1797 674 1995 731 futuro
2018 690 2122 730 saa-

466 772 623 837 culo,
658 768 759 823 ubi
790 783 927 823 cum
946 767 1043 822 illo
1077 766 1203 820 sine
1234 764 1353 820 ﬁne
1386 765 1672 829 vivemus,
1704 779 1891 837 quam
1918 764 1977 819 in
2010 763 2122 820 isto

467 859 628 916 Unde
655 857 936 923 eruimur,
966 855 1157 912 utillic
1180 869 1415 926 semper
1438 854 1647 918 simus,
1677 858 1992 924 propterea
2013 869 2123 909 nos

470 954 611 1005 tunc
622 963 758 1002 eum
775 946 963 1000 minus
976 944 1244 1000 dilecturi
1258 959 1467 998 sumus
1479 943 1725 1014 quando
1739 942 2004 998 meliores
2019 943 2124 998 eri-

474 1054 609 1093 mus
628 1058 639 1102 ;
657 1052 793 1090 cum
810 1034 1083 1090 meliores
1111 1034 1311 1105 utique
1326 1032 1437 1087 nisi
1455 1032 1713 1104 amplius
1727 1048 1864 1087 eum
1880 1032 2125 1101 diligen-

474 1127 573 1191 do,
594 1124 757 1181 nullo
770 1124 953 1180 modo
967 1138 1097 1178 esse
1120 1123 1442 1194 possimus.
1466 1123 1579 1176 Cur
1594 1136 1735 1191 ergo
1747 1122 2007 1176 Joannes
2021 1121 2127 1176 mi-

474 1232 590 1271 nus
604 1231 742 1270 eum
756 1212 1039 1282 diligebat
1062 1228 1247 1283 quam
1261 1214 1481 1276 Petrus,
1502 1210 1548 1264 si
1563 1225 1695 1266 eam
1710 1211 1892 1266 vitam
1906 1211 2128 1281 signiﬁ-

478 1305 671 1368 cabat,
686 1305 746 1358 in
759 1318 881 1375 qua
896 1306 985 1357 est
1000 1300 1185 1356 multo
1203 1299 1461 1371 amplius
1475 1298 1835 1369 diligendus,
1854 1300 1968 1354 nisi
1985 1300 2129 1372 quia

477 1398 795 1466 propterea
817 1392 1041 1445 dictum
1070 1392 1175 1456 est,
1207 1390 1344 1444 Volo
1372 1403 1500 1444 eum
1523 1403 1783 1459 manere,
1808 1388 1869 1443 id
1887 1392 1973 1444 est
2002 1404 2130 1445 exs-

374 1538 381 1547 ,
481 1487 740 1554 pectare,
768 1481 953 1536 donec
977 1477 1531 1549 veniam,quoniam
1555 1482 1610 1532 et
1638 1478 1838 1549 ipsum
1862 1494 2129 1535 amorem

480 1572 582 1643 qui
624 1575 763 1625 tunc
809 1568 998 1623 multo
1030 1566 1291 1639 amplior
1338 1567 1463 1632 erit,
1507 1566 1779 1621 nondum
1810 1566 2127 1638 habemus,

483 1659 589 1714 sed
610 1658 871 1713 futurum
901 1661 1343 1728 exspectamus,
1363 1661 1425 1710 ut
1442 1671 1580 1711 cum
1602 1655 1729 1726 ipse
1750 1656 1992 1721 venerit,
2026 1656 2130 1712 ba-

480 1749 732 1805 beamus
747 1747 939 1804 ?Nam
956 1747 1103 1801 sicut
1124 1746 1181 1799 in
1208 1744 1468 1816 Epistola
1494 1761 1601 1800 sua
1615 1744 1772 1799 idem
1792 1745 1933 1801 dicit
1958 1762 2131 1818 apos-

481 1836 656 1901 tolus,
688 1837 968 1892 Nondum
988 1834 1274 1904 apparuit
1298 1834 1456 1906 quod
1474 1834 1692 1890 erimus
1712 1857 1730 1904 ,-
1751 1836 1966 1891 scimus
1992 1852 2132 1907 quo-

478 1926 642 1983 niam
676 1941 807 1981 cum
830 1924 1200 1994 apparuerit,
1234 1924 1451 1978 similes
1485 1922 1537 1978 ei
1568 1922 1807 1989 erimus,
1847 1925 2127 1995 quoniam

480 2015 803 2071 videbimus
833 2029 963 2069 eum
988 2011 1167 2068 sicuti
1192 2015 1275 2067 est
1308 2011 1351 2082 (Ι
1381 2012 1553 2067 Joan.
1589 2028 1664 2075 III,
1692 2011 1769 2082 2).
1798 2012 1959 2067 Tunc
1986 2029 2127 2083 ergo

479 2102 737 2175 amplius
776 2101 942 2173 quod
984 2100 1340 2166 videbimus,
1370 2100 1713 2170 diligemus.
1765 2101 1897 2172 Ipse
1928 2107 2127 2159 autem

476 2191 779 2247 Dominus
822 2190 983 2246 illam
1035 2205 1167 2261 quae
1223 2188 1423 2245 futura
1463 2193 1552 2244 est
1604 2190 1787 2244 vitam
1833 2194 2123 2257 nostram,

476 2280 671 2353 qualis
700 2281 761 2335 in
806 2279 982 2335 nobis
1012 2278 1208 2335 futura
1239 2280 1311 2334 sit
1363 2278 1574 2344 sciens,
1608 2279 2127 2349 praedestinatione

476 2368 609 2442 plus
640 2373 824 2434 amat,
846 2374 910 2424 ut
937 2368 1012 2423 ad
1041 2384 1176 2424 eam
1200 2383 1310 2423 nos
1338 2367 1600 2423 amando
1635 2368 1943 2439 perducat.
1979 2373 2127 2434 Quo-

476 2460 634 2515 circa
645 2458 936 2530 quoniam
952 2457 1243 2512 universas
1263 2457 1368 2511 viae
1392 2458 1625 2512 Domini
1639 2457 2051 2513 misericordia
2071 2463 2126 2515 et

474 2548 689 2602 veritas
720 2547 911 2616 (Psal.
939 2561 1091 2611 xnv,
1116 2546 1229 2616 10),
1253 2546 1561 2601 miseriam
1588 2551 1852 2601 nostram
1873 2562 2126 2617 praesen-

476 2640 597 2692 tem
642 2634 947 2699 novimus,
980 2634 1126 2705 quia
1157 2634 1445 2688 sentimus
1491 2649 1506 2699 ;
1542 2638 1598 2689 et
1633 2634 1768 2689 ideo
1798 2635 2126 2691 misericor-

476 2724 641 2780 diam
674 2722 1129 2793 Domini,quam
1162 2720 1339 2776 nobis
1355 2721 2124 2780 demiserialiberandisex-

474 2812 664 2868 hiberi
702 2811 1006 2875 volumus,
1040 2810 1176 2880 plus
1213 2826 1510 2880 amamus,
1566 2826 1821 2882 eamque
1860 2813 2123 2884 quotidie

476 2901 740 2956 maxime
779 2915 889 2971 pro
922 2904 1305 2971 peccatorum
1334 2900 1687 2955 remissione
1718 2902 2025 2972 poscimus
2068 2908 2125 2959 et

474 2990 775 3047 habemus
810 3005 823 3043 :
863 2989 977 3044 hoc
1022 3005 1128 3061 per
1159 2992 1388 3044 Petrum
1441 2989 1846 3059 signiﬁcatum
1874 2996 1962 3045 est
1992 2991 2124 3062 plus

475 3084 807 3147 amantem,
822 3078 925 3133 sed
941 3078 1138 3133 minus
1151 3084 1417 3133 amatum
1436 3095 1449 3143 ;
1464 3079 1606 3152 quia
1622 3080 1818 3134 minus
1832 3096 1941 3136 nos
1962 3088 2125 3136 amat

476 3168 736 3225 Christus
755 3166 1008 3222 miseros
1023 3182 1209 3238 quam
1225 3166 1452 3223 beatos.
1475 3168 1745 3223 Veritatis
1759 3173 1958 3224 autem
1987 3185 2125 3225 con—

476 3255 927 3329 templationem
972 3255 1167 3327 qualis
1199 3260 1340 3311 tunc
1368 3256 1565 3311 futura
1596 3260 1701 3320 est,
1735 3257 1930 3312 minus
1964 3274 2126 3313 ama-

477 3362 634 3411 mus,
653 3346 797 3416 quia
821 3344 1093 3400 nondum
1111 3345 1389 3399 novimus
1406 3360 1515 3401 nec
1528 3344 1853 3402 habemus:
1876 3345 2003 3401 haec
2021 3362 2126 3419 per

477 3434 770 3490 Joannem
788 3433 1124 3505 signiﬁcata
1140 3438 1227 3490 est
1247 3434 1444 3489 minus
1458 3440 1782 3500 amantem,
1802 3442 1979 3508 atque
1992 3436 2126 3491 ideo

477 3528 534 3580 et
553 3525 629 3580 ad
658 3524 876 3596 ipsam,
911 3528 964 3578 et
985 3523 1061 3579 ad
1094 3524 1221 3595 ejus
1248 3523 1308 3577 in
1330 3522 1511 3579 nobis
1542 3540 1832 3590 amorem,
1856 3525 2051 3596 qualis
2073 3526 2126 3581 ei

479 3613 753 3678 debetur,
787 3612 1187 3685 implendum,
1220 3612 1414 3669 donec
1444 3614 1643 3669 veniat
1682 3614 1971 3669 Dominus
2000 3631 2127 3670 exs-

480 3706 821 3773 pectantem
857 3718 870 3767 ;
926 3702 1030 3756 sed
1071 3701 1207 3772 plus
1236 3705 1527 3767 amatum,
1558 3704 1702 3774 quia
1730 3702 1790 3758 id
1828 3704 1988 3776 quod
2025 3719 2128 3776 per

481 3790 651 3844 illum
678 3791 1005 3858 ﬁguratum
1033 3794 1141 3853 est,
1167 3790 1278 3845 hoc
1306 3791 1483 3847 efﬁcit
1504 3791 1769 3847 beatum.

554 3881 608 3929 7.
642 3880 826 3933 Nemo
857 3881 1057 3933 tamen
1077 3878 1226 3932 istos
1256 3878 1522 3948 insignes
1554 3881 1855 3950 apostolos
1874 3887 2126 3953 separet.

486 3964 709 4020 Etineo
731 3965 895 4036 quod
911 3965 1287 4037 signiﬁcabat
1316 3969 1735 4032 Petrus,ambo
1767 3976 1933 4027 erant
1958 3988 1970 4037 ;
2000 3972 2128 4027 etin

489 4069 560 4110 eo
595 4052 757 4125 quod
785 4053 1163 4123 signiﬁcabat
1189 4055 1472 4120 Joannes,
1507 4057 1688 4113 ambo
1728 4058 1906 4115 futuri
1940 4066 2128 4116 erant.

491 4142 897 4212 Signiﬁcando
910 4143 1409 4215 sequebaturiste,
1426 4146 1709 4203 manebat
1723 4147 1815 4203 ille
1844 4166 1856 4203 :
1891 4149 2132 4204 creden—

489 4231 566 4287 do
597 4236 797 4288 autem
827 4231 1010 4288 ambo
1031 4231 1194 4287 mala
1221 4233 1541 4304 prmsentia
1567 4234 1748 4305 hujus
1772 4238 2019 4292 miseriae
2051 4245 2135 4293 to-

490 4321 783 4387 lerabant,
812 4321 995 4378 ambo
1022 4321 1219 4379 futura
1246 4322 1580 4379 bonaillius
1606 4325 1986 4381 beatitudinis
2006 4342 2136 4382 exs-

491 4410 830 4483 pectabant.
858 4411 1096 4483 Necipsi
1121 4412 1250 4479 soli,
1271 4412 1376 4469 sed
1390 4414 1668 4470 universa
1680 4413 1795 4470 hoc
1809 4414 1942 4471 facit
1966 4430 2136 4472 sanc-

492 4504 553 4556 ta
592 4499 851 4556 Ecclesia
897 4517 1125 4573 sponsa
1154 4501 1385 4570 Christi,
1431 4502 1508 4558 ab
1559 4504 1681 4559 istis
1712 4504 2136 4560 teutationibus

493 4590 851 4654 eruenda,in
870 4590 971 4645 illa
988 4590 1260 4648 felicitate
1284 4591 1601 4648 servanda.
1627 4592 1785 4661 Quas
1809 4594 1961 4650 duas
1986 4594 2137 4649 vitas

494 4678 698 4733 Petrus
721 4684 774 4733 et
790 4680 1050 4734 Joannes
1069 4680 2021 4753 ﬁguraverunt,singulisingulas:
2044 4700 2136 4739 ve-

493 4781 627 4821 rum
648 4767 775 4821 etin
806 4766 920 4823 hac
948 4769 1823 4840 temporaliterambulaverunt
1843 4774 2023 4828 ambo
2038 4788 2139 4843 per

490 4853 759 4921 ﬁdem,et
773 4855 870 4911 illa
887 4856 1129 4912 insetern
1140 4874 1240 4913 um
1259 4858 1526 4913 fruentur
1539 4859 1720 4915 ambo
1735 4876 1839 4931 per
1852 4862 2135 4931 speciem.

493 4942 786 5000 Omnibus
802 4943 977 5014 igitur
992 4944 1213 5000 sanctis
1226 4946 1303 5000 ad
1316 4944 1529 5000 Christi
1543 4946 2141 5018 corpusinseparabi-

490 5031 621 5090 liter
646 5031 1096 5105 pertinentibus,
1130 5037 1371 5106 propter
1402 5033 1584 5105 hujus
1608 5034 1744 5090 vitae
1776 5034 2140 5107 procellosis-

930 108 1000 164 IN
1040 103 1337 164 JOANNIS
1376 103 1863 169 EVANGELIUM,
1900 103 1958 158 s.
2001 96 2385 159 AUGUSTINI
2425 88 2681 159 TRACT.
2724 104 2963 162 cxxrv.
3006 104 3239 162 CAPUT
3279 106 3419 161 xxr.

3744 105 3876 166 £976

2227 230 2394 285 simae
2417 228 2917 300 gubernaculum,
2942 230 3345 301 adligandaet
3369 230 3660 287 solvenda
3672 246 3879 303 pecca-

2224 321 2284 373 ta
2298 317 2496 374 claves
2509 318 2678 387 regni
2691 317 2976 374 caelorum
2993 320 3222 391 primus
3238 319 3661 391 Apostolorum
3676 319 3881 376 Petrus

2226 407 2454 478 accepit
2484 421 2498 463 :
2528 407 2761 464 eisdem
2778 408 3186 480 queomnibus
3218 409 3441 465 sanctis
3472 416 3717 481 propter
3742 409 3881 465 vitae

2224 495 2379 551 illius
2401 497 2812 552 secretissimae
2833 496 3279 569 quietissimum
3305 498 3528 563 sinum,
3544 514 3724 571 super
3748 512 3891 570 pec-

2227 589 2321 640 tus
2334 585 2543 642 Christi
2563 586 2829 641 Joannes
2840 587 3211 658 evangelista
3234 586 3561 643 discubuit.
3582 588 3891 653 Quoniam

2226 689 2337 730 nec
2365 674 2471 730 iste
2493 674 2674 739 solus,
2700 675 2807 730 sed
2840 676 3117 732 universa
3138 676 3399 732 Ecclesia
3421 675 3567 746 ligat
3585 676 3890 749 solvitque

2228 769 2473 835 peccata
2500 780 2514 819 :
2544 779 2653 819 nec
2676 763 2771 819 ille
2793 764 2853 819 in
2888 764 3181 837 principio
3211 765 3475 821 Verbum
3508 768 3684 821 Deum
3710 766 3892 837 apud

2232 854 2439 917 Deum,
2473 856 2530 908 et
2555 856 2772 908 caetera
2801 852 2875 907 de
2908 853 3119 909 Christi
3149 853 3483 922 divinitate,
3514 859 3570 909 et
3596 854 3669 910 de
3697 854 3892 911 totius

2230 940 2556 996 divinitatis
2590 940 2844 998 trinitate
2864 946 3043 1015 atque
3076 943 3300 998 unitate
3325 942 3628 1012 sublimia,
3658 959 3789 1016 quae
3818 942 3893 998 in

2230 1029 2330 1085 illo
2360 1044 2545 1099 regno
2559 1030 2713 1085 facie
2731 1030 2809 1086 ad
2834 1030 3049 1087 faciem
3074 1031 3563 1101 contemplanda,
3588 1046 3747 1087 nunc
3773 1047 3888 1087 au-

2234 1123 2353 1174 tem
2364 1119 2557 1174 donec
2573 1119 2772 1175 veniat
2793 1119 3104 1186 Dominus,
3126 1120 3185 1175 in
3206 1120 3449 1192 speculo
3464 1124 3642 1193 atque
3668 1120 3727 1176 in
3742 1120 3898 1176 aani-

2234 1212 2436 1279 gmate
2476 1210 2816 1265 contuenda
2847 1214 3005 1279 sunt,
3039 1226 3174 1282 quae
3200 1209 3585 1280 praedicando
3605 1214 3891 1273 ructaret,

2234 1296 2308 1353 de
2334 1298 2495 1353 fonte
2510 1297 2800 1353 Dominici
2826 1300 3083 1370 pectoris
3101 1297 3266 1355 solus
3286 1297 3437 1355 bibit
3467 1318 3479 1363 ;
3509 1299 3753 1370 sedipse
3771 1299 3862 1355 Do
3876 1329 3893 1341 -

2236 1387 2435 1442 minus
2454 1386 2655 1459 ipsum
2689 1388 3075 1458 Evangelium
3100 1404 3208 1460 pro
3236 1404 3345 1444 sua
3375 1389 3666 1461 cujusque
3703 1404 3896 1461 capa-

2236 1476 2409 1532 citate
2433 1476 2718 1532 omnibus
2748 1478 2871 1533 suis
2900 1477 3231 1534 bibendum
3274 1482 3396 1534 toto
3426 1482 3713 1534 terrarum
3741 1478 3902 1534 orbe

2235 1565 2487 1620 diﬁ’udit.
2524 1567 2669 1621 Sunt
2697 1566 2799 1637 qui
2828 1568 3141 1632 senserint,
3161 1570 3222 1622 et
3248 1567 3306 1623 hi
3335 1567 3581 1639 quidem
3600 1583 3716 1624 non
3745 1582 3900 1623 con-

2236 1654 2599 1726 temptibiles
2628 1655 2781 1711 sacri
2802 1656 3020 1728 eloquii
3037 1660 3405 1726 tractatores,
3420 1656 3905 1713 aChristoJoan-

2235 1758 2375 1799 nem
2405 1744 2744 1815 apostolum
2780 1751 3096 1817 propterea
3122 1745 3249 1817 plus
3274 1750 3566 1813 amatum,
3595 1746 3759 1819 quod
3793 1762 3909 1802 ne-

2235 1848 2353 1904 que
2385 1849 2632 1889 uxorem
2664 1834 2917 1901 duxerit,
2942 1838 2998 1889 et
3029 1834 3107 1890 ab
3139 1834 3375 1890 ineunte
3404 1834 3660 1907 pueritia
3684 1836 3904 1891 castis—

2238 1922 2422 1978 simus
2454 1922 2660 1978 vixerit
2690 1922 2957 1994 (Hicron.
2988 1924 3091 1979 tib.
3144 1930 3163 1979 1
3219 1932 3429 1980 contra
3452 1924 3900 1997 Jovinianum).

2234 2010 2354 2066 Hoc
2384 2011 2628 2083 quidem
2664 2011 2723 2066 in
2755 2011 3069 2083 Scripturis
3100 2013 3403 2068 canonicis
3438 2028 3559 2068 non
3587 2013 3908 2069 evidenter

2234 2106 2517 2171 apparet:
2552 2107 2967 2157 verumtamen
2990 2101 3051 2156 id
3076 2117 3319 2173 quoque
3350 2101 3606 2158 multum
3638 2102 3901 2172 adjuvat

2234 2189 2682 2260 congruentiam
2702 2190 2955 2261 hujusce
2978 2190 3306 2259 sententiae,
3330 2190 3494 2263 quod
3522 2190 3621 2247 illa
3641 2192 3757 2247 vita
3777 2207 3897 2263 per

2232 2294 2371 2334 eum
2412 2278 2744 2347 signiﬁcata
2770 2284 2877 2349 est,
2917 2278 3016 2334 ubi
3058 2295 3176 2334 non
3211 2285 3381 2335 erunt
3412 2281 3656 2351 nuptias.

2304 2370 2357 2422 8.
2396 2367 2497 2423 Hic
2527 2375 2607 2424 est
2638 2368 2967 2436 discipulus
2999 2369 3103 2425 ille
3132 2371 3239 2440 qui
3266 2369 3656 2425 testimonium
3683 2369 3896 2437 perhi-

2235 2457 2322 2512 bet
2351 2457 2423 2512 de
2454 2458 2563 2522 his,
2582 2462 2634 2511 et
2666 2458 2894 2529 scripsit
2924 2458 3080 2527 hate,-
3107 2466 3156 2513 et
3184 2459 3553 2529 scimusquia
3580 2474 3779 2513 verum
3799 2466 3901 2515 est

2232 2545 2622 2602 testimonium
2648 2549 2795 2617 eius.
2812 2547 2964 2602 Sunt
2987 2557 3205 2612 autem,
3234 2547 3447 2618 inquit,
3473 2554 3521 2603 et
3545 2546 3665 2606 alia
3690 2548 3902 2603 multa

2230 2649 2358 2706 qua:
2384 2635 2527 2703 fecit
2556 2636 2752 2703 Jesus,
2771 2651 2900 2707 qua
2921 2636 2972 2690 si
3000 2636 3347 2691 scribantur
3362 2651 3473 2705 per
3492 2636 3753 2705 singula,
3774 2651 3894 2692 nec

2228 2722 2421 2791 ipsum
2436 2723 2699 2779 arbitror
2712 2726 2994 2780 mundum
3006 2740 3212 2795 capere
3223 2740 3312 2781 eos
3324 2727 3427 2797 qui
3437 2724 3731 2780 scribendi
3741 2732 3893 2781 sunt

2233 2812 2432 2868 libros.
2450 2815 2575 2867 Non
2588 2814 2778 2883 spatio
2806 2814 3075 2869 locorum
3090 2813 3457 2869 credendum
3479 2818 3569 2869 est
3584 2813 3893 2871 mundum

2230 2917 2445 2972 capere
2475 2917 2595 2957 non
2620 2918 2814 2972 posse,
2848 2918 2983 2974 quae
3015 2902 3073 2957 in
3102 2918 3171 2957 eo
3200 2902 3376 2958 scribi
3408 2902 3715 2974 quomodo
3749 2918 3895 2974 pos-

2231 2997 2380 3057 sent,
2414 2992 2462 3046 si
2498 2991 2722 3063 scripta
2767 3008 2889 3048 non
2915 2993 3091 3048 ferret
3119 2993 3147 3048 ?
3180 2993 3286 3048 sed
3318 2993 3647 3064 capacitate
3683 2992 3883 3062 legen-

2232 3082 2378 3136 tium
2399 3080 2824 3152 comprehendi
2856 3081 3108 3137 fortasse
3134 3097 3253 3137 non
3280 3088 3527 3153 possent
3560 3099 3572 3137 :
3597 3082 3886 3154 quamvis

2231 3169 2394 3225 salva
2408 3185 2605 3225 rerum
2626 3170 2761 3235 ﬁde,
2778 3170 3133 3243 plerumque
3148 3170 3323 3226 verba
3343 3170 3627 3226 excedere
3642 3170 3894 3226 videan-

2231 3262 2325 3313 tur
2352 3257 2555 3313 ﬁdem.
2590 3259 2763 3323 Quod
2795 3275 2916 3314 non
2944 3258 3009 3314 ﬁt
3038 3258 3286 3331 quando
3309 3257 3532 3331 aliquid
3566 3258 3727 3330 quod
3756 3263 3894 3314 erat

2230 3346 2555 3401 obscurum
2570 3347 2661 3401 vel
2684 3346 2958 3413 dubium,
2988 3363 3176 3403 causa
3208 3351 3265 3403 et
3284 3348 3508 3403 ratione
3536 3346 3770 3403 reddita
3788 3362 3894 3402 ex—

2233 3434 2473 3506 ponitur
2500 3451 2512 3488 :
2548 3436 2649 3489 sed
2679 3436 2925 3508 quando
2954 3436 3014 3491 id
3045 3436 3207 3508 quod
3240 3441 3519 3508 apertum
3545 3441 3634 3492 est
3661 3434 3748 3490 vel
3781 3451 3894 3491 au—

2232 3529 2420 3594 getur,
2441 3523 2532 3579 vel
2562 3530 2938 3591 extenuatur,
2973 3541 3081 3581 nec
3115 3530 3313 3581 tamen
3342 3542 3378 3581 a
3403 3525 3636 3581 tramite
3670 3524 3897 3595 signiﬁo

2233 3612 2442 3668 caudae
2474 3614 2738 3669 veritatis
2772 3618 3001 3669 erratur
3034 3632 3047 3681 ;
3081 3614 3370 3686 quoniam
3410 3614 3492 3669 sic
3534 3614 3711 3669 verba
3758 3630 3889 3669 rem

2233 3717 2368 3775 quae
2398 3701 3031 3770 indicaturexcedunt,
3065 3708 3128 3759 ut
3153 3703 3427 3759 voluntas
3455 3702 3752 3775 loquentis
3777 3717 3894 3759 nec

2234 3790 2490 3845 fallentis
2520 3798 2827 3863 appareat,
2850 3792 2955 3864 qui
2981 3792 3147 3847 novit
3174 3807 3498 3864 quousque
3531 3791 3825 3855 credatur,
3856 3807 3899 3848 a

2234 3895 2357 3952 quo
2371 3880 2523 3935 ultra
2534 3896 2720 3952 quam
2737 3881 3104 3937 credendum
3120 3886 3212 3936 est
3226 3885 3317 3936 vel
3339 3881 3629 3936 minuitur
3642 3881 3898 3953 loquen-

2237 3969 2316 4025 do
2355 3968 2600 4040 aliquid,
2649 3969 2741 4025 vel
2774 3975 3044 4039 augetur.
3089 3969 3261 4026 Hunc
3302 3969 3587 4042 loquendi
3638 3970 3897 4026 modum

2238 4074 2434 4131 graeco
2458 4059 2719 4123 nomine,
2742 4075 2861 4115 non
2882 4059 3075 4115 solum
3093 4074 3441 4130 gramarum,
3472 4074 3680 4113 verum
3710 4060 3898 4116 etiam

2238 4148 2557 4202 latinarum
2588 4147 2915 4203 litterarum
2946 4149 3213 4218 magistri
3245 4146 3619 4219 hyperbolen
3653 4152 3899 4203 vocant.

2242 4234 2351 4300 Qui
2385 4235 2621 4300 modus,
2647 4235 2798 4291 sicut
2826 4235 2940 4291 hoc
2967 4237 3115 4301 loco,
3138 4237 3220 4291 ita
3249 4237 3304 4290 in
3338 4235 3643 4290 nonnullis
3667 4235 3904 4291 aliisdi-

2240 4323 2945 4381 vinisLitterisinvenitur
2969 4343 2983 4377 :
3006 4330 3067 4380 ut
3097 4331 3201 4390 est,
3236 4325 3565 4381 Posuerunt
3594 4325 3657 4379 in
3687 4325 3900 4381 (mlum

2243 4428 2304 4467 os
2329 4414 2705 4479 suum(Psat.
2732 4430 2901 4476 Lxxu,
2919 4418 3000 4479 9);
3027 4419 3102 4478 et,
3127 4414 3406 4470 Verticem
3421 4414 3631 4481 capilli
3656 4428 3904 4480 peram-

2246 4500 2574 4557 bulantium
2594 4502 3024 4557 indetictissuis
3053 4502 3229 4574 (Psal.
3266 4518 3439 4566 van,
3466 4503 3593 4570 22);
3623 4508 3682 4557 et
3710 4503 3904 4559 multa

2245 4590 2614 4660 hujusmodi,
2639 4607 2773 4663 quae
2790 4591 3101 4663 Scripturis
3116 4592 3468 4645 sanctisnon
3484 4590 3727 4656 desunt,
3747 4591 3905 4647 sicut

2245 4680 2341 4737 alii
2366 4681 2537 4750 tropi,
2570 4681 2681 4736 hoc
2703 4689 2793 4736 est
2821 4683 3190 4737 locutionum
3215 4682 3396 4736 modi.
3417 4682 3495 4736 De
3512 4681 3738 4753 quibus
3760 4698 3904 4753 ope-

2245 4771 2440 4826 rosius
2488 4770 2879 4840 disputarem,
2944 4771 3055 4826 nisi
3114 4769 3483 4841 Evangelista
3540 4771 3905 4826 terminante

2249 4858 2637 4930 Evangelium
2688 4876 2885 4921 suum.
2918 4861 3096 4915 etiam
3127 4862 3247 4932 ipse
3270 4858 3665 4932 compellerer
3696 4875 3902 4914 meum

2250 4948 2566 5004 terminare
2607 4965 2968 5005 sermonem.

1937 5259 2412 5295 W
