4182 6198
284 220 3696 267 M

806 379 962 530 S.
1081 378 1943 532 AURELII
2055 382 3184 535 AUGUSTINI

1313 611 2049 702 HIPPONENSIS
2172 615 2672 703 EPISCOPI

1190 802 1406 942 IN
1577 802 2807 949 EPISTOLAM

1216 1066 1773 1162 JOANNIS
1867 1068 2035 1160 AD
2151 1068 2758 1166 PARTHOS
2886 1174 2905 1179 η

949 1257 1983 1379 ἸἮΔαΤΛΤυὲ

2179 1261 2820 1382 DEGBM
2856 1252 2990 1389 (α).

1546 1453 2366 1837 ἶβισῖίῐῃιεί
2380 1721 2429 1773 .

342 1945 607 2002 Meminit
632 1947 921 2004 Sanctitas
952 1952 1153 2005 vestra
1186 1950 1573 2021 Evangelium
1603 1950 1934 2007 secundum

259 2037 565 2092 Joannem
590 2052 663 2092 ex
692 2036 900 2093 ordine
929 2036 1250 2094 lectionum
1282 2055 1393 2095 nos
1415 2040 1606 2096 solere
1636 2044 1889 2097 tractare
1917 2057 1931 2096 :

257 2124 373 2179 sed
389 2125 533 2196 quia
550 2140 708 2180 nunc
738 2125 1092 2197 interposita
1111 2132 1197 2183 est
1219 2128 1567 2186 solemnitas
1590 2135 1934 2186 sanctorum

259 2212 527 2277 dierum,
552 2213 772 2286 quibus
792 2220 983 2272 certas
996 2231 1063 2272 ex
1080 2217 1396 2287 Evangelio
1408 2218 1689 2275 lectiones
1702 2222 1936 2291 oportet

258 2302 331 2357 in
362 2301 619 2357 Ecclesia
632 2304 880 2370 recitari,
898 2305 1130 2376 quaeita
1149 2312 1288 2362 sunt
1315 2322 1550 2372 annuae,
1576 2313 1640 2363 ut
1659 2306 1791 2363 alia:
1806 2323 1935 2363 esse

258 2406 397 2446 non
412 2392 639 2462 possint
652 2391 761 2464 (b);
778 2392 927 2449 ordo
940 2392 1033 2449 ille
1047 2410 1228 2465 quem
1244 2411 1937 2467 susceperamus,neces—

260 2480 446 2535 sitate
471 2480 783 2551 paululum
808 2482 1182 2538 intermissus
1201 2489 1306 2549 est,
1332 2500 1453 2540 non
1478 2485 1754 2540 amissus.
1786 2488 1934 2542 Cum

262 2573 473 2624 autem
504 2570 831 2640 cogitarem
857 2572 1003 2644 quid
1027 2572 1360 2628 secundum
1393 2574 1753 2629 hilaritatem
1782 2590 1935 2646 prae-

263 2657 533 2714 sentium
555 2659 787 2714 dierum
816 2676 924 2732 per
952 2660 1111 2717 hanc
1134 2660 1587 2718 hebdomadam
1617 2664 1933 2719 vobiscum

265 2746 354 2801 de
378 2747 689 2817 Scripturis
703 2764 966 2818 agerem,
986 2755 1280 2821 quantum
1308 2751 1593 2807 Dominus
1611 2752 1837 2807 donare
1850 2752 1935 2807 di-

265 2840 514 2906 gnatur,
545 2835 705 2906 quod
739 2843 943 2906 posset
969 2838 1029 2892 in
1053 2837 1180 2893 istis
1205 2845 1429 2910 septem
1457 2839 1547 2893 vel
1567 2847 1702 2895 octo
1722 2840 1935 2896 diebus

262 2923 455 2989 ﬁniri,
472 2925 723 2980 occurrit
748 2925 893 2981 mihi
920 2926 1182 2998 Epistola
1203 2927 1357 2983 beati
1382 2928 1661 2987 Joannis:
1688 2930 1935 3000 utcujus

265 3011 665 3083 Evangelium
681 3014 991 3085 paululum
1008 3017 1512 3088 intermisimus,ej
1526 3034 1591 3071 us
1604 3016 1935 3088 Epistolam

262 3103 591 3158 tractando
617 3104 695 3159 ab
722 3119 792 3159 eo
810 3119 930 3159 non
951 3105 1305 3161 recedamus
1330 3124 1344 3173 ;
1368 3106 1696 3177 praesertim
1715 3107 1858 3178 quia
1875 3106 1933 3161 in

265 3193 415 3264 ipsa
433 3192 689 3263 Epistola
710 3193 856 3248 satis
877 3193 1034 3249 dulci
1056 3194 1344 3250 omnibus
1367 3195 1589 3267 quibus
1613 3212 1830 3251 sanum
1848 3200 1936 3252 est

268 3279 548 3352 palatum
581 3281 796 3347 cordis,
828 3281 933 3337 ubi
966 3282 1164 3355 sapiat
1188 3283 1364 3354 panis
1397 3284 1519 3347 Dei,
1552 3290 1606 3340 et
1639 3285 1780 3340 satis
1811 3301 1936 3340 me-

271 3368 555 3424 morabili
601 3370 661 3425 in
693 3374 899 3427 sancta
930 3372 1191 3427 Ecclesia
1232 3373 1354 3438 Dei,
1385 3373 1645 3428 maxime
1676 3373 1936 3429 Charitas

271 3458 766 3515 commendatur.
789 3462 1043 3516 Locutus
1058 3466 1142 3516 est
1156 3460 1363 3526 multa,
1380 3466 1430 3517 et
1447 3478 1632 3533 prope
1646 3463 1850 3518 omnia
1862 3463 1936 3518 de

271 3547 597 3603 Cliaritate.
625 3548 733 3612 Qui
763 3547 944 3604 habet
967 3549 1026 3603 in
1057 3564 1120 3603 se
1153 3549 1310 3605 unde
1337 3550 1561 3620 audiat,
1589 3567 1834 3607 necesse
1852 3557 1938 3608 est

273 3636 539 3707 gaudeat
561 3637 637 3693 ad
668 3638 833 3710 quod
861 3638 1047 3712 audit.
1078 3639 1168 3695 Sic
1187 3639 1345 3695 enim
1369 3640 1451 3696 illi
1473 3640 1584 3696 erit
1613 3641 1784 3696 lectio
1802 3641 1934 3707 ista,

274 3732 570 3797 tanquam
596 3724 796 3782 oleum
826 3726 884 3782 in
912 3726 1197 3794 ﬂamma;
1218 3728 1265 3782 si
1299 3734 1383 3785 est
1410 3728 1492 3784 ibi
1525 3730 1687 3801 quod
1712 3731 1940 3786 nutria-

275 3818 679 3881 tur,nutritur,
696 3817 987 3883 etcrescit,
1004 3822 1059 3872 et
1073 3823 1402 3888 permanet.
1418 3820 1555 3873 Item
1572 3818 1939 3890 quibusdam

273 3905 362 3959 sic
393 3919 525 3959 esse
547 3903 745 3973 debet,
778 3910 1071 3978 tanquam
1094 3905 1346 3962 ﬂamma
1371 3907 1449 3963 ad
1473 3906 1742 3962 fomitem
1770 3923 1783 3973 ;
1810 3912 1874 3962 ut
1891 3908 1942 3963 si

274 4009 400 4049 non
415 3992 686 4060 ardebat,
702 3994 1021 4050 accedente
1041 4010 1319 4050 sermone
1334 3995 1717 4051 accendatur.
1734 3997 1794 4051 In
1813 3996 1943 4068 qui:

276 4081 543 4138 busdam
556 4082 717 4138 enim
732 4084 986 4139 nutritur
997 4083 1163 4155 quod
1176 4085 1351 4150 est,in
1366 4084 1722 4156 quibusdam
1736 4101 1945 4141 accen-

274 4170 440 4226 ditur
468 4171 514 4226 si
546 4170 751 4238 deest;
788 4178 848 4226 ut
877 4187 1090 4227 omnes
1128 4172 1187 4227 in
1222 4188 1342 4227 una
1364 4172 1653 4229 cbaritate
1684 4174 1945 4243 gaudea-

278 4277 441 4317 mus.
465 4259 571 4316 Ubi
599 4266 798 4316 autem
822 4260 1099 4327 charitas,
1126 4260 1205 4317 ibi
1229 4278 1345 4333 pax
1370 4268 1458 4328 ;et
1485 4262 1585 4318 ubi
1613 4263 1941 4320 humilitas.

2042 1951 2127 2008 ibi
2144 1952 2777 2025 charitas.Jamipsum
2802 1952 3161 2025 audiamus;
3185 1953 3324 2009 etad
3339 1954 3467 2025 ejus
3492 1952 3698 2019 verba,

2042 2056 2176 2112 quas
2210 2042 2497 2097 Dominus
2534 2038 2815 2112 suggerit,
2843 2043 3022 2098 etiam
3061 2041 3233 2099 vobis
3266 2046 3329 2098 ut
3354 2042 3507 2097 bene
3537 2041 3703 2097 intel-

2041 2128 2257 2200 ligatis,
2286 2129 2628 2202 loquamur.

2630 2256 2761 2311 TRA
2771 2255 3033 2310 CTATL'S
3074 2255 3116 2309 Ι.

2043 2380 2127 2435 De
2162 2394 2225 2435 eo
2257 2379 2417 2451 quod
2459 2380 2710 2436 Joannes
2741 2379 2965 2445 scribit,
3017 2378 3186 2444 Quod
3218 2382 3346 2435 erat
3385 2378 3461 2435 ab
3506 2378 3696 2444 initio,

2112 2468 2276 2540 quod
2315 2467 2677 2539 audivimus,
2714 2472 2767 2523 et
2807 2468 2971 2540 quod
3014 2467 3297 2533 vidimus,
3344 2474 3475 2536 etc.,
3518 2482 3699 2538 usque

2112 2557 2193 2612 ad
2234 2557 2316 2625 id,
2349 2558 2645 2621 Quoniam
2695 2556 2954 2611 tenebrae
2998 2561 3445 2611 excwcaverunt
3489 2554 3697 2611 oculos

2112 2647 2263 2716 ejus.
2300 2644 2446 2714 Cap.
2482 2662 2516 2710 ι,
2547 2649 2603 2700 et
2632 2659 2763 2713 cap.
2795 2660 2859 2710 ll,
2891 2644 2954 2705 ἲν.
2977 2644 3127 2698 1-11.

2116 2756 2133 2806 1
2152 2794 2163 2806 .
2191 2751 2358 2819 Quod
2374 2758 2499 2806 erat
2512 2750 2587 2807 ab
2609 2750 2799 2814 initio,
2825 2750 2985 2822 quod
3003 2749 3359 2816 audivimus,
3373 2755 3426 2804 et
3447 2749 3607 2821 quod
3618 2748 3699 2805 vi-

2041 2840 2235 2896 dimus
2257 2841 2443 2895 oculis
2470 2841 2708 2907 nostris,
2738 2846 2791 2896 et
2819 2844 3698 2896 manusnostrwtractaverunt

2041 2930 2112 2985 de
2142 2929 2320 2985 Verbo
2340 2930 2489 2986 vitae.
2508 2929 2648 2994 Quis
2662 2936 2748 2983 est
2764 2930 2866 3000 qui
2889 2929 3389 2984 manibustractat
3413 2926 3696 2993 Verbum,

2038 3018 2152 3073 nisi
2182 3017 2324 3088 quia
2364 3017 2615 3073 Verbum
2651 3031 2792 3073 caro
2829 3018 3065 3084 factum
3092 3023 3195 3083 est,
3233 3022 3287 3072 et
3319 3015 3611 3073 habitavit
3630 3017 3695 3071 in

2042 3105 2247 3161 nobis?
2269 3108 2387 3160 Hoc
2408 3109 2610 3161 autem
2632 3103 2888 3159 Verbum
2910 3105 3076 3177 quod
3098 3120 3237 3161 caro
3260 3104 3482 3161 factum
3505 3110 3613 3171 est,
3639 3108 3701 3161 ut

2042 3194 2325 3250 manibus
2349 3197 2716 3256 tractaretur,
2741 3193 2917 3263 ccepit
2935 3209 3064 3248 esse
3085 3209 3224 3249 caro
3246 3210 3318 3248 ex
3334 3194 3560 3263 virgine
3588 3195 3701 3249 Ma-

2040 3283 2129 3339 ria
2151 3301 2164 3338 :
2185 3282 2290 3338 sed
2316 3298 2436 3339 non
2470 3287 2607 3337 tunc
2630 3283 2808 3353 coepit
2826 3264 3098 3347 Verbu'm,
3123 3281 3268 3354 quia
3290 3282 3441 3353 quod
3467 3289 3595 3337 erat
3617 3282 3693 3338 ab

2040 3372 2211 3428 initio
2255 3372 2423 3428 dixit.
2469 3371 2663 3426 Videte
2695 3370 2748 3425 si
2778 3386 2901 3426 non
2942 3376 3251 3426 attestatur
3292 3370 3555 3440 Epistola
3588 3385 3698 3426 sua

2044 3461 2362 3531 Evangelio
2383 3476 2511 3525 suo,
2538 3461 2637 3515 ubi
2662 3459 2842 3515 modo
2867 3458 3135 3524 audistis,
3154 3459 3222 3514 In
3245 3457 3545 3527 principio
3567 3463 3694 3513 erat

2054 3551 2324 3614 Verbum,
2346 3556 2398 3605 et
2434 3550 2683 3606 Verbum
2701 3555 2830 3605 erat
2852 3549 3017 3618 apud
3047 3550 3226 3605 Deum
3245 3547 3441 3619 (Joan.
3463 3563 3500 3613 ι,
3522 3546 3695 3617 14,1).

2045 3642 2209 3696 Forte
2236 3640 2309 3693 de
2332 3638 2519 3693 Verbo
2543 3639 2677 3693 vitm
2697 3637 2778 3693 sic
2799 3638 3053 3709 quisque
3067 3637 3324 3708 accipiat
3339 3635 3515 3708 quasi
3536 3634 3699 3691 locu-

2043 3729 2265 3785 tionem
2316 3726 2650 3798 quamdam
2682 3726 2756 3781 de
2796 3725 3042 3791 Christo,
3076 3741 3196 3781 non
3237 3725 3435 3796 ipsum
3479 3739 3699 3795 corpus

2047 3816 2257 3873 Christi
2273 3815 2437 3887 quod
2454 3815 2735 3870 manibus
2760 3818 3075 3870 tractatum
3096 3818 3205 3870 est.
3233 3814 3431 3869 Videte
3448 3812 3594 3884 quid
3613 3829 3700 3869 se-

2048 3911 2267 3977 quatur
2291 3920 2303 3959 :
2332 3904 2409 3959 Et
2436 3905 2565 3973 ipsa
2587 3903 2709 3960 vita
2731 3902 3119 3973 manifestata
3144 3908 3245 3960 est.
3272 3901 3696 3972 Christusergo

2051 3994 2309 4049 Verbum
2330 3994 2484 4048 vitae.
2514 3994 2579 4048 Et
2606 3991 2764 4048 unde
2790 3990 3172 4048 manifestata
3200 3996 3290 4047 est
3314 3991 3343 4047 ‘i
3377 3992 3515 4046 Erat
3534 3990 3695 4047 enim

2051 4082 2325 4147 abinitio,
2354 4081 2458 4136 sed
2480 4096 2601 4136 non
2628 4085 2752 4137 erat
2767 4080 3147 4137 manifestata
3164 4080 3511 4136 hominibus
3537 4094 3550 4133 :
3574 4095 3701 4135 ma-

2052 4171 2325 4227 nifestata
2349 4176 2549 4227 autem
2571 4176 2694 4226 erat
2718 4171 2913 4241 Agelis
2944 4170 3303 4237 videntibus,
3322 4176 3377 4225 et
3406 4173 3698 4240 tanquam

2052 4276 2210 4334 pane
2228 4276 2336 4316 suo
2348 4260 2707 4317 cibantibus.
2724 4259 2839 4315 Sed
2860 4260 3006 4331 quid
3025 4259 3105 4316 ait
3120 4258 3457 4331 Scriptura?
3473 4258 3696 4313 Panem

1563 4383 1835 4420 ADMONITIO
1866 4386 1940 4420 PP.
1974 4383 2425 4420 ΒεΝιςοιοΤΙΝοιιυκ.

337 4456 434 4528 ῌξε
449 4454 791 4528 Tractatibus
806 4456 1134 4528 castigandis
1150 4457 1389 4507 subsidio
1388 4458 1621 4528 _t'uerunt
1636 4458 1847 4528 _codices
1861 4459 2046 4528 Mss.,_e
2063 4459 2346 4528 Digotiana
2366 4457 2688 4528 bibliotheca
2708 4456 2833 4528 duo,
2849 4470 2913 4506 ex
2938 4454 3258 4528 Michaelina
3277 4457 3330 4528 et
3350 4453 3701 4528 Germanens-

272 4518 522 4589 totidem,
540 4516 1108 4589 .ex__l{emigiana_t_res,
1133 4535 1274 4589 unus
1300 4535 1365 4570 ex
1388 4522 1815 4589 Theo_dcr_ice_nsi_
1828 4516 2224 4589 vetustissimus
2257 4526 2310 4569 et
2334 4523 2566 4589 optimae
2585 4524 2753 4589 notae,
2774 4521 2903 4589 item
2934 4532 3083 4589 unus.
3099 4532 3164 4567 ex
3200 4517 3546 4589 Benigniana,
3575 4516 3699 4589 Vin-

272 4582 573 4651 docinensi,
603 4577 944 4651 gloriacensi,
968 4583 1338 4651 Vincentiana,
1364 4598 1503 4651 unus
1528 4584 1768 4651 Ecclesiae
1799 4585 2195 4651 Laudunensis,
2210 4597 2354 4651 _un_us
2375 4577 2618 4651 ithbatige
2650 4582 2699 4651 S.
2720 4581 2959 4651 Quintini
2982 4577 3370 4651 Bellovacensi's
3396 4593 3406 4635 ;
3430 4578 3566 4651 alius
3589 4577 3695 4633 Bel,

269 4644 586 4709 lovacensis
607 4644 983 4709 Ecclesiaeqm
1002 4645 1070 4694 ad
1092 4646 1293 4695 calcem
1324 4649 1541 4695 notatur
1557 4647 1785 4709 scriptus
1812 4660 1955 4696 anno
1971 4647 2222 4697 Clotharii
2256 4644 2769 4709 Regisduodecjmo
2794 4643 3131 4709 :tumetiam
3158 4640 3699 4709 variant_es_lectiones

271 4720 408 4771 quas
424 4721 487 4755 ex
500 4707 737 4771 quinque
752 4703 971 4770 Belgicis
987 4709 1489 4771 Mss.excerpserunt
1500 4703 1860 4759 Lovariienses
1873 4703 2401 4760 Doctores.Perlectae
2415 4707 2633 4755 demum
2646 4706 2867 4755 fuerunt
2878 4705 3136 4756 cditiones
3148 4706 3263 4753 Am.
3274 4704 3396 4754 Bad.
3412 4704 3555 4754 Er.et
3564 4703 3695 4753 Lov.

271 4795 841 4885 Comparavimus
866 4810 1211 4887 praeterea
1262 4821 1374 4865 eas
1412 4821 1640 4865 omnes
1680 4798 2011 4867 editiones
2040 4796 2240 4864 initio
2279 4796 2462 4863 Retr.
2491 4801 2559 4862 et
2599 4795 2906 4862 Confess.
2945 4808 2992 4861 ί.
3035 4796 3096 4878 1,
3141 4806 3550 4861 memoratas
3600 4792 3691 4859 M.

334 4948 411 5005 (α)
438 4944 632 5007 Scripti
653 4945 860 4995 circiter
884 4944 1076 4997 Christi
1107 4959 1309 4995 annum
1331 4948 1440 4995 416.

334 5008 410 5063 tb)
442 5006 499 5055 Id
523 5006 717 5069 nempe
747 5010 908 5057 etiam
940 5010 992 5057 in
1019 5008 1271 5058 Sermone
1296 5010 1405 5066 232,
1424 5024 1477 5058 n.
1511 5010 1556 5065 1,
1584 5012 1637 5059 et
1663 5011 1772 5065 239,
1805 5024 1858 5058 n.
1892 5011 1938 5065 1,

273 5069 336 5135 ds
353 5070 636 5135 Tempore,
656 5074 887 5120 testatur
906 5086 1005 5135 usu
1021 5075 1292 5135 receptum
1310 5070 1492 5135 fuisse,
1517 5075 1575 5135 ut
1603 5073 1838 5135 Paschali
1861 5087 1939 5122 so-

274 5131 554 5205 lemnitate
572 5146 667 5205 per
690 5137 894 5205 septem
924 5133 1007 5183 vel
1025 5131 1157 5182 octo'
1176 5133 1289 5205 dies
1314 5133 1843 5205 historiaPominicze
1865 5148 1941 5184 re-

276 5195 631 5259 surrectionis
658 5195 970 5245 recitaretur
998 5196 1296 5245 secundum
1326 5210 1513 5246 omnes
1538 5197 1938 5259 Evangelistas:

275 5271 373 5306 nec
385 5257 581 5307 eodem
600 5270 812 5321 semper
824 5259 1028 5315 ordine,
1044 5259 1134 5307 sed
1149 5259 1223 5308 ita
1238 5263 1297 5308 ut
1310 5259 1461 5308 Lucae
1476 5260 1681 5309 Marcus
1695 5257 1941 5309 nonnun-

275 5333 439 5383 quam
451 5321 1090 5383 postponeretur.Etvero
1100 5322 1940 5383 Tractatushicsecundus,quem

275 5383 687 5457 secundmferim
698 5383 913 5457 Paschae
930 5385 1171 5457 assignat
1180 5384 1579 5457 vetustissimus
1596 5383 1943 5457 codexj‘heo-

277 5443 679 5517 dericensis,‘ex
690 5447 864 5517 ipsius
885 5443 1381 5517 initio'intelligitur
1402 5447 1624 5517 habitus
1635 5460 1703 5517 _ca
1732 5448 1817 5517 die
1834 5460 1941 5517 qua

278 5507 448 5557 Lucas
469 5507 537 5555 de
561 5507 655 5558 illa
674 5507 886 5558 duobus
907 5509 1185 5560 discipulis
1208 5507 1460 5559 Einmaus
1480 5510 1733 5560 euntibus
1749 5507 1940 5559 Christi

277 5570 808 5683 apgaritionelectus
824 5571 1020 5644 fuerat.
1047 5570 1251 5622 Pascha
1271 5576 1451 5621 autem
1472 5574 1525 5645 in
1546 5575 1575 5621 2
1605 5572 1795 5636 Aprilis
1816 5572 1943 5621 inci-

279 5631 342 5682 de
382 5637 442 5683 at
463 5646 608 5683 anno
625 5633 716 5683 illo
739 5635 854 5686 416.
869 5649 953 5684 cui
970 5648 1080 5684 non
1100 5639 1299 5686 temere
1322 5635 1593 5686 adscr-ibas
1616 5635 1773 5685 hosce
1788 5636 1943 5684 Trac-

282 5697 448 5748 tatus:
470 5696 672 5762 quippe
683 5710 821 5762 quos
833 5697 1125 5763 cceptajam
1135 5698 1261 5751 ante
1277 5699 1332 5750 in
1350 5698 1573 5753 Joannis
1584 5698 1940 5764 Evangelium

2045 4946 2700 5015 Trac.t_at_ione,eademque
2712 4946 2999 5015 paulisper:
2996 4945 3315 5015 intermissa,
3323 4958 3456 5015 pron
3464 4943 3699 5015 untiatos

2047 5022 2145 5060 ase
2159 5009 2289 5077 dicit
2302 5007 2635 5072 Augustinus
2650 5010 2703 5057 in
2713 5007 2959 5077 Prologo.
2970 5010 3039 5057 De
3052 5009 3134 5077 his
3150 5007 3300 5056 nulla
3318 5007 3585 5077 mentioin
3598 5007 3697 5076 Re-

2049 5067 2426 5122 tractationum
2445 5086 2623 5135 opere,
2652 5086 2757 5135 quo
2774 5067 3027 5135 nimirum
3048 5070 3277 5135 solosex
3294 5067 3575 5135 Opusculis
3588 5068 3699 5135 suis

2046 5135 2209 5184 libros
2221 5128 2505 5191 recensuit:
2523 5128 2745 5198 sperans
2761 5134 2906 5183 aliud
2924 5146 3026 5206 aee
3041 5132 3307 5182 edendum
3321 5128 3456 5241 atrus
3470 5130 3524 5177 in
3541 5128 3697 5200 Epis-

2047 5197 2184 5241 tolas
2201 5200 2253 5241 et
2271 5198 2549 5241 Tractatus
2566 5197 2871 5241 nonulares.
2891 5200 2968 5241 uti
2985 5195 3051 5241 ad
3069 5194 3217 5241 Ouod
3227 5194 3335 5241 vult
3378 5205 3519 5241 eum.
3536 5190 3696 5241 Ernst.

2047 5197 2184 5263 telas
2201 5200 2253 5245 et
2271 5190 2871 5263 '_Ifr_actatu_s'p9pula_res,
2891 5197 2968 5263 uti
2985 5195 3051 5263 ad
3069 5194 3217 5254 Quod
3227 5190 3499 5263 vultdeum
3507 5229 3519 5263 ε
3536 5190 3696 5263 Epist.

2047 5259 2155 5313 224.
2188 5259 2391 5308 scribit.
2424 5261 2492 5309 At
2515 5253 2581 5307 in'
2599 5253 2819 5307 Possidii
2836 5253 3098 5312 lndiculo,
3116 5270 3239 5319 cap.
3266 5257 3313 5319 9,
3339 5257 3596 5319 notantur
3616 5253 3700 5304 his

2048 5321 2223 5370 verbis
2260 5335 2271 5368 ε
2314 5338 2339 5367 α
2375 5321 2445 5369 De
2501 5320 2994 5383 Epistolaiioannis
3032 5319 3097 5368 ad
3151 5316 3372 5383 Parthos
3415 5316 3698 5383 Sermones

2049 5383 2264 5433 (decem
2295 5401 2339 5430 ι).
2373 5383 2431 5431 In
2462 5378 2713 5431 omnibus
2744 5382 2868 5431 Mss.
2896 5380 3209 5430 tribuuntur
3230 5380 3530 5441 Augustino
3558 5392 3570 5435 ;
3603 5378 3698 5428 sed

2048 5448 2102 5495 in
2138 5444 2479 5509 paucioribus
2503 5446 2799 5509 Tractatus,
2837 5444 2891 5492 in
2926 5442 3370 5509 aliis__Ser_-mone_s,
3402 5445 3491 5509 a_ut
3519 5441 3699 5509 Homi-

2047 5504 2535 5563 liae‘inscribuntur,
2558 5507 2740 5557 addito
2757 5506 2810 5554 in
2831 5505 3106 5555 nonnullis
3125 5505 3298 5561 titulo,
3317 5505 3389 5554 De
3412 5504 3696 5554 Charitate.

2049 5573 2106 5641 In
2133 5572 2257 5641 Mss.
2285 5570 2514 5641 denique
2544 5569 2963 5641 Prologuspars.
2986 5572 3071 5641 es_t_
3091 5569 3248 5641 primi
3276 5569 3699 5641 Tractatusnnec

2048 5634 2114 5684 ab
2138 5634 2255 5697 ipso
2285 5636 2414 5683 nota
2428 5630 2541 5684 ulla
2569 5632 2651 5683 vel
2680 5630 2846 5689 tituli;
2865 5635 2922 5682 ut
2952 5633 3006 5682 in
3034 5630 3270 5689 Excusis,
3294 5630 3695 5696 interpositione

2049 5696 2394 5747 disiungitur.

2088 5696 2394 5762 isjungitur.
