4182 6198
503 181 643 237 1979

505 308 876 377 Angelorum
907 305 1295 363 manducavit
1325 306 1494 361 homo
1537 300 1723 368 (Psal.
1775 308 1987 358 Lxxvu,
2019 290 2140 360 25).

503 399 653 464 Ergo
701 395 1082 452 manifestata
1127 400 1216 451 est
1243 396 1374 466 ipsa
1402 392 1524 447 vita
1566 389 1626 443 in
1664 400 1841 442 carne
1871 398 1885 449 ;
1917 381 2059 453 quia
2089 380 2148 433 in

501 483 981 540 manifestatione
1003 485 1196 556 posita
1216 488 1320 549 est,
1341 487 1402 537 ut
1423 497 1515 535 res
1546 493 1680 550 quae
1699 475 1823 530 solo
1855 469 2034 528 corde
2065 467 2151 522 vi-

500 573 625 628 deri
655 578 872 643 potest,
902 575 1203 629 videretur
1227 577 1288 628 et
1321 569 1529 636 oculis,
1565 572 1624 622 ut
1664 564 1848 620 corda
1878 562 2139 616 sanaret.

502 661 638 718 Solo
663 662 822 717 enim
854 663 1031 718 corde
1079 663 1311 719 videtur
1335 659 1597 715 Verbum
1629 673 1640 710 :
1675 670 1814 710 caro
1849 653 2050 706 autem
2096 649 2151 701 et

502 751 690 807 oculis
722 751 1135 822 corporalibus
1171 750 1418 807 videtur.
1457 751 1587 802 Erat
1620 744 1777 799 unde
1808 740 2148 796 videremus

502 855 764 904 carnem,
799 840 902 894 sed
934 855 1054 895 non
1097 844 1222 896 erat
1268 838 1427 893 unde
1459 835 1798 890 videremus
1840 828 2099 884 Verbum
2133 842 2146 881 :

500 928 722 983 factum
754 933 840 984 est
866 930 1125 984 Verbum
1161 945 1320 994 caro,
1366 942 1550 998 quam
1579 924 1774 980 videre
1806 933 2148 992 possemus,

503 1020 565 1072 ut
595 1023 906 1072 sanaretur
936 1019 994 1072 in
1028 1018 1204 1074 nobis
1236 1017 1394 1072 unde
1428 1014 1685 1070 Verbum
1717 1011 2072 1066 videremus.

569 1108 620 1158 2.
665 1106 740 1160 Et
772 1105 1045 1170 vidimus,
1078 1112 1130 1162 et
1166 1110 1330 1162 testes
1360 1119 1582 1159 sumus.
1619 1104 1782 1157 Forte
1816 1097 1996 1168 aliqui
2038 1095 2151 1149 fra-

503 1196 655 1247 trum
671 1195 963 1260 nesciunt,
979 1195 1079 1266 qui
1093 1210 1282 1265 graece
1295 1209 1414 1248 non
1432 1208 1510 1246 nu
1521 1196 1674 1256 runt,
1689 1187 1836 1258 quid
1851 1185 1970 1240 sint
1983 1189 2150 1240 testes

502 1296 692 1350 graece
721 1300 733 1337 :
763 1286 820 1339 et
846 1284 1126 1339 usitatum
1155 1297 1376 1338 nomen
1404 1285 1493 1335 est
1522 1277 1806 1333 omnibus
1837 1279 1893 1328 et
1921 1272 2153 1341 religio-

505 1385 640 1424 sum
662 1388 679 1440 ;
710 1386 863 1441 quos
894 1371 1052 1426 enim
1079 1376 1253 1426 testes
1279 1371 1455 1425 latine
1484 1366 1758 1428 dicimus,
1787 1376 1972 1432 graece
2000 1375 2153 1415 mar-

503 1462 663 1528 tyres
691 1463 852 1516 sunt.
896 1460 1036 1525 Quis
1061 1466 1261 1515 autem
1304 1473 1425 1514 non
1452 1454 1679 1512 audivit
1709 1456 2021 1522 martyres,
2052 1452 2155 1504 aut

502 1547 565 1603 in
587 1547 760 1616 cujus
789 1548 1090 1604 christiani
1108 1564 1208 1604 ore
1239 1563 1360 1602 non
1391 1543 1654 1617 quotidie
1676 1541 1904 1596 habitat
1931 1551 2152 1593 nomen

503 1642 834 1708 martyrum
867 1637 893 1690 ?
922 1638 1110 1708 Atque
1143 1637 1368 1693 utinam
1421 1636 1501 1690 sic
1532 1632 1753 1688 habitet
1782 1635 1838 1685 et
1863 1628 1921 1684 in
1953 1626 2150 1691 corde,

504 1724 901 1794 utpassiones
928 1730 1259 1797 martyrum
1285 1725 1604 1786 imitemur,
1627 1736 1745 1776 non
1767 1735 1868 1774 eos
1889 1716 2155 1773 calcibus

503 1829 940 1886 persequamur
970 1815 982 1869 1
1018 1817 1166 1882 Ergo
1197 1815 1311 1870 hoc
1359 1812 1523 1877 dixit,
1567 1810 1846 1873 Vidimus,
1901 1812 1952 1863 et
1987 1812 2154 1862 testes

501 1919 702 1958 sumus
723 1923 742 1960 :
774 1902 1440 1974 Vidimus,etmartyres
1470 1917 1696 1956 sumus.
1728 1896 2156 1952 Testimonium

505 1992 664 2047 enim
687 1992 944 2048 dicendo
965 2008 1038 2047 ex
1064 2009 1133 2049 eo
1159 1992 1322 2064 quod
1355 1991 1646 2053 viderunt,
1666 1993 1720 2043 et
1751 1984 2154 2042 testimonium

507 2080 762 2137 dicendo
789 2098 860 2137 ex
878 2098 948 2137 eo
970 2083 1131 2154 quod
1158 2081 1475 2138 audierunt
1499 2080 1572 2134 ab
1603 2078 1694 2133 his
1724 2076 1826 2149 qui
1856 2075 2152 2138 viderunt,

504 2186 644 2225 cum
666 2170 1005 2242 displiceret
1024 2172 1226 2242 ipsum
1249 2168 1656 2227 testimonium
1685 2164 2032 2222 hominibus
2055 2162 2156 2218 ad-

505 2274 712 2314 versus
733 2275 887 2331 quos
904 2260 1233 2326 dicebatur,
1257 2260 1423 2332 passi
1445 2262 1585 2313 sunt
1605 2257 1809 2313 omnia
1829 2270 1964 2326 quae
1997 2251 2155 2324 passi

505 2354 645 2404 sunt
674 2355 989 2422 martyres.
1014 2349 1212 2405 Testes
1246 2349 1344 2404 Dei
1374 2355 1511 2404 sunt
1537 2351 1847 2417 martyres.
1873 2344 2157 2398 Deustes-

503 2442 594 2493 tes
622 2438 842 2494 habere
874 2437 1374 2501 voluithomiues,
1413 2443 1470 2490 ut
1511 2441 1565 2491 et
1594 2434 1867 2490 homines
1895 2431 2158 2487 habeant

502 2530 713 2581 testem
741 2527 946 2582 Deum.
993 2527 1272 2591 Vidimus,
1295 2525 1502 2596 inquit,
1532 2531 1584 2580 et
1608 2529 1775 2580 testes
1796 2536 2016 2576 sumus.
2048 2519 2155 2574 Ubi

507 2614 835 2669 viderunt?
867 2615 928 2668 In
961 2615 1456 2669 manifestatione.
1487 2611 1638 2677 Quid
1670 2611 1855 2677 est,in
1881 2608 2161 2664 manifes-

509 2702 731 2757 tatione
761 2701 789 2756 ‘1‘
818 2703 880 2757 In
913 2702 1057 2771 sole,
1087 2703 1147 2757 id
1190 2708 1280 2758 est
1307 2701 1366 2756 in
1411 2702 1525 2756 hac
1555 2700 1702 2754 luce.
1749 2699 1912 2754 Unde
1957 2704 2159 2752 autem

509 2791 702 2861 potuit
738 2791 922 2846 videri
973 2793 1031 2846 in
1065 2791 1186 2846 sole
1217 2791 1319 2861 qui
1365 2790 1500 2844 fecit
1539 2788 1747 2853 solem,
1781 2787 1891 2841 nisi
1927 2787 2067 2858 quia
2097 2787 2159 2841 in

511 2881 632 2935 sole
676 2881 872 2949 posuit
905 2880 1357 2936 tabernaculum
1388 2894 1580 2942 suum,
1611 2888 1663 2933 et
1713 2877 1836 2946 ipse
1876 2880 2158 2947 tanquam

512 2984 762 3038 sponsus
797 2970 1121 3039 procedens
1161 2970 1232 3026 de
1282 2971 1549 3026 thalamo
1583 2983 1705 3031 suo,
1741 2967 2064 3023 exsultavit
2098 2969 2160 3020 ut

509 3061 681 3132 gigas
708 3059 788 3115 ad
808 3059 1168 3116 currendum
1200 3060 1357 3115 viam
1385 3059 1576 3130 (Psal.
1599 3073 1757 3122 xvui,
1783 3056 1836 3126 6)
1853 3057 1882 3113 ?
1908 3055 2004 3110 Ille
2027 3061 2163 3110 ante

515 3149 704 3204 solem
735 3149 838 3221 qui
881 3147 1017 3204 fecit
1053 3148 1240 3203 solem
1282 3150 1323 3216 ί,
1352 3147 1445 3203 ille
1498 3151 1634 3202 ante
1664 3144 1996 3213 luciferum,
2027 3148 2164 3199 ante

512 3238 716 3295 omnia
755 3238 972 3303 sidera,
1004 3243 1140 3292 ante
1170 3253 1380 3293 omnes
1411 3236 1689 3306 Angelos,
1719 3249 1893 3289 verus
1937 3237 2166 3287 creator

512 3330 677 3402 (quia
707 3330 914 3386 omnia
939 3344 1044 3398 per
1067 3328 1264 3400 ipsum
1291 3327 1445 3384 facta
1468 3332 1625 3389 sunt,
1656 3331 1712 3380 et
1743 3325 1869 3378 sine
1895 3323 2024 3395 ipso
2049 3323 2165 3377 fac-

515 3424 640 3475 tum
673 3425 760 3474 est
786 3418 932 3473 nihil
965 3418 1165 3490 [Joan.
1199 3434 1233 3482 1,
1269 3415 1368 3489 3]),
1401 3419 1463 3470 ut
1493 3414 1787 3470 videretur
1818 3411 2009 3467 oculis
2041 3426 2165 3466 car-

515 3508 646 3564 neis
670 3507 772 3580 qui
796 3507 982 3563 solem
1008 3505 1208 3561 vident
1236 3521 1248 3571 ;
1280 3506 1478 3576 ipsum
1508 3501 2165 3558 tabernaculumsuum

515 3597 576 3653 in
605 3596 726 3652 sole
770 3596 988 3669 posuit,
1021 3594 1081 3650 id
1112 3598 1199 3650 est
1238 3609 1478 3649 carnem
1515 3608 1687 3648 suam
1715 3590 1774 3646 in
1825 3588 2164 3645 manifesta-

515 3688 672 3742 tione
712 3686 893 3758 hujus
932 3685 1082 3740 lucis
1121 3684 1417 3739 ostendit:
1456 3687 1511 3736 et
1541 3681 1696 3736 illius
1731 3680 1933 3752 sponsi
1979 3677 2168 3733 thala-

517 3791 651 3830 mus
682 3773 789 3829 fuit
816 3778 1016 3829 uterus
1037 3773 1307 3842 Virginis,
1336 3772 1479 3844 quia
1507 3772 1565 3826 in
1585 3770 1682 3826 illo
1705 3775 1870 3825 utero
1897 3766 2169 3836 virginali

516 3862 816 3931 conjuncti
850 3867 988 3916 sunt
1029 3861 1169 3928 duo,
1221 3877 1478 3931 sponsus
1517 3865 1572 3916 et
1617 3874 1859 3931 sponsa,
1911 3872 2169 3929 sponsus

520 3949 778 4003 Verbum
831 3953 887 4004 et
931 3964 1157 4019 sponsa
1205 3963 1342 4003 caro
1376 3965 1390 4015 ;
1433 3949 1574 4019 quia
1616 3948 1904 4018 scriptum
1945 3951 2050 4012 est,
2091 3945 2170 4000 Et

518 4041 692 4093 erunt
722 4037 838 4092 duo
867 4037 930 4092 in
974 4052 1156 4093 carne
1185 4052 1306 4092 una
1340 4038 1505 4106 (Gen.
1535 4052 1595 4102 ιι,
1626 4037 1715 4106 24)
1750 4052 1764 4101 ;
1798 4039 1852 4089 et
1885 4034 2169 4089 Dominus

517 4125 660 4182 dicit
690 4125 752 4181 in
801 4125 1140 4195 Evangelio,
1183 4125 1377 4196 Igitur
1404 4126 1537 4194 jam
1577 4141 1695 4179 non
1727 4125 1866 4188 duo,
1911 4123 2012 4180 sed
2051 4138 2173 4179 una

516 4231 657 4273 caro
691 4216 933 4285 (Matth.
985 4231 1104 4281 nx,
1152 4218 1229 4284 6).
1287 4217 1349 4269 Et
1393 4214 1577 4268 Isaias
1624 4212 1848 4284 optime
1904 4211 2174 4267 meminit

522 4321 710 4360 unum
744 4321 872 4361 esse
903 4306 1068 4377 ipsos
1095 4305 1248 4361 duos
1282 4321 1296 4360 :
1328 4303 1590 4375 loquitur
1619 4303 1776 4357 enim
1809 4317 1880 4357 ex
1912 4317 2174 4372 persona

522 4395 753 4460 Christi,
770 4394 997 4460 etdicit,
1013 4395 1181 4451 Sicut
1199 4409 1411 4464 sponso
1434 4392 1711 4461 imposuit
1734 4391 1884 4446 mihi
1911 4389 2171 4454 mitram,

517 4484 1015 4554 etsicutsponsam
1035 4484 1272 4540 ornavit
1287 4497 1375 4538 me
1387 4480 1802 4552 ornamentoU
1805 4479 1913 4536 sai.
1933 4495 2043 4545 LXI,
2067 4479 2175 4546 10).

522 4575 684 4630 Unus
707 4575 940 4631 videtur
959 4574 1144 4647 loqui,
1165 4579 1219 4629 et
1241 4588 1533 4645 sponsum
1552 4588 1612 4627 se
1639 4570 1772 4626 fecit
1801 4574 1858 4626 et
1886 4585 2175 4640 sponsam

516 4678 584 4720 .se
618 4663 751 4720 fecit
787 4681 799 4729 ;
831 4665 975 4737 quia
1005 4680 1123 4720 non
1163 4664 1300 4728 duo,
1334 4662 1434 4718 sed
1486 4677 1608 4718 una
1648 4675 1788 4717 caro
1819 4679 1840 4716 :
1869 4658 2013 4731 quia
2040 4659 2179 4714 Ver-

526 4749 659 4807 bum
684 4768 823 4810 caro
845 4755 1072 4824 factum
1102 4759 1202 4817 est,
1225 4759 1274 4808 et
1306 4751 1596 4808 habitavit
1622 4750 1681 4806 in
1706 4750 1889 4804 nobis.
1909 4749 1992 4803 Illi
2016 4746 2178 4804 carni

520 4840 867 4911 adjungitur
901 4842 1178 4907 Ecclesia,
1214 4847 1270 4896 et
1298 4840 1360 4894 ﬁt
1394 4840 1653 4894 Christus
1696 4843 1868 4902 totus,
1903 4842 2083 4908 caput
2121 4840 2180 4892 et

521 4945 759 5002 corpus.

591 5022 642 5075 3.
670 5019 748 5074 Et
771 5024 960 5082 testes,
985 5017 1196 5091 inquit,
1221 5033 1460 5086 sumus,-
1481 5022 1532 5073 et
1562 5016 1995 5072 annuntiamus
2018 5012 2179 5068 vobis

519 5108 701 5168 vitam
735 5115 1039 5174 aeternam,
1073 5123 1203 5179 quae
1233 5113 1361 5164 erat
1399 5106 1565 5173 apud
1593 5106 1859 5169 Patrem,
1899 5110 1949 5159 et
1980 5103 2179 5159 mani-

515 5201 741 5269 festata
772 5206 855 5258 est
882 5198 944 5255 in
982 5197 1183 5255 nobis:
1209 5197 1324 5253 hoc
1360 5202 1466 5262 est,
1504 5193 1885 5251 manifestata
1911 5193 2179 5249 estinter

518 5305 657 5363 nos;
682 5290 847 5363 quod
869 5289 1133 5362 apertius
1150 5288 1461 5352 diceretur,
1481 5284 1858 5342 manifestata
1873 5288 1960 5339 est
1976 5282 2175 5341 nobis.

523 5381 662 5446 Quae
689 5397 827 5451 ergo
859 5380 1112 5437 vidimus
1143 5387 1194 5435 et
1223 5377 1578 5443 audivimus,
1612 5375 1960 5431 nuntiamus
1993 5373 2175 5429 vobis.

523 5469 793 5525 Intendat
817 5470 1078 5527 Charitas
1112 5476 1343 5526 vestra:
1367 5468 1507 5535 Qum
1538 5481 1678 5537 ergo
1711 5465 1963 5522 vidimus
1991 5470 2041 5519 et
2067 5477 2178 5518 au-

589 5602 751 5649 ‘Tres
777 5603 904 5652 Mss.
934 5619 945 5652 :
993 5605 1084 5654 Ille
1113 5610 1280 5652 autem
1316 5604 1393 5651 sol
1419 5603 1504 5664 qui
1539 5603 1654 5664 fecit
1686 5602 1859 5652 solem.
1899 5600 1997 5650 Alii
2028 5598 2134 5649 duo
2167 5613 2177 5646 :

521 5662 650 5717 Ja-m
681 5670 848 5713 autem
879 5665 964 5713 ille
992 5669 1066 5715 sol
1091 5667 1178 5731 qui
1210 5666 1327 5731 fecit
1357 5662 1527 5714 solem.

1250 179 1323 234 IN
1361 171 1762 233 EPISTOLAM
1801 163 2095 226 JOANNIS
2133 160 2231 220 AD
2270 156 2630 228 PARTHOS,
2670 157 2730 213 S.
2771 150 3159 211 AUGUSTINI

3794 143 3931 201 198)

2264 286 2541 350 divimus,
2568 283 2917 339 nuntiamus
2951 277 3132 335 vobis.
3153 274 3244 331 Ilii
3273 273 3548 330 viderunt
3578 271 3784 344 ipsum
3813 272 3928 324 Do-

2263 375 2486 431 minum
2503 376 2848 446 prementem
2864 370 2923 425 in
2938 363 3530 434 carne,etaudierunt
3543 359 3732 417 verba
3748 375 3818 414 ex
3831 374 3928 415 ore

2261 463 2518 528 Domini,
2549 467 2604 518 et
2632 459 3142 518 annuntiaverunt
3173 454 3366 509 nobis.
3405 454 3473 507 Et
3514 466 3625 506 nos
3651 464 3799 518 ergo
3831 463 3929 504 au-

2261 553 2542 619 divimus,
2569 552 2673 606 sed
2701 565 2824 605 non
2855 546 3140 602 vidimus.
3170 543 3356 600 Minus
3387 557 3527 612 ergo
3559 556 3777 595 sumus
3805 537 3928 593 feli-

2262 658 2360 698 ces
2383 658 2566 713 quam
2580 639 2662 695 illi
2676 639 2779 713 qui
2801 637 3146 693 videruntet
3160 629 3516 688 audierunt?
3532 632 3595 684 Et
3614 626 3928 700 quomodo

2262 731 2559 802 adiungit,
2595 730 2666 787 Ut
2698 735 2751 784 et
2782 742 2882 784 vos
2909 725 3245 781 societatem
3278 720 3542 777 habeatis
3573 716 3927 774 nobiscum?

2262 819 2348 875 Illi
2391 819 2690 883 viderunt,
2726 831 2838 872 nos
2872 829 2993 870 non
3024 812 3304 874 vidimus,
3338 815 3394 864 et
3421 814 3618 863 tamen
3650 806 3795 861 socii
3826 821 3928 860 su-

2261 924 2396 963 mus
2421 923 2434 973 ;
2463 906 2608 979 quia
2628 905 2810 960 ﬁdem
2831 915 3215 959 communem
3241 904 3532 954 tenemus.
3552 895 3690 950 Nam
3709 899 3768 949 et
3789 892 3928 965 qui-

2261 996 2404 1052 dam
2436 995 2690 1050 videndo
2722 1008 2843 1049 non
2873 988 3142 1053 credidit,
3171 991 3229 1042 et
3245 985 3489 1058 palpare
3521 982 3715 1046 voluit,
3751 985 3810 1037 et
3839 981 3928 1036 sic

2263 1085 2521 1149 credere,
2556 1089 2612 1139 et
2645 1084 2726 1139 ait
2759 1100 2770 1137 :
2803 1083 2937 1138 Non
2981 1079 3217 1136 credam
3248 1075 3365 1131 nisi
3395 1074 3606 1144 digitos
3637 1087 3793 1128 meos
3823 1070 3931 1125 mi-

2262 1191 2389 1230 sero
2419 1175 2480 1230 in
2508 1176 2700 1229 locum
2729 1173 3061 1234 clavorum,
3094 1173 3147 1224 et
3171 1164 3478 1222 cicatrices
3501 1165 3630 1232 ejus
3657 1162 3924 1231 tetigero.

2265 1266 2329 1319 Et
2357 1262 2614 1335 praebuit
2640 1277 2700 1316 se
2731 1277 2802 1316 ex
2825 1264 3091 1330 tempore
3125 1255 3496 1328 palpandum
3514 1250 3800 1307 manibus
3820 1249 3930 1304 ho-

2263 1353 2517 1416 minum,
2552 1350 2655 1422 qui
2689 1364 2925 1420 semper
2952 1362 3014 1402 se
3044 1345 3273 1418 praebet
3302 1340 3636 1397 videndum
3677 1337 3928 1409 aspecti.

2263 1439 2375 1495 bus
2406 1438 2769 1508 Angelorum
2803 1454 2816 1491 :
2858 1441 2915 1490 et
2957 1431 3224 1506 palpavit
3257 1430 3351 1486 ille
3377 1427 3712 1500 discipulus
3749 1429 3807 1481 et
3837 1440 3934 1480 ex-

2264 1528 2564 1593 clamavit,
2595 1528 2880 1582 Dominus
2909 1539 3069 1580 meus
3096 1531 3150 1580 et
3176 1523 3326 1577 Deus
3354 1534 3534 1575 meus.
3570 1517 3725 1583 Quia
3752 1514 3936 1584 tetigit

2265 1617 2595 1681 hominem,
2637 1615 2947 1671 confessus
2988 1617 3075 1668 est
3120 1611 3336 1666 Deum.
3377 1611 3441 1663 Et
3474 1607 3764 1662 Dominus
3795 1618 3935 1660 con—

2266 1707 2472 1763 solans
2495 1722 2604 1761 uos
2626 1705 2729 1777 qui
2760 1705 2959 1776 ipsum
2977 1702 3103 1774 jam
3131 1702 3190 1756 in
3219 1698 3369 1755 coelo
3401 1698 3710 1753 sedentem
3746 1708 3933 1750 manu

2265 1801 2635 1852 contrectare
2666 1810 2788 1850 non
2808 1807 3158 1864 possumus,
3192 1789 3292 1844 sed
3319 1787 3435 1842 ﬁde
3458 1785 3828 1854 contingere,
3857 1783 3937 1838 ait

2266 1885 2348 1940 illi
2380 1902 2392 1937 :
2432 1884 2586 1948 Quia
2617 1883 2838 1947 vidisti,
2873 1880 3181 1937 credidisti
3209 1901 3228 1948 ,-
3258 1878 3412 1933 beati
3451 1875 3560 1947 qui
3581 1890 3704 1929 non
3732 1873 3933 1929 vident

2265 1981 2319 2030 et
2345 1974 2596 2030 credunt
2629 1971 2823 2044 (Joan.
2854 1987 2949 2036 xx,
2979 1968 3191 2039 25-29).
3226 1969 3341 2022 Nos
3380 1962 3666 2034 descripti
3697 1978 3931 2025 sumus,

2265 2079 2376 2119 nos
2405 2061 2703 2132 designati
2739 2077 2969 2115 sumus.
3006 2059 3128 2113 Fiat
3159 2072 3300 2128 ergo
3325 2055 3387 2110 in
3411 2053 3586 2109 nobis
3621 2050 3934 2108 beatitudo

2265 2168 2448 2224 quam
2477 2152 2764 2218 Dominus
2789 2147 3062 2221 praedixit
3085 2146 3348 2201 futuram
3377 2161 3390 2199 :
3418 2143 3588 2198 ﬁrme
3615 2147 3935 2197 teneamus

2264 2241 2428 2313 quod
2457 2256 2576 2296 non
2599 2239 2871 2295 videmus
2903 2254 2916 2304 ;
2943 2234 3184 2308 quiailli
3208 2232 3484 2289 nuntiant
3507 2230 3612 2303 qui
3631 2230 3929 2285 viderunt.

2270 2330 2341 2387 Ut
2367 2337 2417 2386 et
2457 2345 2576 2395 vos,
2609 2329 2821 2398 inquit,
2859 2327 3194 2383 societatem
3225 2322 3488 2379 habeatis
3515 2319 3843 2375 nobiscum.
3872 2317 3934 2372 Et

2264 2418 2413 2491 quid
2449 2434 2740 2487 magnum
2755 2417 3105 2472 societatem
3132 2413 3502 2468 haberecum
3538 2404 3932 2464 hominibus?

2267 2506 2393 2561 Noli
2425 2512 2807 2562 contemnere
2843 2521 2856 2571 ;
2901 2504 3034 2558 vide
3079 2501 3222 2575 quid
3270 2499 3506 2556 addat:
3557 2498 3632 2553 Et
3681 2497 3932 2552 societas

2268 2602 2474 2651 nostra
2492 2598 2566 2651 sit
2587 2611 2717 2651 cum
2740 2596 2861 2650 Deo
2890 2595 3095 2658 Patre,
3119 2598 3172 2648 et
3187 2592 3328 2646 Jesu
3348 2587 3585 2645 Christo
3607 2586 3764 2641 Filio
3782 2586 3933 2653 ejus.

2272 2685 2344 2740 Et
2380 2685 2523 2749 hac,
2559 2684 2771 2756 inquit,
2814 2683 3129 2739 scribimus
3169 2678 3349 2744 vobis,
3384 2684 3448 2732 ut
3477 2676 3766 2748 gaudium
3807 2688 3932 2730 ves.

2270 2780 2427 2829 trum
2455 2774 2527 2829 sit
2550 2774 2812 2842 plenum.
2836 2771 3083 2826 Plenum
3112 2768 3401 2838 gaudium
3429 2766 3570 2821 dicit
3590 2765 3648 2819 in
3677 2765 3811 2836 ipsa
3843 2778 3933 2818 so-

2270 2860 2500 2924 cietate,
2539 2862 2600 2916 in
2633 2862 2758 2932 ipsa
2788 2860 3095 2925 cbaritate,
3127 2857 3185 2912 in
3214 2858 3346 2928 ipsa
3375 2856 3615 2910 unitate.

2341 2954 2397 3008 4.
2420 2951 2493 3005 Et
2529 2950 2652 3006 haec
2673 2956 2754 3005 est
2774 2948 3160 3006 annuntiatio
3189 2960 3369 3018 quam
3391 2943 3728 3000 audivimus
3749 2940 3824 2998 ab
3847 2956 3934 3005 eo,

2271 3045 2323 3095 et
2354 3040 2756 3095 annuntiamu
2813 3037 2992 3093 vobis.
3018 3035 3169 3101 Quid
3192 3040 3277 3090 est
3303 3034 3417 3089 hoc
3445 3031 3473 3086 ‘l
3501 3032 3616 3103 Ipsi
3635 3033 3931 3096 viderunt,

2271 3130 2786 3183 contrectaverunt
2814 3125 3094 3180 manibus
3127 3122 3388 3178 Verbum
3433 3121 3564 3174 vitae
3595 3139 3608 3177 :
3655 3119 3734 3174 ab
3767 3117 3936 3174 initio

2271 3224 2416 3276 erat,
2448 3215 2522 3270 ad
2571 3219 2811 3286 tempus
2859 3212 3110 3269 visibilis
3159 3217 3214 3267 et
3262 3208 3584 3282 palpabilis
3627 3207 3819 3264 factus
3849 3211 3940 3263 est

2274 3304 2486 3359 unicus
2507 3303 2681 3360 Filius
2705 3303 2824 3359 Dei.
2843 3303 2930 3358 Ad
2948 3317 3134 3374 quam
3156 3316 3282 3356 rem
3302 3297 3580 3368 venit,vel
3595 3297 3737 3369 quid
3759 3296 3938 3352 nobis

2272 3409 2495 3448 novum
2515 3391 2994 3457 nuntiavitiQuid
3013 3391 3225 3447 docere
3241 3388 3658 3452 voluit?Quare
3671 3385 3937 3442 fecithoc

2273 3482 2438 3554 quod
2457 3481 2609 3545 fecit,
2632 3486 2693 3536 ut
2715 3481 2974 3536 Verbum
3001 3495 3139 3536 caro
3163 3478 3346 3543 ﬁeret,
3368 3482 3429 3532 ut
3450 3479 3601 3531 Deus
3622 3491 3800 3546 super
3812 3491 3946 3530 om-

2274 3571 2373 3625 nia
2388 3570 2636 3639 indigna
2651 3569 2728 3625 ab
2742 3568 3091 3624 hominibus
3105 3570 3495 3640 pateretur,ut
3508 3564 3716 3636 alapas
3730 3580 3944 3620 eorum

2275 3659 2590 3714 sustineret
2609 3659 2682 3713 dc
2703 3657 2986 3714 manibus
3003 3673 3155 3728 quas
3180 3656 3305 3727 ipse
3324 3653 3600 3709 formavit
3619 3653 3647 3709 7
3671 3650 3822 3718 Quid
3849 3666 3948 3704 vo-

2274 3748 2381 3804 luit
2399 3749 2612 3804 docere
2630 3749 2656 3803 ?
2677 3747 2823 3819 quid
2846 3745 3040 3803 voluit
3060 3743 3372 3801 ostendere
3401 3741 3430 3796 ‘i‘
3459 3742 3605 3814 quid
3636 3739 3824 3796 voluit
3842 3755 3953 3794 an-

2277 3834 2590 3892 nuntiare?
2604 3835 2784 3891 Audia
2799 3850 3103 3890 musznam
3120 3832 3245 3889 sine
3263 3832 3450 3888 fructu
3464 3828 3951 3903 praecepti,audi-

2278 3926 2357 3982 tio
2378 3926 2458 3980 rei
2484 3929 2680 3994 gestae,
2700 3924 2844 3996 quia
2871 3928 3047 3979 natus
3066 3928 3154 3978 est
3184 3921 3470 3986 Christus,
3495 3919 3711 3991 etquia
3725 3933 3948 3989 passus

2278 4019 2365 4070 est
2397 4015 2682 4079 Christus,
2719 4018 3181 4069 avocamentum
3213 4012 3429 4067 mentis
3459 4013 3563 4079 est,
3589 4023 3710 4063 non
3739 4007 3949 4062 ﬁrma-

2283 4108 2570 4159 mentum.
2593 4103 2743 4168 Quid
2771 4116 3057 4172 maguum
3081 4099 3256 4157 audis
3279 4101 3306 4156 ?
3336 4114 3459 4172 quo
3480 4097 3673 4153 fructu
3699 4096 3880 4152 audis
3905 4097 3947 4158 ί,

2281 4193 2435 4248 vide.
2471 4191 2624 4258 Quid
2647 4191 2832 4246 voluit
2853 4192 3066 4246 docere
3091 4190 3118 4244 ?
3147 4189 3293 4262 quid
3319 4188 3671 4244 annuntiare
3697 4185 3728 4238 ‘l
3749 4185 3903 4239 Audi
3929 4204 3944 4242 :

2285 4282 2433 4349 Quia
2459 4283 2611 4337 Deus
2636 4283 2743 4337 tua:
2764 4287 2868 4348 est,
2892 4279 3105 4351 inquit,
3131 4286 3184 4334 et
3215 4279 3465 4335 tenebrae
3482 4276 3543 4332 in
3575 4292 3636 4331 eo
3663 4290 3783 4329 non
3801 4281 3950 4330 sunt

2283 4372 2446 4426 ultae.
2470 4370 2678 4425 Adhuc
2695 4369 2890 4424 lucem
2913 4368 3159 4439 quidem
3178 4367 3522 4431 nominavit,
3551 4364 3654 4420 sed
3676 4364 3950 4418 obscura

2285 4465 2423 4514 sunt
2443 4457 2651 4513 verba:
2673 4458 2902 4512 bonum
2917 4462 3002 4513 est
3018 4455 3188 4512 nobis
3206 4460 3266 4510 ut
3284 4454 3417 4527 ipsa
3435 4454 3534 4509 lux
3548 4468 3732 4525 quam
3747 4453 3952 4506 nomi-

2285 4547 2466 4611 navit,
2487 4547 2733 4601 illustret
2752 4545 2932 4601 corda
2950 4549 3171 4610 nostra,
3192 4543 3578 4600 etvideamus
3601 4539 3748 4612 quid
3771 4539 3948 4595 dixit.

2287 4636 2405 4691 Hoc
2431 4640 2519 4690 est
2545 4635 2706 4706 quod
2734 4634 3186 4702 annuntiamus,
3202 4632 3343 4703 quia
3370 4633 3524 4687 Deus
3548 4630 3653 4686 tua:
3673 4636 3777 4694 est,
3798 4635 3855 4684 et
3873 4636 3957 4686 te-

2285 4725 2483 4781 nebra’
2495 4725 2556 4779 in
2580 4739 2643 4780 eo
2664 4740 2781 4779 non
2804 4727 2939 4778 sunt
2959 4723 3120 4777 ullae.
3152 4721 3293 4787 Quis
3311 4721 3468 4776 enim
3486 4718 3950 4775 auderetdicere

2286 4813 2428 4886 quia
2447 4815 2502 4868 in
2528 4817 2644 4868 Deo
2668 4817 2803 4868 sunt
2825 4811 3081 4867 tenebrae
3098 4810 3248 4865 iAut
3271 4808 3418 4881 quid
3436 4807 3781 4880 estipsalux
3803 4806 3957 4863 ?aut

2285 4902 2433 4974 quid
2457 4907 2593 4957 sunt
2616 4901 2872 4957 tenebrae
2893 4901 2921 4956 Ἰ
2938 4915 3011 4956 ne
3025 4899 3171 4954 forte
3189 4898 3328 4954 talia
3354 4897 3532 4966 dicat,
3555 4911 3688 4968 quae
3710 4895 3790 4950 ad
3813 4911 3956 4952 ocuo

2286 4990 2376 5046 los
2397 4991 2539 5047 istos
2559 4994 2794 5045 nostros
2818 4992 3167 5061 pertineant.
3188 4989 3342 5044 Deus
3371 4988 3476 5043 tua:
3497 4992 3616 5043 est:
3635 4985 3715 5042 ait
3737 4985 3952 5039 nescio

2288 5081 2444 5153 quis,
2480 5084 2542 5136 Et
2574 5079 2662 5135 sol
2691 5079 2791 5134 lux
2822 5082 2934 5144 est,
2966 5083 3019 5133 et
3052 5077 3192 5133 luna
3215 5077 3314 5130 lux
3338 5081 3444 5145 est,
3480 5080 3534 5130 et
3569 5075 3816 5129 lucerna
3843 5074 3950 5128 lux

2288 5175 2393 5225 est.
2415 5168 2642 5242 Aliquid
2666 5167 2988 5224 debetesse
3019 5166 3196 5235 longe
3226 5165 3318 5220 his
3351 5165 3572 5234 majus,
3605 5163 3782 5232 longe
3802 5178 3957 5232 prae-

2289 5252 3762 5330 stantius,longequesupereminentius.Quantum
3796 5253 3956 5306 Deus

2288 5365 2323 5404 a
2350 5354 2641 5411 creatura,
2674 5353 2970 5419 quantum
3000 5344 3271 5400 conditor
3297 5359 3331 5398 a
3362 5342 3723 5405 conditione,
3754 5356 3956 5411 quan-

2349 5477 2364 5506 ¹
2388 5473 2534 5530 Lov.,
2555 5472 2753 5520 audias.
2780 5470 2862 5520 Er.
2887 5485 2898 5520 :
2931 5469 3064 5532 Quid
3084 5483 3325 5532 magnum
3348 5468 3515 5523 audis,
3541 5479 3640 5532 quo
3657 5466 3830 5532 fructu
3858 5480 3953 5514 au-

2287 5537 2396 5585 dias
2419 5536 2444 5584 9
2477 5528 2596 5583 Vide
2616 5535 2758 5645 quid.
2793 5528 2963 5596 Lugd.
2989 5548 3000 5582 :
3035 5528 3430 5594 Quid'magnum
3450 5528 3617 5585 audis,
3647 5544 3743 5591 quo
3774 5528 3953 5589 fructu

2289 5599 2473 5645 audias
2498 5599 2523 5645 9
2555 5597 2611 5645 Vi
2651 5613 2692 5645 e.
2716 5600 2816 5645 etc.
2842 5597 2972 5645 Ven.
3006 5611 3017 5643 :
3046 5595 3180 5645 Ouid
3205 5608 3446 5645 maonum
3467 5593 3632 5645 audis.
3652 5606 3748 5645 auo
3773 5592 3948 5645 fructu

2289 5599 2473 5648 audias
2498 5599 2523 5647 9
2555 5592 2692 5655 Vide,
2716 5600 2816 5646 etc.
2842 5592 2972 5645 Ven.
3006 5611 3017 5643 :
3046 5595 3180 5654 Quid
3205 5592 3446 5655 magnum
3467 5593 3632 5650 audis,
3652 5606 3748 5655 quo
3772 5592 3948 5654 {metu

2289 5661 2491 5720 audias,
2525 5660 2657 5717 vide.
2687 5660 2809 5725 quid
2837 5658 2997 5711 voluit
3031 5658 3205 5709 docere
3234 5657 3258 5710 ἵ
3285 5657 3355 5708 Μ.
