4182 6198
258 211 396 266 1981

251 341 384 391 tum
416 332 712 404 sapientia
738 332 811 386 ab
860 346 931 386 eo
971 331 1137 403 quod
1169 331 1396 388 factum
1427 336 1514 388 est
1555 347 1661 404 per
1691 334 1922 405 sapien-

253 425 424 489 tiam,
454 423 632 492 longe
657 421 810 476 ultra
832 421 1038 476 omnia
1063 420 1241 476 debet
1269 437 1401 476 esse
1422 421 1524 477 lux
1543 423 1672 479 ista.
1700 423 1925 480 Etforte

248 513 433 570 vicini
458 512 510 566 ei
541 510 785 575 erimus,
823 510 872 564 si
904 525 1039 580 quae
1068 511 1143 564 sit
1170 509 1272 566 lux
1298 511 1412 566 ista
1441 512 1920 580 cognoverimus,

252 611 310 659 et
340 601 414 658 ad
444 617 578 657 eam
604 615 716 655 nos
741 598 1269 670 applicaverimus,
1295 605 1358 655 ut
1377 615 1446 655 ex
1479 601 1608 670 ipsa
1636 600 1927 656 illumine-

250 706 390 748 mur
421 707 435 756 ;
468 690 614 762 quia
635 689 696 744 in
724 687 894 744 nobis
927 687 1186 743 tenebrae
1218 704 1452 753 sumus,
1491 694 1545 743 et
1566 690 1645 744 ab
1671 689 1770 744 illa
1799 688 1926 744 illu-

252 779 468 835 minati
501 793 828 850 possumus
861 792 993 831 esse
1021 775 1144 841 lux,
1170 781 1364 834 etnon
1391 777 1680 834 confundi
1705 777 1780 833 de
1802 777 1920 846 illa,

253 869 395 941 quia
425 868 499 923 de
518 867 695 923 nobis
719 865 1162 922 confundimur.
1194 867 1337 931 Quis
1360 872 1448 922 est
1476 868 1578 939 qui
1609 867 1682 922 de
1702 883 1763 922 se
1786 883 1924 923 con-

251 957 530 1013 funditur
558 958 586 1014 ?
630 955 742 1022 Qui
793 971 854 1011 se
886 955 1200 1025 cognoscit
1243 961 1640 1027 peccatorem.
1678 957 1818 1021 Quis
1849 956 1923 1011 de

249 1047 356 1103 illa
373 1062 497 1102 non
529 1045 918 1102 confunditur
943 1044 971 1099 ‘f
1001 1044 1110 1109 Qui
1135 1044 1213 1100 ab
1242 1045 1322 1100 ha
1349 1044 1740 1102 illuminatur.
1771 1045 1924 1111 Quid

249 1139 346 1192 est
367 1136 446 1191 ab
464 1135 563 1190 illa
595 1134 963 1190 illuminari?
992 1134 1097 1198 Qui
1123 1134 1253 1204 jam
1281 1134 1440 1190 videt
1471 1150 1534 1188 se
1563 1137 1820 1206 peccatis
1843 1141 1923 1192 te-

250 1225 516 1289 nebrari,
534 1229 590 1280 et
611 1222 772 1294 cupit
789 1223 867 1279 ab
900 1222 997 1278 illa
1011 1223 1356 1288 illuminari,
1373 1224 1602 1279 accedit
1622 1225 1698 1280 ad
1725 1225 1918 1280 illam:

252 1313 417 1369 unde
443 1312 584 1368 dicit
612 1313 902 1377 Psalmus,
931 1312 1210 1368 Accedite
1240 1313 1320 1368 ad
1353 1327 1506 1378 eum,
1528 1319 1582 1368 et
1616 1314 1926 1370 illumina-

252 1402 405 1458 mini
426 1425 446 1472 ,-
472 1409 527 1458 et
549 1403 749 1458 vultus
781 1399 961 1457 vestri
988 1417 1109 1456 non
1132 1401 1474 1458 erubescent
1497 1403 1684 1472 (Psat.
1724 1419 1917 1468 χχχιιι,

255 1492 332 1563 ϐ).
369 1491 484 1546 Sed
520 1505 643 1546 non
674 1488 991 1544 erubesces
1032 1489 1106 1544 de
1137 1488 1237 1545 illa
1273 1492 1311 1556 ¹,
1352 1491 1419 1557 si,
1447 1490 1694 1562 quando
1726 1491 1830 1546 tibi
1866 1496 1920 1547 te

251 1580 485 1637 fmdum
525 1578 872 1642 ostenderit,
919 1578 1232 1650 displiceat
1275 1579 1376 1635 tibi
1424 1580 1661 1636 foeditas
1705 1586 1824 1642 tua.
1860 1586 1923 1638 ut

255 1670 554 1740 percipias
585 1667 1088 1740 pulchritudinem
1120 1667 1294 1724 illius.
1331 1669 1451 1724 Hoc
1482 1673 1572 1726 est
1600 1671 1761 1742 quod
1797 1670 1921 1726 vult

256 1757 495 1814 docere.

333 1851 384 1902 5.
416 1849 481 1902 Et
507 1845 1309 1918 fortassepraapropereillud
1336 1862 1445 1902 nos
1460 1847 1714 1903 dicimus
1748 1847 1918 1920 ‘llpse

256 1935 374 1992 hoc
390 1933 722 1991 manifestet
735 1935 793 1989 in
808 1935 1679 2007 consequentibus.Mementote
1694 1938 1747 1992 in
1765 1938 1918 2009 prin-

257 2023 414 2096 cipio
447 2024 742 2079 sermonis
765 2022 976 2088 nostri,
992 2022 1136 2095 quia
1152 2024 1544 2095 Epistolaista
1565 2025 1916 2082 charitatem

253 2113 648 2169 commendat
681 2113 866 2168 :Deus
897 2113 1007 2169 lux
1038 2117 1141 2178 est,
1187 2112 1467 2184 inquit,et
1491 2115 1739 2170 tenebrae
1765 2114 1827 2169 in
1854 2130 1916 2171 eo

254 2217 377 2257 non
407 2205 541 2256 sunt
564 2201 724 2257 ullas.
754 2200 978 2272 thuid
995 2202 1270 2272 superius
1293 2201 1572 2258 dixerat?
1594 2205 1666 2260 Ut
1678 2204 1917 2261 societa-

258 2297 372 2347 tem
402 2290 668 2347 habeatis
693 2291 1022 2356 nobiscum,
1038 2290 1558 2348 etsocietasnostra
1572 2294 1644 2347 sit
1659 2294 1916 2350 cumDeo

255 2379 960 2452 PatreetFiliolejusJesu
981 2380 1239 2436 Christo.
1256 2380 1438 2436 Porro
1463 2382 1507 2435 si
1531 2383 1911 2448 Deusluxest,

257 2473 317 2524 et
340 2469 597 2524 tenebrae
619 2469 679 2523 in
710 2484 777 2524 eo
804 2484 928 2523 non
959 2475 1096 2524 sunt
1125 2468 1354 2536 ullae,et
1392 2471 1735 2526 societatem
1775 2488 1912 2528 cum

259 2558 359 2614 illo
389 2557 612 2614 habere
629 2558 920 2614 debemus
951 2562 1034 2624 ;et
1050 2574 1085 2614 ο.
1102 2559 1276 2614 nobis
1298 2559 1591 2631 pellenda:
1605 2566 1742 2616 sunt
1761 2567 1914 2617 tene-

260 2648 410 2714 brre,
437 2652 500 2702 ut
519 2647 693 2703 ﬁatin
717 2647 891 2703 nobis
916 2648 1018 2703 lux
1044 2663 1216 2713 ;nam
1241 2649 1497 2704 tenebrae
1517 2665 1652 2705 cum
1675 2650 1805 2707 luce
1824 2668 1914 2706 so-

265 2738 539 2792 cietatem
554 2736 776 2793 habere
789 2753 909 2792 non
924 2741 1209 2809 possunt:
1241 2737 1376 2792 ideo
1397 2739 1532 2795 vide
1546 2738 1693 2811 quid
1707 2755 1916 2811 sequa-

267 2830 362 2881 tur
375 2847 394 2882 ,ο
409 2827 577 2894 Quod
588 2825 638 2881 si
648 2825 976 2883 dixerimus
988 2826 1128 2896 quia
1141 2826 1472 2882 societatem
1489 2828 1766 2884 habemus
1782 2845 1915 2886 cum

260 2930 347 2979 eo,
376 2918 430 2970 et
464 2916 525 2970 in
558 2915 812 2972 tenebris
845 2916 1243 2994 ambulamus,
1269 2917 1609 2972 mentimur.
1643 2919 1835 2974 Habes
1861 2925 1917 2974 et

260 3003 609 3076 apostolum
628 3003 880 3060 Paulum
900 3003 1220 3071 dicentem,
1253 3006 1359 3060 Aut
1387 3021 1517 3077 qua.v
1533 3007 1773 3062 societas
1797 3008 1918 3063 luci

259 3093 343 3149 ad
355 3093 627 3150 tenebras
642 3094 710 3162 (ll
727 3096 860 3150 Cor.
878 3111 951 3162 vx,
965 3095 1052 3163 14)
1065 3093 1092 3148 ?
1110 3093 1260 3149 Dicis
1275 3103 1327 3149 te
1341 3096 1680 3151 societatem
1695 3096 1916 3152 habere

259 3197 399 3238 cum
426 3182 566 3248 Deo,
588 3183 715 3238 etin
739 3182 999 3238 tenebris
1012 3182 1291 3240 ambulas
1320 3201 1333 3250 ;
1367 3190 1422 3239 et
1442 3185 1597 3240 Deus
1614 3186 1723 3242 tua:
1739 3191 1842 3249 est,
1861 3191 1914 3240 et

261 3271 515 3327 tenebrae
529 3272 588 3328 in
614 3287 678 3327 eo
690 3287 808 3328 non
826 3278 962 3327 sunt
979 3273 1122 3328 ulla
1143 3288 1154 3328 :
1171 3272 1470 3343 quomodo
1482 3288 1624 3343 ergo
1639 3278 1724 3328 est
1736 3275 1918 3329 socie-

259 3360 480 3415 tasluci
503 3359 828 3416 ettenebris
858 3360 887 3413 ‘I
911 3363 1041 3417 Jam
1070 3376 1213 3430 ergo
1230 3361 1388 3417 dicat
1413 3361 1523 3417 sibi
1540 3363 1742 3428 homo,
1762 3363 1915 3427 Quid

259 3449 482 3504 faciam
501 3448 528 3502 ἲ
543 3449 700 3504 unde
731 3449 945 3504 erolux
959 3449 1061 3504 cIln
1079 3450 1336 3520 peccatis
1351 3455 1404 3505 et
1418 3450 1476 3505 in
1501 3450 1915 3521 iniquitatibus

261 3537 610 3603 vivo.Quasi
637 3537 901 3609 subrepit
928 3540 1210 3610 quaedam
1233 3539 1573 3610 desperatio
1597 3540 1911 3595 ettristitia.

260 3626 441 3682 Salus
467 3626 632 3682 nulla
654 3633 760 3691 est,
776 3627 888 3682 nisi
909 3627 966 3682 in
983 3627 1264 3683 societate
1279 3627 1403 3682 Dei.
1422 3630 1572 3684 Deus
1594 3630 1702 3685 tua:
1722 3635 1826 3698 est,
1863 3633 1915 3686 et

261 3715 520 3772 tenebras
542 3715 606 3770 in
621 3731 685 3772 eo
698 3732 817 3771 non
829 3721 970 3771 sunt
989 3717 1150 3771 ullae.
1171 3718 1416 3772 Peccata
1438 3723 1637 3772 autem
1658 3717 1914 3773 tenebras

255 3811 420 3870 sunt,
446 3804 748 3860 sicutdicit
772 3802 1412 3876 Apostolusdiabolum
1441 3811 1495 3860 et
1518 3806 1763 3875 angelos
1784 3806 1913 3876 ejus

253 3897 520 3950 rectores
535 3893 917 3950 tenebrarum
933 3893 1148 3949 harum
1163 3909 1290 3949 esse
1311 3895 1547 3963 (Ephes.
1567 3912 1641 3961 v1,
1667 3895 1771 3968 l2).
1789 3897 1916 3950 Non

255 3983 480 4039 diceret
504 3987 758 4038 rectores
793 3982 1195 4048 tenebrarum,
1227 3983 1339 4038 nisi
1364 3989 1620 4039 rectores
1647 3989 1918 4056 peccato-

256 4071 840 4138 rnm,dominatores
873 4072 1241 4144 iniquorum.
1286 4071 1439 4138 Quid
1479 4088 1620 4143 ergo
1640 4072 1916 4138 facimus,

258 4160 472 4218 fratres
489 4161 600 4216 mei
615 4159 919 4217 ‘l'Societas
933 4177 1071 4217 cum
1091 4159 1209 4216 Deo
1223 4160 1500 4216 habenda
1514 4167 1619 4228 est,
1644 4162 1762 4219 alia
1776 4178 1914 4234 spes

256 4251 394 4305 vitae
408 4254 641 4306 aeternae
659 4249 824 4306 nulla
850 4251 1139 4318 est;Deus
1151 4255 1351 4306 autem
1377 4252 1652 4315 luxest,et
1670 4253 1917 4310 tenebrz

259 4339 324 4394 in
357 4353 423 4394 eo
451 4344 588 4394 sunt
610 4339 798 4394 nullm
821 4355 837 4392 :
860 4339 1206 4410 iniquitates
1236 4345 1440 4395 autem
1470 4341 1731 4396 tenebrm
1747 4348 1912 4409 sunt;

260 4427 683 4498 iniquitatibus
697 4426 948 4498 premim
962 4443 1049 4495 ur,
1071 4443 1146 4483 ne
1163 4428 1511 4484 societatem
1526 4445 1663 4484 cum
1681 4432 1796 4486 Deo
1813 4431 1916 4489 ha-

258 4517 402 4572 bere
430 4516 758 4587 possimus:
779 4533 913 4589 qua:
931 4531 1072 4587 ergo
1088 4533 1226 4589 spes
1240 4517 1267 4572 ‘I
1283 4520 1488 4574 Nonne
1517 4519 1915 4589 promiseram

259 4620 354 4659 me
379 4604 960 4676 aliquidlocuturum
989 4605 1116 4661 istis
1129 4606 1516 4678 diebusquod
1531 4608 1816 4678 gaudium
1833 4608 1916 4665 fa-

257 4692 597 4758 ciat?Quod
615 4694 662 4749 si
693 4710 814 4750 non
829 4694 1099 4760 exhibeo,
1117 4696 1346 4752 tristitia
1367 4697 1598 4752 estista.
1633 4699 1786 4754 Deus
1807 4699 1917 4755 tux

255 4789 435 4849 est,et
463 4783 716 4839 tenebrw
736 4785 794 4837 in
809 4800 871 4840 eo
895 4800 1014 4839 non
1028 4790 1157 4840 sunt
1174 4786 1311 4840 ulla
1348 4808 1367 4855 ,-
1403 4792 1641 4857 peccata
1658 4787 1914 4843 tene.me

259 4878 429 4927 sunt:
447 4871 593 4943 quid
608 4873 714 4928 erit
729 4873 902 4928 nobis
915 4871 944 4927 ?
957 4873 1287 4928 Audiamus
1306 4890 1379 4929 ne
1392 4875 1539 4929 forte
1559 4875 1911 4943 consoletur,

257 4963 468 5032 erigat,
526 4962 625 5018 det
652 4978 844 5034 spem,
877 4977 951 5019 ne
985 4963 1340 5020 deficiamus
1367 4963 1425 5019 in
1458 4965 1575 5020 via.
1611 4967 1914 5022 Currimus

256 5053 441 5116 enim,
463 5051 607 5108 etad
623 5053 879 5122 patriam
893 5053 1223 5125 currimus;
1254 5053 1495 5108 etsinos
1525 5058 1914 5126 perventuros

254 5141 678 5212 desperamus,
693 5141 821 5212 ipsa
833 5143 1246 5214 desperatione
1261 5142 1698 5199 deficimus.llle
1712 5149 1911 5198 autem

254 5231 488 5301 quinos
505 5229 968 5301 vultpervenire,
987 5235 1050 5286 ut
1074 5237 1379 5287 conservet
1396 5231 1454 5286 in
1487 5231 1702 5302 patria,
1722 5233 1916 5303 pascit

255 5319 313 5374 in
345 5321 464 5375 via.
493 5319 826 5375 Audiamus
839 5335 1009 5389 ergo:
1036 5320 1204 5387 Quod
1226 5323 1274 5375 si
1299 5320 1628 5378 dixerimus
1658 5323 1798 5393 quia
1827 5337 1915 5376 so~

253 5408 524 5465 cietatem
548 5408 827 5464 habemus
846 5423 976 5464 cum
998 5415 1140 5472 eo,et
1153 5410 1215 5464 in
1231 5410 1482 5464 tenebris
1497 5409 1869 5466 ambulamus
1894 5428 1916 5474 ;

256 5499 1084 5567 mentimur,etnonfacimus
1106 5499 1436 5556 veritatem.
1474 5501 1599 5554 Non
1640 5498 1915 5554 dicamus

314 5635 328 5664 ¹
357 5632 489 5682 Lov.
522 5647 532 5679 :
569 5630 665 5678 Sed
688 5631 934 5681 erubescis
960 5633 1018 5679 de
1047 5632 1158 5680 illa.
1198 5633 1260 5680 At
1316 5633 1497 5695 plures
1532 5632 1686 5691 Mes.,
1726 5632 1906 5683 suffra-

257 5700 417 5760 gante
433 5695 674 5745 editione
693 5696 820 5744 Bad.
856 5696 992 5745 :Sed
1023 5710 1128 5744 non
1164 5695 1428 5745 erubesces.

1458 205 1886 265 TRACTATU-S
1927 211 1968 264 Ι.
2012 208 2214 266 CAPP.
2257 213 2280 267 Ι
2318 212 2403 268 ET
2441 213 2509 269 II.

3546 211 3684 270 1982

2030 336 2175 407 quia
2189 337 2529 395 societatem
2544 355 2614 395 cu
2629 356 2686 396 m
2701 340 2802 396 illo
2816 341 3133 408 habemus,
3155 339 3204 394 si
3218 340 3275 394 in
3293 339 3547 396 tenebris
3559 355 3684 395 am-

2033 424 2342 482 bulamus.
2374 429 2541 495 Quod
2571 431 2622 485 si
2649 431 2714 485 in
2767 432 2991 487 lumine
3020 430 3416 495 ambulamus,
3444 430 3591 483 sicut
3631 435 3682 484 et

2033 516 2159 584 ipse
2188 521 2268 571 est
2283 517 2343 573 in
2371 517 2584 575 lumine
2598 536 2617 583 ;
2631 520 2964 576 societatem
2981 520 3259 576 habemus
3271 534 3402 573 cum
3415 516 3680 572 invicem.

2035 603 2095 659 1n
2127 605 2350 661 lumine
2376 607 2788 677 ambulemus,
2821 608 2975 664 sicut
2996 613 3050 664 et
3080 608 3207 678 ipse
3244 608 3402 662 estin
3432 605 3679 668 lumine,

2033 696 2097 747 ut
2127 693 2428 764 possimus
2469 697 2816 752 societatem
2845 697 3067 753 habere
3100 712 3236 752 cum
3270 695 3390 750 illo.
3433 697 3498 749 Et
3536 693 3682 764 quid

2029 781 2284 838 facimus
2304 784 2378 839 de
2409 785 2665 856 peccatis
2696 785 2723 840 ?
2751 786 2904 842 Audi
2930 785 3076 858 quid
3101 785 3368 856 sequitur
3402 799 3415 838 :
3449 785 3527 839 Et
3552 797 3682 840 san-

2030 871 2162 940 guis
2185 874 2327 928 Jesu
2354 873 2578 930 Christi
2604 875 2749 931 Filii
2777 877 2899 947 eius
2935 874 3221 944 purgabit
3272 889 3376 929 nos
3419 873 3492 929 ab
3523 887 3683 927 omni

2030 960 2257 1016 delicto.
2277 962 2552 1032 Magnam
2567 964 3123 1021 securitatemdedit
3139 965 3311 1018 Deus.
3330 963 3526 1018 Merito
3541 963 3681 1015 Pas-

2033 1049 2146 1104 cha
2173 1050 2560 1117 celebramus,
2598 1053 2696 1108 ubi
2721 1053 2890 1108 fusus
2906 1059 2991 1108 est
3015 1052 3262 1121 sanguis
3282 1050 3533 1116 Domini,
3557 1064 3680 1120 quo

2030 1141 2452 1210 purgamurab
2483 1142 2649 1196 omni
2690 1141 2925 1197 delicto.
2975 1143 3170 1198 Simus
3212 1138 3680 1195 securizcautio-

2031 1242 2167 1281 nem
2201 1232 2407 1282 contra
2453 1244 2563 1284 nos
2606 1230 2904 1285 servitutis
2937 1229 3213 1285 diabolus
3264 1227 3515 1294 tenebat,
3572 1227 3681 1282 sed

2031 1316 2322 1385 sanguine
2346 1315 2554 1370 Christi
2587 1317 2778 1373 deleta
2809 1323 2914 1372 est.
2938 1317 3210 1387 Sanguis,
3266 1318 3475 1387 inquit,
3533 1315 3679 1371 Filii

2030 1405 2158 1473 ejus
2186 1405 2470 1474 purgabit
2499 1421 2598 1461 nos
2629 1406 2706 1461 ab
2736 1407 2893 1461 omni
2923 1404 3546 1470 delicto?Quidest,ab
3563 1421 3680 1459 om-

2028 1493 2091 1557 ni
2119 1492 2334 1548 delicto
2363 1495 2374 1550 t
2409 1493 2704 1549 Attendite
2741 1510 2752 1547 :
2785 1509 2921 1549 ecce
2946 1494 3073 1564 jam
3098 1493 3156 1548 in
3189 1494 3430 1548 nomine
3470 1491 3681 1547 Christi

2030 1596 2135 1653 per
2166 1582 2664 1652 sanguinemejus
2700 1584 2741 1647 1,
2777 1598 2957 1654 quem
2975 1598 3136 1636 nunc
3151 1581 3406 1636 confessi
3434 1580 3679 1635 suntisti

2028 1672 2130 1743 qui
2163 1671 2542 1742 appellantur
2566 1671 2838 1736 infantes,
2858 1671 3147 1727 mundata
3177 1675 3313 1726 sunt
3333 1669 3683 1740 omniapeo-

2030 1764 2162 1815 cata
2201 1760 2490 1830 ipsorum.
2532 1763 2765 1816 Veteres
2796 1761 3186 1824 intraverunt,
3224 1759 3366 1815 novi
3388 1759 3679 1814 exierunt.

2031 1847 2183 1913 Quid
2230 1852 2338 1910 est,
2387 1852 2615 1903 veteres
2683 1849 3072 1914 intraverunt,
3133 1847 3272 1903 novi
3331 1847 3599 1902 exierunt
3655 1845 3682 1898 ?

2031 1937 2613 2004 Senesintraverunt,
2630 1938 2884 1993 infantes
2902 1938 3190 1993 exierunt.
3214 1938 3494 1992 Senectus
3517 1935 3680 1991 enim

2028 2029 2359 2092 veternosa,
2390 2030 2623 2082 vetusta
2647 2027 2768 2082 vita
2801 2026 3088 2082 :infantia
3130 2031 3330 2082 autem
3370 2040 3680 2096 regenera-

2027 2115 2224 2183 tionis,
2253 2130 2412 2170 nova
2426 2115 2563 2171 vita.
2585 2115 2698 2171 Sed
2727 2115 2869 2187 quid
2889 2115 3144 2171 facimus
3175 2114 3202 2168 ?
3226 2115 3521 2170 Praeterita
3545 2129 3680 2186 pec-

2027 2208 2160 2259 cata
2191 2203 2417 2259 donata
2449 2209 2604 2268 sunt,
2626 2219 2747 2259 non
2780 2208 3014 2259 tantum
3045 2204 3208 2274 ipsis,
3239 2204 3344 2259 sed
3367 2208 3424 2259 et
3457 2202 3630 2259 nobis
3659 2221 3673 2269 ;

2026 2295 2082 2347 et
2110 2297 2245 2364 post
2270 2293 2660 2348 donationem
2684 2296 2739 2348 et
2767 2293 3154 2348 abolitionem
3181 2295 3449 2348 omnium
3470 2307 3678 2363 pecca-

2027 2385 2222 2437 torum
2236 2381 2564 2437 vivendoin
2577 2381 2691 2436 hoc
2715 2381 3096 2436 saeculointer
3115 2382 3489 2449 tentationes,
3521 2396 3680 2452 qum-

2024 2469 2165 2525 dam
2191 2469 2338 2524 forte
2368 2476 2674 2526 contracta
2706 2476 2862 2525 sunt.
2897 2470 3031 2526 ldeo
3078 2471 3243 2542 quod
3275 2475 3470 2541 potest
3495 2470 3678 2525 homo

2026 2558 2202 2613 faciat
2235 2575 2248 2624 ;
2282 2559 2408 2630 ipse
2440 2560 2796 2615 confiteatur
2825 2559 3115 2632 quodest,
3134 2563 3195 2613 ut
3224 2558 3301 2614 ab
3324 2558 3422 2613 illo
3442 2563 3679 2612 curetur

2025 2647 2130 2720 qui
2161 2663 2397 2716 semper
2438 2649 2706 2720 estquod
2729 2654 2819 2703 est
2850 2668 2861 2707 :
2899 2649 3024 2719 ipse
3049 2648 3206 2702 enim
3260 2661 3498 2717 semper
3557 2651 3682 2702 erat

2025 2741 2180 2793 etest
2201 2738 2220 2770 ²
2250 2755 2262 2803 ;
2291 2752 2535 2792 nosnon
2553 2753 2795 2793 eramus
2821 2741 2879 2792 et
2909 2753 3143 2792 sumus.

2097 2830 2149 2881 6.
2187 2825 2325 2880 Vide
2352 2827 2511 2881 enim
2549 2827 2696 2898 quid
2720 2827 2904 2884 dicat:
2935 2826 3102 2893 Quod
3117 2825 3166 2880 si
3194 2823 3679 2896 dixerimusquia

2021 2920 2332 2983 peccatum
2369 2929 2489 2970 non
2507 2915 2811 2980 habemus,
2841 2916 3224 2984 nosmetipsos
3254 2914 3608 2979 seducimus,
3629 2919 3680 2968 et

2026 3004 2240 3059 veritas
2271 3003 2331 3057 in
2366 3003 2534 3058 nobis
2556 3020 2675 3058 non
2702 3008 2804 3060 est.
2835 3007 2986 3073 Ergo
3028 3004 3075 3058 si
3102 3009 3151 3058 te
3166 3002 3678 3059 confessusfueris

2025 3095 2511 3163 peccatorem,est
2527 3090 2583 3145 in
2601 3097 2652 3146 te
2666 3093 2876 3147 veritas
2894 3108 2905 3146 :
2923 3108 3056 3147 nam
3072 3092 3203 3163 ipsa
3219 3092 3437 3148 veritas
3451 3091 3554 3147 lux
3567 3095 3678 3148 est.

2024 3179 2302 3236 Nondum
2322 3179 2578 3250 perfecte
2594 3180 2893 3252 splenduit
2911 3181 3030 3236 vita
3045 3185 3166 3246 tua,
3182 3181 3323 3252 quia
3340 3181 3680 3252 insuntpec-

2024 3274 2160 3324 cata
2191 3284 2204 3334 ;
2231 3269 2337 3323 sed
2367 3271 2704 3340 tamenjam
2728 3269 3053 3324 illuminari
3087 3269 3678 3341 cmpisti,quiainest

2025 3356 2321 3414 confessio
2355 3357 2915 3428 peccatorum.Vide
2947 3359 3104 3414 enim
3146 3358 3295 3430 quid
3345 3364 3630 3428 sequatur
3662 3374 3675 3414 :

2026 3447 2194 3513 Quod
2209 3448 2260 3502 si
2271 3447 2523 3516 confessi
2528 3449 2748 3517 fuerim
2758 3463 2825 3502 us
2838 3448 3056 3504 delicta
3069 3453 3302 3518 nostra,
3315 3446 3508 3515 ﬁdelis
3526 3451 3606 3501 est
3625 3453 3676 3502 et

2015 3537 2233 3606 justus,
2253 3543 2315 3589 ut
2329 3536 2592 3591 dimittat
2607 3536 2769 3591 nobis
2781 3536 3000 3592 delicta
3018 3541 3242 3599 nostra,
3277 3541 3334 3590 et
3342 3541 3557 3604 purget
3573 3549 3678 3590 nos

2025 3623 2272 3681 exomni
2292 3624 2624 3695 iniquitate.
2647 3627 2774 3680 Non
2801 3629 3027 3680 tantum
3051 3624 3362 3696 praeterita,
3395 3623 3500 3679 sed
3549 3627 3604 3678 et
3630 3623 3678 3678 si

2024 3712 2306 3784 quaforte
2327 3712 2739 3768 contraximus
2762 3730 2832 3768 ex
2859 3713 2970 3768 hac
2989 3713 3107 3768 vita
3136 3729 3149 3779 ;
3171 3712 3314 3784 quia
3341 3727 3463 3768 non
3486 3717 3677 3784 potest

2025 3801 2514 3872 homoquamdiu
2543 3817 2791 3857 carnem
2824 3806 3040 3874 portat,
3059 3801 3511 3858 nisihaberevel
3526 3800 3679 3857 levia

2026 3891 2411 3962 peccata.Sed
2425 3889 2854 3964 istaleviaquae
2868 3891 3269 3956 dicimus,noli
3284 3895 3676 3947 contemnere.

2028 3980 2083 4036 Si
2105 3979 2457 4044 contemnis,
2473 3979 2719 4052 quando
2732 3980 3027 4053 appendis
3049 3978 3680 4052 ;expavesce,quando

2026 4084 2331 4124 numeras.
2349 4068 2525 4124 Levia
2540 4069 2732 4125 multa
2754 4069 2980 4125 faciunt
2996 4086 3181 4125 unum
3201 4070 3426 4140 grande
3447 4086 3457 4122 :
3477 4067 3679 4124 multas

2026 4161 2205 4228 gutta:
2221 4157 2471 4236 implent
2484 4157 2704 4213 flumen
2722 4175 2737 4223 ;
2754 4158 2936 4214 multa
2951 4174 3138 4228 grana
3151 4159 3374 4214 faciunt
3389 4172 3678 4214 massam.

2027 4249 2088 4301 Et
2102 4263 2237 4318 quae
2253 4262 2393 4318 spes
2411 4245 2694 4303 esthnte
2708 4248 2910 4303 omnia
2924 4248 3248 4304 confessio:
3265 4263 3338 4303 ne
3357 4247 3680 4318 quisquam

2026 4331 2086 4390 se
2106 4335 2336 4406 justum
2360 4341 2542 4408 putet,
2580 4342 2635 4391 et
2675 4341 2811 4392 ante
2833 4336 3041 4391 oculos
3065 4337 3160 4391 Dei
3186 4336 3288 4407 qui
3322 4335 3481 4389 videt
3508 4333 3675 4406 quod

2024 4430 2129 4491 est,
2151 4425 2642 4496 erigatcervicem
2669 4425 2851 4481 homo
2873 4426 2974 4497 qui
3006 4440 3126 4480 non
3158 4429 3283 4480 erat
3320 4429 3376 4479 et
3402 4429 3507 4480 est.
3531 4427 3676 4479 Ante

2021 4515 2226 4570 omnia
2244 4530 2385 4584 ergo
2398 4513 2717 4577 confessio,
2737 4514 2949 4569 deinde
2964 4513 3201 4568 dilectio
3228 4526 3239 4566 :
3275 4513 3418 4584 quia
3448 4513 3520 4566 de
3536 4513 3678 4569 cha-

2023 4603 2187 4658 ritate
2200 4604 2344 4676 quid
2358 4604 2585 4658 dictum
2607 4603 3029 4660 est?Charitas
3057 4603 3313 4672 cooperit
3344 4602 3681 4658 multitudi-

2023 4709 2153 4749 nem
2163 4700 2537 4762 peccatorum
2551 4692 2593 4763 (Ι
2608 4691 2926 4764 Petr.1v,8).
2950 4695 2973 4747 J
2981 4709 3078 4748 am
3096 4692 3406 4749 videamus
3421 4691 3468 4746 si
3483 4692 3678 4764 ipsam

2022 4781 2365 4836 charitatem
2383 4780 3021 4854 commendat,propter
3035 4780 3677 4852 subrepentiadelicta:

2021 4870 2165 4942 quia
2179 4870 2307 4926 sola
2320 4869 2577 4926 charitas
2590 4870 3457 4943 exstinguitdelicta.Superbia
3470 4871 3678 4926 exstin-

2023 4961 2147 5031 guit
2161 4959 2320 5016 chari
2331 4965 2510 5015 tatem
2528 4976 2540 5015 :
2560 4959 2769 5015 humili
2779 4965 2863 5016 tas
2879 4976 3017 5032 ergo
3038 4960 3280 5017 roborat
3293 4960 3670 5024 charitatem;

2023 5049 2279 5105 cbaritas
2292 5049 3166 5120 exstinguitdelicta.Humilitas
3185 5049 3525 5122 pertinetad
3539 5062 3679 5102 con-

2021 5137 2369 5206 fessionem,
2386 5155 2506 5210 qua
2519 5138 2873 5194 confitemur
2886 5155 2996 5194 nos
3012 5145 3353 5211 peccatores
3367 5151 3494 5191 esse
3511 5152 3523 5192 :
3540 5137 3675 5207 ipsa

2022 5231 2114 5282 est
2138 5226 2598 5292 humilitas,non
2637 5233 2700 5282 ut
2740 5228 3019 5283 dicamus
3064 5227 3210 5282 illud
3242 5223 3673 5297 lingua;quasi

2019 5319 2263 5387 propter
2283 5315 2695 5385 arrogantiam
2709 5331 2782 5372 ne
2795 5315 3222 5387 displiceamus
3239 5313 3668 5384 hominibus,si

2086 5510 2100 5540 ¹
2126 5507 2281 5563 Editi,
2317 5522 2408 5569 per
2435 5509 2736 5570 sanguinem
2768 5508 2927 5556 crucis
2958 5505 3187 5563 Domini,
3227 5520 3370 5569 quem
3396 5517 3533 5553 nunc
3562 5519 3676 5555 con-

2023 5572 2160 5635 fessi.
2199 5571 2302 5635 Nos
2321 5584 2440 5618 cum
2455 5570 2815 5635 aliquotMss.,
2835 5585 2926 5632 per
2938 5570 3240 5635 sanguinem
3254 5570 3380 5635 ejus,
3393 5584 3554 5635 quem,
3574 5573 3672 5635 etc.

2084 5634 2264 5695 2Apud
2283 5634 2553 5693 Lov.,ipse
2582 5634 2718 5682 enim
2744 5639 2815 5683 est
2845 5639 2888 5684 et
2925 5638 3018 5687 est.
3063 5634 3120 5683 In
3148 5634 3352 5683 caeteris
3369 5633 3537 5689 libris,
3570 5633 3676 5696 ipse

2023 5696 2158 5746 enim
2179 5710 2374 5760 semper
2407 5701 2515 5745 erat
2547 5700 2694 5746 etest.
