4182 6198
508 189 531 245 1
542 189 646 246 983

506 332 621 373 nos
646 316 845 389 justos
876 330 1003 372 esse
1033 313 1381 370 dixerimus.
1403 312 1783 369 Faciunthoc
1801 311 1967 383 impii
1993 316 2049 367 et
2072 311 2157 367 in-

511 406 674 462 sani:
698 406 827 460 Scio
848 404 1093 477 quidem
1116 403 1466 475 quiajustus
1488 418 1648 472 sum,
1670 401 1775 457 sed
1814 401 1960 473 quid
1972 400 2159 456 dictu-

508 510 537 550 r
558 511 628 549 us
655 510 787 548 sum
820 498 955 550 ante
985 492 1256 548 homines
1287 492 1315 547 Ῡ
1338 492 1385 547 si
1415 493 1747 559 mejustum
1770 491 1996 554 dixero.
2021 490 2157 561 quis

514 582 690 651 ferat,
715 582 848 653 quis
862 582 1065 637 toleret
1085 580 1113 634 7
1127 580 1289 653 apud
1305 582 1487 637 Deum
1501 584 1645 637 nota
1661 581 1731 636 sit
1740 579 1967 651 justitia
1992 594 2155 634 mea:

506 684 623 740 ego
638 676 838 725 tamen
853 668 1049 725 dicam
1063 684 1159 723 me
1170 672 1545 740 peccatorem
1568 685 1581 734 ;
1599 684 1722 724 non
1736 667 2160 740 quiasum,sed

504 774 580 814 ne
594 758 940 826 arrogantia
959 758 1205 814 odiosus
1221 758 1509 813 inveniar.
1528 758 1626 813 Dic
1638 754 2159 827 hominibusquod

515 862 598 913 es,
625 847 720 902 dic
736 847 855 903 Deo
888 846 1051 919 quod
1084 862 1166 901 es.
1201 846 1350 912 Quia
1380 847 1429 902 si
1453 862 1572 902 non
1602 845 1823 902 dixeris
1850 845 1967 900 Deo
1996 845 2163 916 quod

512 936 1031 1002 es,damnatDeus
1053 936 1216 1007 quod
1237 935 1297 991 in
1326 941 1378 991 te
1404 936 1680 992 inveniet.
1716 938 1842 991 Non
1877 934 1968 990 vis
1982 932 2158 990 utille

508 1024 870 1080 damneti‘tu
898 1024 1143 1080 damna.
1173 1024 1266 1079 Vis
1287 1031 1349 1081 ut
1366 1024 1461 1080 ille
1474 1025 1745 1095 ignoscat
1761 1024 1863 1079 ‘itu
1876 1037 2156 1092 agnosce,

506 1117 571 1168 ut
587 1112 788 1184 possis
806 1116 923 1169 Deo
936 1114 1152 1181 dicere,
1176 1115 1624 1184 Avertefaciam
1647 1121 1810 1170 tuam
1844 1128 1880 1169 a
1898 1112 2162 1182 peccati!

515 1202 885 1258 meis.Dicilli
916 1203 1095 1259 etiam
1129 1204 1229 1260 illa
1250 1204 1433 1259 verba
1472 1204 1531 1259 in
1564 1204 1697 1275 ipso
1729 1201 2159 1268 Psalmo,Quos

513 1292 673 1347 niam
696 1291 1067 1363 iniquitatem
1088 1308 1276 1349 meam
1309 1308 1413 1362 ego
1461 1308 1715 1363 agnosco
1742 1292 1926 1363 (Psat.
1968 1306 2019 1345 ι..
2074 1291 2158 1355 tl.

525 1380 599 1449 5).
634 1380 799 1444 Quod
829 1380 880 1435 si
909 1381 1165 1449 confessi
1169 1381 1464 1450 fuerimus
1477 1382 1695 1437 delicta
1718 1386 1946 1445 nostra,
1967 1378 2161 1448 ﬁdelis

517 1472 600 1523 est
627 1474 681 1523 et
696 1470 918 1538 justus,
958 1469 1061 1539 qui
1089 1469 1349 1525 dimittat
1376 1470 1544 1526 nobis
1590 1470 1805 1527 delicta
1829 1475 2055 1535 nostra,
2104 1470 2164 1526 et

508 1561 719 1626 purget
742 1573 848 1613 nos
874 1573 948 1614 ex
967 1560 1128 1613 omni
1169 1559 1509 1630 iniquitate.
1552 1560 1719 1627 Quod
1740 1561 1791 1616 si
1834 1560 2162 1615 dixerimus

515 1645 655 1716 quia
685 1661 805 1701 non
826 1646 1219 1715 peccavimus,
1250 1650 1590 1705 mendacem
1614 1650 1875 1719 facimus
1926 1665 2078 1717 eum,
2108 1646 2166 1707 et

521 1733 761 1789 verbum
785 1738 913 1805 ejus
925 1752 1040 1791 non
1058 1744 1140 1793 est
1152 1738 1215 1792 in
1228 1738 1403 1793 nobis.
1428 1740 1483 1795 Si
1498 1738 1739 1805 dixeris,
1757 1742 1881 1795 Non
1895 1739 2160 1811 peccavi;

514 1822 678 1877 illum
706 1823 851 1878 facis
888 1826 1261 1891 mendacem,
1291 1843 1427 1882 cum
1460 1832 1512 1884 te
1543 1829 1629 1882 vis
1651 1828 1842 1883 facere
1870 1844 2162 1883 veracem.

518 1910 682 1967 Unde
708 1912 835 1969 ﬁeri
862 1917 1056 1984 potest
1071 1920 1132 1969 ut
1147 1918 1297 1970 Deus
1312 1916 1568 1972 mendax
1579 1917 1671 1983 sit,
1688 1916 1939 1973 ethomo
1954 1932 2162 1983 verax;

518 2015 656 2055 cum
688 2002 1060 2059 contradicat
1089 2004 1388 2077 Scriptura
1414 2022 1425 2059 :
1458 2006 1655 2061 Omnis
1687 2005 1857 2063 homo
1883 2007 2163 2069 mendax,

516 2090 674 2146 Deus
686 2092 842 2147 solus
858 2107 1039 2148 verax
1054 2093 1328 2164 (Roma),
1342 2096 1398 2166 4)
1412 2094 1440 2150 ‘t
1454 2098 1603 2166 Ergo
1620 2097 1772 2151 Deus
1786 2111 1890 2167 per
1902 2096 2167 2167 seipsum

512 2195 716 2245 verax,
741 2185 800 2235 tu
826 2196 931 2252 per
961 2182 1148 2238 Deum
1177 2199 1356 2239 verax
1381 2198 1403 2255 ;
1427 2199 1568 2240 nam
1601 2201 1706 2257 per
1735 2190 1789 2241 te
1811 2185 2092 2241 mendax.

584 2293 636 2343 7.
672 2290 823 2345 Etne
852 2289 999 2345 forte
1026 2290 1445 2362 impunitatem
1474 2292 2167 2365 videreturdedissepec-

515 2377 682 2444 catis,
708 2394 851 2450 quia
867 2378 1030 2444 dixit,
1057 2381 1373 2438 Fidelisest
1394 2388 1447 2438 et
1451 2383 1666 2453 justus,
1690 2385 1795 2454 qui
1813 2384 2167 2439 mundetnos

516 2467 591 2523 ab
622 2468 1227 2538 omniiniquitate;et
1250 2471 1515 2525 dicerent
1542 2472 1667 2541 jam
1717 2470 1832 2526 sibi
1860 2472 2163 2539 homines,

516 2558 853 2617 Peccemus,
892 2556 1083 2611 securi
1112 2556 1402 2612 faciamus
1429 2559 1593 2628 quod
1610 2559 1910 2625 volumus,
1944 2568 2161 2632 purgat

517 2659 629 2698 nos
664 2644 951 2711 Christus,
984 2644 1176 2699 ﬁdelis
1208 2649 1296 2698 est
1321 2651 1376 2699 et
1409 2647 1629 2716 justus,
1664 2653 1881 2719 purgat
1922 2665 2033 2704 nos
2083 2652 2160 2707 ab

519 2733 684 2789 omni
720 2733 1026 2805 iniquitate
1061 2750 1075 2789 :
1110 2734 1251 2789 tollit
1286 2734 1388 2790 tibi
1420 2736 1644 2791 malam
1675 2740 2066 2809 securitatem,
2108 2746 2162 2796 et

516 2821 720 2877 inserit
754 2821 952 2876 utilem
984 2822 1279 2877 timorem.
1314 2823 1459 2879 Male
1493 2825 1578 2879 vis
1601 2841 1732 2881 esse
1760 2842 2020 2893 securus,
2051 2829 2163 2885 sol-

517 2908 712 2964 licitus
738 2915 883 2964 esto.
920 2910 1131 2965 Fidelis
1161 2912 1321 2967 enim
1347 2918 1433 2969 est
1455 2919 1509 2968 et
1532 2914 1750 2985 justus,
1807 2921 1867 2970 ut
1906 2917 2163 2974 dimittat

519 2997 695 3053 nobis
723 2998 938 3054 delicta
968 3004 1191 3065 nostra,
1222 3002 1272 3057 si
1293 3018 1528 3073 semper
1559 3004 1663 3059 tibi
1723 3004 2062 3078 displiceas,
2111 3012 2166 3063 et

524 3086 772 3142 muteris
804 3087 995 3143 donec
1016 3089 1364 3160 perﬁciaris.
1399 3092 1537 3148 Ideo
1559 3094 1704 3165 quid
1732 3095 2037 3166 sequitur?
2066 3096 2170 3152 Fi-

528 3176 659 3232 lioii
677 3176 810 3245 mei,
835 3177 1153 3235 haecscribo
1182 3181 1361 3247 vobis,
1378 3190 1570 3237 utnon
1593 3185 1864 3251 peccetis.
1896 3185 2007 3241 Sed
2022 3185 2167 3241 forte

528 3266 797 3337 subrepit
824 3267 897 3322 de
911 3268 1305 3327 vitahumana
1320 3276 1660 3342 peccatum:
1691 3273 1836 3344 quid
1864 3290 2006 3343 ergo
2025 3274 2123 3329 ﬁet
2142 3272 2170 3328 ?

528 3356 680 3422 Quid
703 3356 731 3411 ‘i
752 3356 879 3427 jam
897 3357 1236 3429 desperatio
1257 3360 1407 3415 erit?
1428 3359 1609 3415 Audi:
1632 3362 1711 3416 Et
1730 3362 1939 3432 siquis,
1956 3362 2165 3432 inquit,

528 3449 879 3516 peccaverit,
908 3449 1263 3505 advocatum
1287 3449 1566 3506 habemus
1580 3451 1660 3507 ad
1689 3451 1950 3517 Patrem,
1969 3454 2168 3509 Jesum

526 3535 820 3593 Christum
852 3540 1081 3607 justum
1104 3556 1127 3603 ;
1158 3544 1213 3594 et
1246 3540 1369 3608 ipse
1411 3540 1780 3609 propitiator
1804 3548 1882 3597 est
1908 3550 2172 3611 peccato-

523 3640 656 3681 rum
672 3632 1029 3682 nostrorum.
1063 3626 1161 3682 Ille
1175 3632 1414 3697 estergo
1437 3628 1767 3685 advocatus
1797 3646 1810 3696 ;
1830 3630 1909 3685 da
1925 3646 2172 3703 operam

525 3717 589 3769 tu
619 3730 693 3770 ne
724 3731 934 3786 pecces
976 3735 988 3774 :
1025 3718 1071 3771 si
1102 3717 1177 3772 de
1229 3716 1567 3773 infirmitate
1626 3720 1759 3775 vitas
1808 3718 2175 3791 subrepserit

527 3808 861 3872 peccatum,
888 3806 1171 3862 continuo
1199 3806 1347 3875 vide,
1370 3808 1657 3863 continuo
1682 3808 2013 3881 displiceat,
2037 3825 2175 3864 con-

529 3890 695 3945 tinuo
730 3891 956 3948 damna
987 3912 1000 3961 ;
1031 3898 1249 3949 etcum
1277 3895 1677 3960 damnaveris,
1712 3914 1955 3954 securus
1985 3899 2062 3954 ad
2084 3900 2177 3969 ju-

532 3977 728 4033 dicem
761 3980 978 4035 venies.
1012 3982 1100 4036 Ibi
1146 3982 1333 4038 habes
1380 3983 1744 4041 advocatum
1776 4030 1788 4052 ,
1817 3987 1934 4042 noli
1974 3988 2177 4043 timere

532 4081 607 4122 ne
638 4067 856 4139 perdas
879 4084 1126 4126 causam
1172 4070 1561 4127 confessionis
1610 4082 1745 4130 tuae.
1800 4075 1856 4130 Si
1888 4077 2045 4131 enim
2078 4076 2179 4133 ali-

532 4156 781 4228 quando
812 4158 870 4213 in
898 4157 1011 4215 hac
1043 4159 1165 4215 vita
1219 4161 1535 4217 committit
1599 4179 1662 4218 se
1720 4163 1903 4221 homo
1944 4166 2177 4223 diserta:

533 4244 979 4319 lingum,etnon
1011 4249 1163 4321 perit
1185 4266 1204 4314 ;
1223 4250 1542 4306 committis
1566 4256 1618 4307 te
1645 4252 1855 4317 Verbo,
1879 4260 1935 4309 et
1966 4256 2181 4326 peritu-

528 4352 632 4392 rus
662 4352 726 4392 es
752 4336 1027 4405 ?Ctama,
1050 4339 1412 4396 Advocatum
1436 4340 1715 4397 habemus
1737 4343 1818 4398 ad
1846 4343 2105 4401 Patrem.

596 4445 650 4499 8.
692 4444 888 4501 Videte
920 4446 1119 4518 ipsum
1150 4446 1445 4503 Joannem
1493 4456 1832 4505 servantem
1882 4451 2180 4509 humilita-

535 4538 677 4589 tem.
711 4536 875 4590 Certe
917 4534 1213 4606 vii'justus
1244 4542 1369 4593 erat
1393 4541 1448 4592 et
1477 4552 1759 4605 magnus,
1792 4539 1897 4611 qui
1929 4539 2003 4594 de
2047 4557 2181 4612 pec-

533 4626 657 4679 tore
686 4623 920 4679 Domini
952 4626 1373 4697 mysteriorum
1391 4632 1617 4682 secreta
1646 4626 1926 4695 bibebat;
1951 4627 2065 4693 ille,
2087 4630 2180 4687 ille

530 4712 635 4781 qui
666 4712 931 4768 bibendo
962 4713 1035 4767 de
1050 4719 1285 4785 pectore
1320 4716 1547 4770 Domini
1578 4716 1951 4772 divinitatem
1985 4724 2179 4775 ructa-

535 4801 637 4865 vit,
670 4800 739 4855 In
762 4802 1061 4871 principio
1074 4810 1201 4860 erat
1226 4804 1496 4869 Verbum,
1520 4812 1571 4861 et
1600 4806 1846 4862 Verbum
1861 4813 1988 4863 erat
2017 4809 2182 4877 apud

528 4889 716 4945 Deum
749 4889 941 4958 (Joan.
978 4893 1091 4963 1,1)
1118 4908 1129 4946 ;
1156 4892 1249 4946 ille
1279 4892 1408 4947 talis
1433 4894 1520 4947 vir
1572 4908 1685 4948 non
1718 4893 1886 4960 dixit,
1916 4896 2181 4953 Advoca-

528 4985 655 5038 tum
708 4980 942 5036 habetis
994 4981 1157 5052 apud
1219 4981 1448 5036 Patrem
1487 4981 1657 5048 ;sed,
1692 4982 1752 5037 Si
1788 4984 1918 5054 quis
1972 5000 2182 5051 pecca-

530 5072 702 5137 verit,
777 5069 1156 5138 advocatum,
1224 5070 1436 5143 inquit,
1484 5069 1782 5128 habemus.
1837 5073 1963 5127 Non
2014 5073 2177 5140 dixit,

534 5159 768 5216 habetis
804 5175 816 5224 ;
843 5174 973 5227 nec,
1016 5174 1111 5214 me
1131 5157 1582 5224 habetis,dixit;
1612 5160 1957 5230 nec,ipsum
1986 5160 2181 5217 Chris-

525 5252 658 5304 tum
684 5248 938 5313 habetis,
969 5247 1115 5304 dixit
1150 5266 1162 5305 :
1206 5247 1311 5304 sed
1341 5252 1397 5303 et
1443 5246 1747 5304 Christum
1804 5251 2022 5320 posuit,
2057 5266 2179 5307 non

533 5344 727 5403 se;et
780 5338 1061 5395 habemus
1113 5338 1279 5404 dixit,
1335 5353 1477 5404 non,
1536 5336 1792 5393 habetis.
1852 5338 2049 5395 Maluit
2117 5356 2181 5396 se

531 5440 754 5495 ponere
786 5429 846 5483 in
886 5444 1139 5486 numero
1166 5434 1565 5501 peccatorum,
1612 5435 1675 5484 ut
1724 5430 1969 5485 haberet
1996 5430 2181 5486 advo-

530 5518 731 5569 catum
759 5515 1081 5585 Christum,
1113 5534 1300 5589 quam
1332 5534 1553 5590 ponere
1582 5535 1642 5574 se
1669 5534 1773 5591 pro
1808 5518 2041 5573 Christo
2076 5518 2182 5573 ad-

527 5604 1147 5668 vocatum,etinveniri
1167 5606 1315 5662 inter
1332 5606 1713 5663 damnandos
1729 5606 2041 5679 superbos.
2054 5608 2181 5663 Fra-

526 5693 667 5759 tres,
690 5691 889 5747 Jesum
904 5692 1665 5768 Christumjustum,ipsum
1681 5696 1978 5755 habemus
2000 5696 2186 5755 advo-

1262 187 1335 243 IN
1374 185 1774 243 EPISTOLAM
1813 184 2105 243 JOANNIS
2143 185 2238 241 AD
2279 182 2640 256 PARTHOS,
2680 185 2742 242 S.
2781 185 3167 245 AUGUSTINI

3780 185 3916 243 1984

2269 313 2470 366 catum
2503 310 2581 367 ad
2632 311 2867 368 Patrem
2892 329 2906 380 ;
2930 312 3059 384 ipse
3081 313 3917 385 propitiatioestpeccatorum

2268 404 2636 456 nostrorum.
2672 400 3130 473 Hocquitenuit,
3151 402 3423 458 hmresim
3451 418 3573 459 non
3604 402 3746 458 fecit
3773 400 3917 468 ;hoc

2273 488 2376 559 qui
2405 489 2610 554 tenuit,
2628 489 2888 546 schisma
2911 506 3032 546 non
3050 490 3379 548 fecit.Unde
3395 492 3555 548 enim
3577 491 3737 547 facta
3782 494 3920 546 sunt

2271 577 2598 633 schismata
2618 576 2647 634 7
2672 577 3340 649 Cumdicunthomines,
3374 581 3490 636 Nos
3508 579 3917 651 justisumus;

2272 682 2409 723 cum
2429 665 2634 722 dicunt
2649 667 3068 734 homines,Nos
3082 668 3530 725 sanctiﬁcamus
3546 668 3623 723 im
3633 667 3915 731 mundos,

2271 771 2382 812 nos
2400 756 3054 829 justiﬂcamusimpios,
3078 772 3189 814 nos
3207 758 3611 830 petimus,nos
3636 756 3924 827 impetra-

2270 846 2685 901 musJoannes
2698 850 2888 902 autem
2900 847 3048 919 quid
3061 847 3248 904 dixit?
3265 848 3341 903 Et
3355 848 3547 919 siquis
3561 846 3918 923 peccaverit,

2268 935 2621 993 advocatum
2637 935 3496 1004 habemus,adPatrem,Iesum
3513 935 3812 992 Christum
3826 936 3923 1004 iu-

2266 1030 2443 1081 stum.
2469 1024 2584 1081 Sed
2609 1025 2763 1081 dicet
2792 1024 3035 1097 aliquis:
3052 1026 3204 1096 Ergo
3226 1026 3412 1082 sancti
3435 1040 3559 1082 non
3574 1028 3923 1096 petuntpro-

2271 1115 2446 1171 nobis
2468 1114 2496 1171 εἰ
2521 1130 2662 1184 ergo
2676 1115 2941 1186 episcopi
2970 1115 3341 1187 etprsepositi
3372 1130 3497 1171 non
3551 1118 3762 1185 petunt
3809 1127 3919 1184 pro

2271 1204 2498 1277 populo
2525 1202 2553 1259 7
2579 1204 2691 1261 Sed
2704 1203 2986 1260 attendite
3014 1204 3367 1277 Scripturas,
3387 1207 3446 1259 et
3466 1202 3662 1259 videte
3692 1200 3841 1273 quia
3865 1204 3921 1256 et

2271 1294 2575 1368 praepositi
2602 1293 3034 1349 commendant
3062 1309 3121 1349 se
3148 1293 3390 1365 populo.
3429 1295 3579 1348 Nam
3599 1289 3920 1364 Apostolus

2270 1388 2411 1444 dicit
2442 1384 2622 1457 plebi,
2656 1383 2906 1439 Orantes
2932 1383 3117 1439 simul
3144 1389 3199 1439 et
3218 1398 3328 1454 pro
3350 1382 3519 1439 nobis
3554 1381 3807 1452 (Coloss.
3840 1394 3920 1446 iv,

2271 1478 2349 1548 3).
2380 1474 2522 1531 Orat
2549 1471 2865 1545 Apostolus
2887 1486 2997 1543 pro
3023 1471 3216 1544 plebe,
3249 1475 3382 1528 orat
3397 1470 3567 1543 plebs
3599 1484 3711 1542 pro
3738 1469 3925 1539 Apos—

2273 1565 2412 1622 tolo.
2438 1564 2687 1620 Oramus
2716 1575 2823 1632 pro
2847 1559 3042 1628 vobis,
3082 1559 3291 1616 fratres
3324 1577 3337 1616 :
3371 1559 3477 1614 sed
3507 1562 3565 1615 et
3612 1574 3721 1614 vos
3752 1562 3920 1613 orate

2274 1671 2384 1729 pro
2424 1652 2619 1710 nobis.
2648 1649 2909 1705 Invicem
2935 1664 3045 1721 pro
3075 1665 3137 1705 se
3174 1648 3373 1705 omnia
3406 1647 3684 1704 membra
3731 1651 3922 1710 orent,

2273 1747 2458 1816 caput
2486 1756 2595 1813 pro
2625 1737 2907 1795 omnibus
2933 1736 3281 1809 interpellet.
3304 1737 3628 1809 Propterea
3654 1750 3782 1792 non
3822 1735 3928 1791 mi-

2274 1848 2407 1889 rum
2438 1830 2582 1903 quia
2612 1828 2879 1899 sequitur
2902 1826 2999 1882 hic
3030 1830 3086 1882 et
3113 1825 3340 1882 claudit
3381 1841 3487 1882 ora
3514 1823 3927 1880 dividentibus

2274 1919 2597 1978 Ecclesiam
2623 1916 2745 1971 Dei.
2778 1916 2887 1981 Qui
2915 1914 3073 1970 enim
3102 1914 3249 1970 dixit
3291 1915 3333 1979 ¹,
3366 1915 3565 1971 Jesum
3615 1913 3927 1970 Christum

2274 2010 2553 2067 habemus
2574 2009 2826 2076 justum.
2850 2009 2904 2061 et
2928 2005 3049 2074 ipse
3070 2003 3413 2074 propitiatio
3438 2008 3520 2059 est
3540 2008 3925 2072 peccatorum

2276 2106 2611 2157 nostrorum
2637 2112 2656 2150 :
2680 2099 2921 2166 propter
2950 2093 3081 2150 illos
3110 2093 3214 2165 qui
3239 2108 3303 2149 se
3329 2092 3577 2149 divisuri
3627 2096 3820 2157 erant,
3876 2094 3933 2147 et

2275 2188 2511 2252 dicturi,
2540 2186 2692 2241 Ecce
2722 2184 2818 2240 hic
2852 2190 2934 2239 est
2966 2182 3252 2247 Christus,
3309 2197 3441 2240 ecce
3487 2182 3621 2238 illic
3677 2180 3921 2252 (Matth.

2272 2294 2435 2342 xxxv,
2464 2274 2559 2347 23)
2590 2289 2604 2340 ;
2637 2277 2691 2329 et
2728 2271 2940 2327 vellent
2962 2271 3275 2328 ostendere
3313 2286 3451 2328 eum
3480 2269 3540 2325 in
3588 2274 3763 2341 parte
3818 2268 3920 2340 qui

2275 2368 2417 2424 emit
2434 2369 2642 2427 totum,
2676 2364 2733 2417 et
2762 2359 3029 2431 possidet
3082 2362 3269 2415 totum
3298 2378 3314 2431 ;
3344 2358 3628 2415 continuo
3682 2361 3925 2413 secutus

2276 2463 2385 2527 est,
2417 2455 2553 2511 Non
2580 2457 2815 2509 tantum
2848 2455 3205 2514 nostrorum,
3246 2449 3348 2505 sed
3378 2456 3429 2505 et
3456 2449 3635 2504 totius
3687 2445 3920 2502 mundi.

2270 2546 2420 2622 Quid
2473 2546 2565 2599 est
2623 2540 2758 2604 hoc,
2802 2538 3245 2593 fratreSPCerte
3291 2537 3624 2594 invenimus
3674 2551 3806 2592 eam
3860 2535 3922 2591 in

2269 2638 2487 2707 campis
2512 2635 2533 2668 ²
2564 2631 2826 2688 saltuum
2848 2626 3236 2698 (Psal.cxxxi,
3257 2626 3333 2693 6),
3359 2626 3699 2681 invenimus
3736 2623 3925 2679 Eccle-

2270 2731 2422 2786 siam
2448 2727 2506 2780 in
2535 2717 2815 2777 omnibus
2842 2715 3142 2786 gentibus.
3180 2716 3323 2770 Ecce
3348 2714 3609 2770 Christus
3622 2712 3920 2782 propitia-

2272 2822 2351 2875 tio
2370 2822 2450 2874 est
2466 2814 2842 2883 peccatorum
2880 2809 3385 2870 nostrorummon
3423 2810 3656 2859 tantum
3687 2808 3925 2859 nostro-

2272 2924 2428 2970 rum,
2458 2901 2561 2959 sed
2580 2897 2833 2968 etztotius
2846 2893 3073 2948 mundi.
3108 2894 3253 2948 Ecce
3267 2892 3451 2948 habes
3478 2892 3803 2947 Ecclesiam
3823 2906 3931 2963 per

2274 3002 2464 3053 totum
2484 2986 2782 3047 mundum
2806 3000 2820 3051 ;
2846 2982 2965 3037 noli
2999 2982 3165 3053 sequi
3190 2980 3372 3037 falsos
3392 2980 3841 3051 justificatores,
3875 2985 3933 3036 et

2273 3100 2445 3141 veros
2463 3076 2810 3153 prmcisores
2824 3074 2935 3127 '.In
2955 3069 3052 3126 illo
3080 3075 3279 3125 monte
3294 3074 3416 3126 esto
3430 3070 3532 3142 qui
3546 3068 3816 3141 implevit
3839 3085 3935 3125 or-

2276 3175 2412 3229 bem
2428 3176 2721 3226 terrarum
2746 3163 2993 3235 (Danai,
3010 3160 3101 3230 35)
3119 3176 3131 3215 :
3148 3159 3291 3230 quia
3305 3159 3564 3216 Christus
3573 3158 3930 3228 propitiatio

2275 3269 2354 3319 est
2376 3263 2762 3331 peccatorum
2789 3256 3160 3317 nostrorum,-
3182 3263 3297 3303 non
3311 3251 3540 3303 tantum
3554 3252 3927 3314 nostrorum,

2276 3351 2378 3408 sed
2411 3352 2462 3405 et
2513 3344 2689 3401 totius
2741 3338 2972 3401 mundi,
3002 3352 3181 3409 quem
3221 3351 3331 3392 suo
3361 3335 3650 3406 sanguine
3687 3350 3937 3407 compa-

2277 3439 2447 3495 ravit.

2351 3531 2403 3583 9.
2426 3525 2500 3580 Et
2530 3522 2589 3578 in
2617 3520 2745 3583 hoc,
2769 3514 3394 3589 inquit,cognoscimus
3407 3513 3941 3579 eum,simandata

2280 3619 2407 3688 ejus
2424 3608 2868 3671 servaverimus.
2886 3606 3027 3670 Quae
3052 3602 3339 3659 mandata
3352 3604 3380 3657 ?
3400 3601 3510 3669 Qui
3527 3602 3669 3658 dicit
3686 3603 3829 3674 quia
3842 3618 3941 3658 co-

2281 3704 2482 3777 gnovit
2510 3704 2734 3763 eum,et
2762 3695 3050 3751 mandata
3093 3694 3225 3763 ejus
3261 3707 3383 3747 non
3407 3698 3603 3748 servat
3629 3714 3649 3761 ,-
3673 3692 3941 3749 mendax

2284 3800 2386 3859 est,
2410 3799 2463 3850 et
2495 3791 2556 3846 in
2598 3788 2706 3843 hoc
2760 3785 2975 3841 veritas
3002 3797 3121 3838 non
3152 3787 3255 3838 est.
3310 3780 3426 3837 Sed
3452 3780 3651 3837 adhuc
3688 3781 3937 3853 quieris,

2284 3885 2426 3951 Quae
2460 3877 2746 3936 mandata
2774 3872 2802 3929 ‘t
2821 3872 2933 3940 Qui
2961 3877 3181 3936 autem,
3215 3870 3428 3943 inquit,
3456 3870 3780 3927 servaverit
3804 3886 3936 3928 ver-

2288 3973 2423 4029 bum
2458 3972 2606 4040 ejus,
2641 3979 2771 4023 vere
2793 3963 2856 4018 in
2889 3963 2992 4018 hoc
3018 3961 3290 4031 perfecta
3312 3966 3390 4016 est
3428 3959 3666 4016 dilectio
3696 3961 3822 4017 Dei.
3852 3962 3941 4014 Vi-

2285 4062 2538 4117 deamus
2553 4072 2625 4112 ne
2645 4056 2846 4127 ipsum
2872 4051 3227 4107 mandatum
3247 4048 3486 4105 dilectio
3498 4053 3756 4105 vocetur.
3774 4051 3945 4115 Quae-

2286 4151 2571 4206 rebamus
2597 4144 2778 4206 enim,
2813 4156 2950 4214 quas
2980 4138 3288 4205 mandata,
3325 4142 3380 4194 et
3437 4138 3537 4203 ait,
3598 4138 3706 4203 Qui
3734 4143 3941 4195 autem

2286 4234 2609 4296 servaverit
2641 4232 2884 4289 verbum
2931 4231 3078 4299 ejus,
3106 4242 3241 4285 vere
3293 4229 3352 4283 in
3385 4226 3495 4283 hoc
3529 4228 3805 4297 perfecta
3851 4232 3943 4283 est

2287 4327 2520 4384 dilectio
2552 4322 2674 4380 Dei.
2735 4318 2977 4375 Attende
3034 4316 3439 4387 Evangelium,
3470 4316 3517 4369 si
3549 4331 3668 4371 non
3698 4320 3787 4370 est
3825 4316 3947 4372 hoc

2288 4406 3285 4477 mandatum:Mandatum,inquit,
3312 4420 3527 4461 novum
3554 4404 3628 4460 do
3650 4404 3829 4467 vobis,
3874 4412 3947 4460 ut

2290 4504 2643 4562 vosinvicem
2660 4495 3131 4567 diligatis(Joan.
3150 4510 3262 4562 xm,
3279 4494 3389 4565 34).
3407 4493 3475 4549 In
3495 4494 3604 4550 hoc
3629 4497 3938 4563 cognosci-

2289 4610 2415 4651 mus
2430 4591 2569 4664 quia
2581 4590 2642 4645 in
2656 4588 2780 4657 ipso
2794 4601 2920 4642 sum
2930 4583 3069 4652 us,si
3080 4583 3141 4638 in
3157 4584 3280 4652 ipso
3294 4583 3545 4651 perfecti
3571 4583 3874 4651 fuerimus
3899 4586 3944 4639 ⁴.

2290 4680 2653 4739 Perfectosin
2682 4675 2995 4731 dilectione
3028 4678 3200 4729 vocat
3232 4689 3244 4728 :
3279 4688 3409 4743 quae
3440 4678 3527 4727 est
3549 4672 3831 4744 perfectio
3851 4673 3944 4728 di-

2288 4770 2554 4827 lectionis
2573 4766 2600 4822 ?
2631 4769 2693 4821 Et
2724 4764 2997 4820 inimicos
3013 4761 3431 4831 diligere,etad
3447 4762 3560 4817 hoc
3574 4760 3843 4829 diligere,
3869 4767 3937 4816 ut

2291 4861 2409 4915 sint
2436 4857 2664 4913 fratres.
2697 4857 2823 4909 Non
2844 4852 3003 4907 enim
3028 4849 3264 4906 dilectio
3296 4855 3503 4906 nostra
3522 4849 3777 4905 carnalis
3802 4866 3940 4906 esse

2290 4948 2487 5005 debet.
2520 4947 2733 5016 Optare
2782 4940 2961 4996 alicui
2993 4939 3244 4994 salutem
3269 4938 3681 5009 temporalem,
3708 4937 3942 4995 bonum

2290 5044 2379 5093 est
2408 5034 2550 5103 ;sed
2580 5040 2635 5088 et
2663 5030 2712 5087 si
2742 5029 2911 5093 desit,
2942 5027 3148 5084 anima
3184 5032 3310 5082 tuta
3350 5028 3443 5081 sit.
3501 5028 3681 5098 Optas
3736 5027 3813 5081 ali
3841 5029 3944 5083 cui

2292 5125 2486 5183 amico
2517 5129 2617 5179 tuo
2649 5123 2833 5176 vitam
2862 5117 2891 5172 ?
2922 5119 3073 5173 bene
3130 5115 3296 5172 facis.
3353 5115 3592 5173 Gaudes
3640 5116 3714 5171 de
3748 5122 3946 5173 morte

2290 5213 2511 5272 inimici
2542 5210 2670 5267 tui?
2710 5208 2862 5265 male
2891 5207 3055 5263 facis.
3074 5206 3189 5261 Sed
3206 5206 3352 5262 forte
3368 5211 3425 5260 et
3454 5205 3649 5262 amico
3678 5210 3777 5261 tuo
3826 5206 3951 5262 vita

2352 5395 2366 5425 ί
2403 5391 2487 5440 Er.
2524 5385 3035 5451 LugdtVenLLov”
3067 5384 3190 5451 quia
3217 5383 3367 5451 dixit.
3397 5382 3473 5451 μ.

2355 5456 2373 5485 ³
2401 5444 2640 5514 Quatuor
2668 5450 2789 5499 Mss.
2831 5447 2993 5514 εραίά
3009 5444 3194 5497 est—hoc
3231 5446 3257 5494 ?
3286 5445 3550 5495 Psalmum
3562 5444 3780 5499 attende.
3799 5445 3950 5494 inve-

2291 5512 2462 5565 nimus
2486 5530 2595 5563 eam
2621 5514 2677 5561 in
2702 5512 2920 5573 campis.

2358 5580 2375 5608 ³
2404 5578 2560 5633 Editi,
2605 5570 3189 5639 praeipitatores.Mss.,
3218 5584 3364 5639 vero,
3400 5571 3718 5639 prweisores.

2355 5644 2371 5673 ι
2408 5632 2626 5696 Istud,si
2647 5639 2703 5686 in
2735 5632 2844 5698 ipso
2901 5634 3111 5698 perfecti
3162 5632 3429 5697 fuerimus,
3454 5633 3681 5698 habetur
3746 5632 3835 5684 hic
3893 5634 3953 5689 in

2355 5653 2371 5673 ‘
2410 5653 2626 5696 Istud,”
2647 5654 2703 5686 ιη
2735 5654 2753 5686 ι
2792 5653 2844 5687 so
2901 5653 3111 5698 partem!
3162 5653 3429 5697 ,uersmus,
3456 5653 3681 5684 nauatur
3746 5653 3835 5684 ulc
3893 5653 3941 5683 In

2294 5702 2548 5755 omnibus
2581 5653 2856 5753 codicibus
2889 5714 2899 5745 :
2931 5698 3026 5750 sed
3047 5696 3255 5750 abesto.
3284 5698 3447 5749 sacris
3471 5695 3665 5751 Bibliis.
3938 5704 3941 5707 '
