4182 6198
259 199 404 259 1989

254 342 395 399 quae
425 325 718 382 adversus
734 320 1041 378 haereticos
1065 319 1605 393 valentplurimnm
1634 339 1922 395 ;quorum

253 414 493 470 insidiae
519 412 878 468 inﬁrmiores
918 425 1194 482 quosque
1240 416 1297 466 et
1326 411 1788 482 negligentiores
1817 413 1923 468 cir-

254 501 605 559 cumvenire
633 516 756 557 non
779 504 1035 556 cessant.
1055 501 1405 555 Mementote
1438 500 1757 556 Dominum
1787 517 1925 556 nos-

256 598 414 648 trum
428 589 860 647 etsalvatorem
872 588 901 641 J
907 602 1077 642 esum
1091 587 1780 654 Christum,etmortuum
1792 605 1923 645 esse

257 696 370 753 pro
384 679 566 736 nobis
582 684 638 735 et
659 676 1052 734 resurrexisse
1072 694 1085 743 ;
1107 680 1409 732 mortuum
1431 677 1654 733 scilicet
1682 685 1924 750 propter

258 769 479 825 delicta
508 773 733 839 nostra,
756 765 1150 821 resurrexisse
1171 769 1414 836 propter
1433 765 1922 836 justiﬁcationem

258 861 532 913 nostram
559 853 1133 927 (Rom.iv,25).Sicut
1159 852 1341 908 modo
1354 852 1604 909 audistis
1633 855 1777 925 quia
1807 855 1924 910 dis-

258 945 603 1018 cipulorum
634 944 896 1000 duorum
917 956 1073 1014 quos
1098 940 1319 996 invenit
1346 941 1404 996 in
1424 942 1542 1007 via,
1570 944 1925 1000 tenebantur

257 1035 417 1092 oculi
439 1050 513 1090 ne
539 1049 679 1090 eum
705 1034 1101 1102 agnoscerent
1125 1035 1208 1086 :et
1225 1031 1451 1086 invenit
1480 1047 1582 1086 eos
1604 1031 1926 1103 desperan.

256 1130 344 1179 tes
356 1124 432 1179 de
453 1121 867 1193 redemptione
880 1136 1017 1192 quas
1032 1123 1159 1175 erat
1172 1119 1231 1173 in
1249 1120 1494 1186 Christo,
1514 1127 1570 1176 et
1583 1121 1924 1178 existiman-

249 1214 491 1282 tesjam
515 1210 681 1266 illum
707 1224 957 1281 passum
989 1214 1045 1263 et
1075 1213 1381 1263 mortuum
1415 1208 1621 1278 fuisse,
1639 1209 1791 1263 sicut
1817 1209 1921 1265 ho.

259 1302 515 1366 minem,
547 1315 654 1355 nec
681 1303 976 1370 tanquam
1006 1295 1220 1351 Filium
1245 1297 1344 1352 Dei
1378 1302 1654 1368 putantes
1684 1313 1922 1369 semper

248 1391 456 1446 vivere
475 1408 487 1457 ;
505 1395 560 1445 et
582 1389 642 1445 in
664 1403 842 1445 carne
864 1389 944 1443 ita
967 1390 1271 1442 mortuum
1299 1392 1361 1442 ut
1382 1402 1503 1443 non
1520 1388 1915 1452 revivisceret,

255 1479 360 1533 sed
391 1484 677 1549 tanquam
695 1492 883 1532 unum
895 1491 966 1530 ex
980 1474 1287 1546 Prophetis
1303 1491 1315 1530 :
1332 1475 1483 1531 sicut
1505 1476 1689 1531 verba
1709 1491 1915 1531 eorum

254 1567 442 1639 paulo
474 1571 612 1623 ante
640 1565 964 1638 quiintenti
985 1564 1474 1633 eratis,audistis.
1501 1567 1662 1620 Tunc
1682 1565 1917 1636 aperuit

250 1657 367 1712 illis
393 1656 752 1728 Scripturas,
786 1653 1075 1726 incipiens
1102 1669 1138 1708 a
1163 1656 1360 1724 Moyse
1406 1669 1512 1725 per
1541 1669 1752 1709 omnes
1782 1657 1922 1718 Pro-,

250 1746 488 1818 phetas,
518 1746 845 1801 ostendens
866 1745 950 1799 eis
970 1743 1176 1799 omnia
1215 1758 1350 1815 quae
1382 1758 1595 1814 passus
1621 1749 1744 1798 erat
1765 1759 1914 1815 prae-

251 1834 409 1891 dicta
427 1833 630 1901 fuisse;
648 1849 720 1889 ne
735 1833 813 1888 illi
826 1833 1018 1902 magis
1031 1832 1484 1896 moverentur,si
1497 1833 1914 1888 resurrexisset

252 1925 567 1990 Dominus,
595 1928 650 1979 et
684 1922 876 1992 magis
904 1921 955 1976 ei
986 1936 1107 1977 non
1142 1921 1470 1989 crederent,
1500 1921 1546 1974 si
1571 1920 1646 1976 de
1673 1920 1772 1977 illo
1798 1921 1912 1976 ista

251 2019 393 2069 ante
415 2013 577 2068 dicta
598 2027 716 2067 non
745 2015 965 2066 essent.
997 2010 1264 2066 Firmitas
1284 2008 1440 2064 enim
1470 2009 1608 2065 ﬁdei
1632 2011 1690 2065 in
1711 2025 1781 2065 eo
1799 2015 1908 2074 est,

250 2105 396 2175 quia
409 2103 758 2174 omniaquae
771 2105 1096 2157 evenerunt
1111 2100 1171 2155 in
1185 2099 1432 2164 Christo,
1451 2100 1734 2171 pradicta
1747 2105 1905 2154 sunt.

250 2191 692 2264 Discipuliergo
716 2206 854 2246 eum
879 2205 1002 2246 non
1014 2194 1409 2259 agnoverunt,
1424 2188 1609 2242 nisiin
1622 2187 1908 2244 fractione

251 2282 451 2353 panis.
478 2283 541 2336 Et
571 2296 709 2336 vere
743 2280 847 2352 qui
881 2294 1002 2334 non
1029 2278 1140 2334 sibi
1165 2277 1463 2348 judicium
1493 2277 1822 2332 manducat
1852 2282 1909 2331 et

248 2371 407 2427 bibit
431 2371 475 2440 (Ι
508 2370 646 2427 Cor.
675 2385 756 2438 x1,
813 2369 924 2440 29),
959 2368 1020 2424 in
1049 2367 1340 2423 fractione
1401 2366 1577 2438 panis
1606 2366 1907 2422 Christum

249 2456 546 2531 agnoscit.
564 2461 772 2515 Postea
788 2463 842 2514 et
854 2457 933 2512 illi
948 2457 1224 2513 undecim
1246 2457 1542 2528 putabant
1554 2471 1616 2512 se
1633 2455 1907 2527 spiritum

251 2548 475 2604 videre.
499 2547 749 2603 Praebuit
761 2562 822 2602 se
835 2546 1232 2618 palpandum,
1255 2545 1358 2618 qui
1372 2561 1432 2600 se
1447 2544 1700 2618 praebuit
1721 2543 1908 2600 cruci-

260 2637 620 2708 figendum;
683 2634 1153 2705 cruciﬁgendum
1206 2635 1478 2700 inimicis,
1534 2633 1910 2706 palpandum

262 2726 476 2782 amicis
501 2738 514 2779 :
540 2726 808 2782 medicus
834 2731 1036 2780 tamen
1063 2724 1351 2789 omnium,
1370 2731 1426 2780 et
1452 2724 1686 2780 illorum
1704 2723 1912 2795 impie-

260 2815 425 2881 tatis,
457 2820 514 2870 et
540 2815 792 2871 istorum
820 2812 1249 2869 incredulitatis
1276 2815 1318 2867 ¹.
1359 2815 1629 2884 Namque
1656 2811 1908 2868 audistis

255 2919 398 2960 cum
429 2910 607 2960 Actus
627 2903 1044 2976 Apostolorum
1061 2902 1415 2972 legerentur,
1430 2901 1914 2973 quotmilliacre-

253 2993 544 3049 diderunt
577 3009 645 3050 ex
679 2992 1152 3048 interfectoribus
1178 2991 1390 3046 Christi
1421 2992 1578 3063 (Act.
1614 3007 1674 3055 ll,
1704 2992 1817 3060 41).
1851 2991 1908 3047 Si

254 3083 641 3139 crediderunt
655 3087 862 3154 postea
888 3083 993 3154 qui
1012 3082 1375 3149 occiderant,
1392 3096 1515 3137 non
1537 3086 1705 3137 erant
1722 3080 1910 3136 credi-

251 3172 370 3229 turi
400 3173 505 3243 qui
526 3171 840 3244 paululum
857 3169 1254 3227 dubitabant?
1268 3171 1490 3241 Etipsis
1505 3175 1701 3226 tamen
1718 3170 1907 3242 (quod

249 3261 517 3317 maxime
542 3259 771 3317 debetis
801 3259 1295 3326 animadvertere,
1311 3259 1684 3315 etmemoriae
1699 3264 1905 3314 vestrae

253 3350 569 3414 mandare,
584 3348 732 3421 quia
744 3355 952 3404 contra
968 3347 1288 3404 insidiosos
1301 3363 1530 3404 errores
1555 3351 1704 3404 Deus
1720 3348 1908 3406 voluit

249 3454 483 3511 ponere
495 3438 943 3494 ﬁrmamentum
957 3437 1016 3492 in
1028 3437 1359 3508 Scripturis,
1387 3444 1758 3508 contraquas
1772 3438 1904 3493 nul-

243 3528 340 3584 lus
367 3527 867 3599 audetloqui,’qui
888 3541 1136 3599 quoquo
1151 3526 1334 3583 modo
1348 3543 1408 3583 se
1423 3529 1541 3582 vult
1554 3527 1738 3583 videri
1755 3527 1906 3584 chri-

244 3617 536 3688 stianum)
552 3633 688 3672 cum
703 3631 763 3671 se
776 3615 1153 3688 palpandum
1167 3616 1539 3688 praebuisset,
1556 3632 1674 3672 non
1689 3616 1768 3672 illi
1785 3617 1904 3673 suf-

245 3705 527 3772 fecit,nisi
545 3706 621 3761 de
645 3706 962 3777 Scripturis
976 3705 1852 3762 conﬁrmaretcorcredentium
1889 3724 1902 3762 :

248 3795 826 3867 prospiciebatenim
857 3811 968 3850 nos
994 3795 1223 3851 futuros
1252 3810 1265 3860 ;
1289 3794 1349 3849 in
1371 3810 1490 3867 quo
1517 3795 1682 3868 quod
1700 3796 1905 3868 palpe-

250 3900 390 3940 mus
413 3900 523 3941 nos
537 3901 658 3941 non
671 3883 987 3953 habemus,
1003 3884 1107 3939 sed
1119 3884 1285 3955 quod
1298 3884 1570 3955 legamus
1581 3884 1800 3941 habem
1812 3902 1899 3940 us.

249 3975 310 4030 Si
340 3974 502 4029 enim
521 3973 930 4046 proptereailli
952 3973 1904 4045 crediderunt,quiatenueruntet

250 4063 683 4136 palpaverunt;
713 4078 823 4120 nos
851 4063 996 4134 quid
1017 4062 1350 4119 faciemus?
1378 4067 1508 4119 tam
1529 4064 1793 4120 Christus
1807 4081 1902 4120 as-

252 4153 456 4208 cendit
475 4153 534 4207 in
571 4152 811 4218 caelum,
845 4167 965 4208 non
995 4157 1084 4208 est
1113 4158 1397 4208 venturus
1427 4152 1538 4208 nisi
1568 4153 1627 4207 in
1668 4152 1806 4224 ﬁne,
1841 4159 1905 4209 ut

246 4242 476 4314 judicet
501 4244 575 4298 de
607 4243 756 4298 vivis
779 4248 836 4298 et
862 4243 1109 4298 mortuis
1132 4259 1146 4298 :
1172 4242 1330 4297 unde
1357 4243 1632 4298 credituri
1666 4260 1901 4311 sumus,

247 4331 366 4388 nisi
394 4331 555 4387 unde
572 4330 804 4402 etipsos
827 4331 1142 4403 palpantes
1158 4331 1342 4387 voluit
1355 4331 1700 4388 conﬁrmari
1714 4331 1904 4405 ?Ape-

242 4421 364 4477 ruit
378 4423 536 4476 enim
553 4420 665 4475 illis
683 4422 1037 4493 Scripturas,
1060 4426 1116 4476 et
1131 4421 1386 4477 ostendit
1400 4420 1485 4476 eis
1499 4422 1642 4492 quia
1662 4428 1903 4494 oporte-

246 4509 352 4566 bat
381 4510 504 4582 pati
534 4509 851 4577 Christum,
886 4516 942 4566 et
971 4509 1203 4580 impleri
1264 4511 1469 4567 omnia
1506 4527 1642 4582 quas
1699 4513 1773 4568 de
1803 4512 1901 4569 illo

243 4600 469 4670 scripta
499 4605 639 4655 sunt
664 4599 722 4654 in
745 4597 872 4669 lege
903 4600 1098 4670 Moysi,
1127 4604 1181 4655 et
1209 4599 1526 4670 Prophetis,
1551 4607 1606 4655 et
1631 4601 1898 4658 Psalmis.

243 4689 776 4745 Omnemveterem
813 4694 1035 4744 textum
1074 4691 1512 4758 Scripturarum
1550 4679 1902 4764 circumpleé

238 4792 355 4832 xus
370 4784 477 4833 est.
506 4777 744 4850 Aliquid
765 4777 1000 4834 illarum
1015 4779 1451 4848 Scripturarum
1473 4785 1578 4844 est,
1605 4779 1898 4837 Christum

241 4872 417 4922 sonat
447 4883 461 4933 ;
491 4868 597 4922 sed
623 4867 676 4922 si
698 4883 872 4923 aures
900 4866 1182 4922 inveniat.
1201 4869 1507 4939 Etaperuit
1529 4868 1614 4924 eis
1629 4886 1895 4941 sensum,

238 4962 304 5012 ut
333 4956 730 5026 intelligerent
752 4956 1101 5028 Scripturas.
1133 4958 1364 5012 Undeet
1390 4957 1564 5013 nobis
1595 4959 1898 5016 hocoran-

237 5045 390 5101 dum
419 5051 531 5114 est,
564 5052 626 5101 ut
654 5047 781 5117 ipse
809 5062 1054 5101 sensum
1086 5052 1360 5102 nostrum
1395 5051 1642 5118 aperiat.

305 5139 361 5189 2.
392 5135 547 5201 Quid
581 5140 781 5192 autem
806 5136 1063 5191 ostendit
1089 5138 1375 5192 Dominus
1406 5137 1696 5209 scriptum
1736 5138 1810 5195 de
1833 5155 1894 5196 se

239 5224 301 5279 in
329 5225 463 5296 lege
491 5226 697 5297 Moysi,
714 5225 1108 5297 etProphetis,
1138 5233 1193 5282 et
1222 5225 1469 5282 Psalmis
1489 5225 1517 5280 i’
1533 5227 1681 5299 quid
1700 5234 1895 5284 osten-

230 5314 370 5370 dit?
409 5315 545 5386 Ipse
576 5314 755 5370 dicat.
797 5315 1052 5371 Breviter
1100 5316 1213 5371 hoc
1247 5316 1620 5387 Evangelista
1666 5319 1887 5389 posuit,

235 5411 296 5460 ut
319 5419 434 5461 nos
457 5419 774 5460 nossemus
812 5403 958 5476 quid
987 5404 1050 5459 in
1080 5409 1246 5462 tanta
1289 5405 1598 5462 latitudine
1633 5407 1892 5479 Scriptu-

241 5507 447 5550 rarum
475 5493 786 5550 credereet
813 5493 1139 5565 intelligere
1159 5493 1512 5552 debeamus.
1543 5498 1705 5552 Certe
1733 5497 1891 5552 mul-

285 5647 301 5678 ¹
324 5645 584 5710 Quatuor
604 5643 833 5710 ﬂes,“
846 5643 1060 5696 illorum
1091 5645 1394 5710 impiatum,
1442 5651 1486 5698 et
1521 5647 1738 5700 istorum
1787 5649 1863 5702 in-

226 5707 554 5760 credulitate:
585 5720 753 5759 sanae
762 5707 826 5760 it.

1541 192 1959 256 TRACTATUS
2005 196 2078 259 [Ι.
2126 194 2355 253 CAPUT
2395 194 2464 253 II.

3552 214 3683 270 l990

2031 327 2102 377 tae
2132 326 2268 376 sunt
2297 323 2544 393 paginae,
2581 322 2822 379 etmulti
2852 322 3008 391 libri,
3044 324 3158 382 hoc
3189 327 3413 388 habent
3464 350 3675 394 omnes

2029 410 2196 482 quod
2233 410 2379 466 dixit
2407 411 2693 466 Dominus
2727 412 2985 469 breviter
3013 412 3320 488 discipulis
3354 422 3497 477 suis.
3531 427 3684 490 Quid

2031 505 2120 554 est
2170 499 2283 554 hoc
2313 500 2341 555 Ῡ
2371 499 2519 565 Quia
2549 501 2857 568 oportebat
2891 503 3022 570 pati
3052 503 3373 573 Christum,
3403 517 3456 564 et
3483 527 3679 568 resur-

2027 603 2165 658 gere
2190 587 2368 643 tertia
2397 588 2510 643 die.
2545 588 2738 644 Habes
2749 589 2879 660 jam
2910 592 2982 645 de
3015 609 3264 666 sponso,
3286 597 3431 668 quia
3453 609 3682 669 oporte-

2031 677 2128 734 bat
2159 676 2463 733 Christum
2491 677 2621 746 pati
2650 685 2702 733 et
2735 694 3068 750 resurgere.
3097 683 3565 744 Commendatus
3591 697 3678 748 est

2030 766 2203 822 nobis
2235 780 2520 837 sponsus.
2554 767 2632 822 De
2663 782 2886 838 sponsa
2930 769 3242 827 videamus
3288 776 3436 846 quid
3474 778 3671 851 dicat;

2031 861 2177 912 uttu
2209 871 2347 910 cum
2400 859 2754 926 cognoveris
2784 874 3074 928 sponsum
3117 866 3172 916 et
3213 877 3523 933 sponsam,
3557 884 3680 926 non

2031 945 2159 999 sine
2190 944 2464 1000 causaad
2478 945 2721 1015 nuptias
2750 946 2971 1002 venias.
3004 948 3329 1006 Celebratio
3353 956 3512 1010 enim
3527 972 3680 1028 nup-

2029 1033 2245 1088 tiarum
2275 1034 2471 1089 omnis
2524 1033 2842 1089 celebratio
2877 1053 2888 1087 :
2923 1035 3194 1092 Ecclesiae
3253 1043 3477 1112 nuptiae
3523 1046 3676 1102 cele-

2028 1121 2295 1177 brantur.
2328 1125 2619 1177 Ducturus
2651 1127 2740 1177 est
2773 1139 3020 1179 uxorem
3055 1126 3213 1182 tilius
3260 1130 3432 1199 regis,
3462 1138 3518 1188 et
3547 1135 3676 1206 ipse

2025 1210 2181 1265 ﬁlius
2202 1211 2502 1280 registrex:
2526 1216 2580 1265 et
2597 1211 2700 1281 qui
2719 1210 3122 1282 frequentant,
3143 1216 3255 1286 ipsi
3271 1224 3672 1292 suntsponsa.

2026 1301 2152 1355 Non
2178 1299 2557 1370 quomodoin
2578 1300 2804 1370 nuptiis
2824 1301 3168 1357 carnalibus
3185 1305 3670 1379 aliifrequentant

2024 1389 2350 1460 nuptias,et
2369 1388 2487 1443 alia
2499 1386 2693 1452 nubit,
2714 1387 3055 1457 in‘Ecclesia
3077 1392 3179 1462 qui
3205 1393 3606 1466 frequentant,
3623 1404 3670 1457 si

2023 1476 2175 1532 bene
2192 1476 3216 1548 frequentant,sponsaﬁunt.0mnis
3229 1498 3391 1539 enim
3412 1488 3673 1547 Ecclesia

2023 1582 2246 1638 sponsa
2271 1565 2479 1621 Christi
2493 1565 2776 1636 est,cujus
2792 1567 3152 1638 principium
3169 1576 3224 1625 et
3237 1573 3508 1641 primitiae
3531 1594 3672 1636 caro

2023 1655 2233 1711 Christi
2263 1660 2351 1710 est
2379 1671 2392 1709 :
2417 1654 2723 1724 ibijuncta
2747 1662 2835 1710 est
2857 1672 3082 1726 sponsa
3103 1675 3330 1729 sponso
3353 1664 3414 1717 in
3467 1681 3668 1724 carne.

2020 1745 2216 1800 Merito
2246 1759 2489 1800 carnem
2515 1745 2712 1815 ipsam
2735 1759 2870 1798 cum
2893 1735 3348 1806 commendaret.
3373 1754 3414 1818 1,
3448 1770 3669 1825 panem

2019 1832 2193 1902 fregit
2220 1851 2236 1902 ;
2262 1837 2319 1887 et
2342 1832 2549 1887 merito
2572 1833 2632 1886 in
2649 1831 2935 1888 fractione
2959 1836 3130 1905 panis
3153 1840 3493 1908 apertisunt
3514 1847 3670 1901 oculi

2018 1921 2474 1992 discipulorum,
2495 1925 2550 1975 et
2569 1927 2940 1991 agnoverunt
2967 1939 3126 1980 eum.
3153 1927 3306 1990 Quid
3332 1945 3473 2000 ergo
3523 1933 3671 1991 dixit

2019 2011 2305 2066 Dominus
2319 2011 2604 2081 scriptum
2628 2025 2756 2065 esse
2767 2009 2838 2064 de
2860 2011 2992 2066 sein
3007 2012 3179 2084 Lege,
3200 2019 3593 2090 etProphetis,
3610 2029 3667 2080 et

2016 2100 2265 2155 Psalmis
2287 2099 2478 2164 ?Quia
2506 2099 2804 2168 oportebat
2819 2102 2948 2170 pati
2971 2102 3286 2160 Christum.
3322 2108 3377 2162 Si
3409 2125 3532 2166 non
3562 2113 3668 2168 ad-

2015 2187 2195 2254 deret,
2221 2195 2274 2244 et
2307 2203 2629 2258 resurgere,
2659 2195 2813 2244 recte
2852 2189 2936 2243 illi
2988 2191 3359 2263 plangerent,
3403 2215 3665 2270 quorum

2015 2276 2192 2332 foculi
2215 2277 2604 2342 tenebantur;
2634 2277 2738 2331 sed
2769 2283 3148 2350 etresurgere
3178 2285 3529 2353 praedictum
3557 2296 3670 2348 est.

2015 2364 2082 2420 Et
2125 2365 2336 2438 utquid
2357 2366 2472 2421 hoc
2500 2365 2530 2418 τί
2558 2381 2744 2437 quare
2772 2368 3089 2438 oportebat
3118 2372 3241 2441 pati
3273 2374 3572 2434 Christum
3610 2385 3670 2436 et

2015 2469 2323 2525 resurgere
2357 2454 2649 2526 ‘PPropter
2693 2455 2861 2511 illum
2905 2457 3208 2528 psalmum
3255 2477 3438 2534 quem
3493 2467 3665 2524 vobis

2017 2543 2279 2616 maxime
2295 2543 2880 2611 commendavimus,
2899 2554 3114 2617 quarta
3137 2550 3391 2618 sabbati,
3409 2557 3664 2614 statione

2017 2633 2212 2704 prima
2248 2633 2582 2688 novissimae
2638 2632 3058 2691 hebdomadis.
3103 2638 3295 2702 Quare
3342 2646 3661 2740 oportebat

2017 2722 2317 2778 Christum
2347 2721 2471 2793 pati
2523 2726 2578 2776 et
2605 2737 2912 2792 resurgere
2943 2723 2972 2776 ‘2
2997 2721 3663 2796 Propterea’:'Comme—

2015 2811 2415 2868 morabuntur
2443 2816 2496 2866 et
2527 2818 2949 2868 convertentur
2968 2814 3049 2869 ad
3067 2815 3384 2876 Dominum
3406 2823 3666 2880 universi

2012 2901 2159 2968 ﬁnes
2191 2907 2387 2968 terrm,
2440 2905 2494 2955 et
2524 2901 2858 2957 adorabunt
2891 2902 2952 2958 in
2985 2914 3299 2974 conspectu
3359 2913 3487 2980 ejus
3526 2914 3659 2970 uni-

2014 3003 2195 3045 versae
2218 2988 2432 3058 patriae
2459 2992 2726 3058 gentium
2756 2991 2945 3061 (Psat.
2971 3009 3092 3060 χχι,
3128 2996 3237 3069 28).
3280 2999 3428 3055 Nam
3462 3008 3523 3058 ut
3550 3019 3658 3061 no-

2014 3078 2209 3167 veritis
2232 3078 2376 3149 quia
2406 3079 2698 3146 oportebat
2719 3081 2852 3147 pati
2875 3080 3184 3140 Christum
3217 3093 3269 3141 et
3309 3104 3659 3167 resurgere,-

2012 3166 2244 3238 et,hic;q
2254 3167 2350 3221 uid
2363 3167 2612 3231 addidit,
2631 3172 2692 3222 ut
2705 3174 2841 3238 post
2857 3174 3444 3234 commendationem
3457 3184 3664 3252 sponsi

2012 3255 2465 3312 commendaret
2494 3262 2548 3311 et
2587 3271 2878 3327 sponsam
2910 3259 2938 3314 7
2969 3259 3044 3313 Et
3073 3263 3416 3332 praedicam,
3443 3269 3659 3340 inquit,

2012 3346 2073 3401 in
2106 3348 2342 3401 nomine
2369 3348 2496 3414 ejus
2517 3346 2932 3416 paenitentiam
2961 3355 3013 3404 et
3037 3352 3426 3411 remissionem
3452 3373 3662 3426 pecca-

2012 3440 2207 3490 torum
2231 3450 2340 3504 per
2367 3450 2560 3491 omnes
2583 3443 2803 3506 gentes,
2832 3437 3114 3507 incipiens
3139 3439 3213 3496 ab
3251 3443 3582 3503 Jerusalem
3617 3450 3662 3507 ³.

2008 3524 2289 3591 Audistis,
2312 3523 2545 3590 fratres,
2582 3530 2790 3581 tenete.
2810 3529 2990 3582 Nemo
3021 3528 3249 3587 dubitet
3279 3533 3354 3588 de
3376 3536 3659 3606 Ecclesia,

2009 3613 2268 3685 quiaper
2280 3629 2492 3669 omnes
2507 3618 2713 3683 gentes
2727 3620 2850 3683 est;
2872 3631 3050 3673 nemo
3065 3618 3463 3695 dubitet,quia
3477 3625 3553 3682 ab
3566 3629 3658 3684 Je-

2008 3702 2273 3758 rusalem
2305 3702 2503 3773 coepit,
2543 3706 2600 3758 et
2623 3717 2835 3759 omnes
2865 3711 3070 3775 gentes
3105 3708 3394 3782 implevit.
3426 3716 3662 3784 Agnos-

2009 3790 2202 3846 cimus
2233 3805 2446 3861 agrum
2474 3790 2576 3846 ubi
2606 3791 2733 3847 vitis
2781 3793 3049 3865 plantata
3101 3803 3228 3854 est:
3264 3816 3402 3857 cum
3454 3809 3657 3862 autem

2010 3879 2277 3947 creverit,
2301 3895 2422 3935 non
2444 3880 2856 3950 agnoscimus,
2889 3885 3033 3955 quia
3060 3891 3250 3944 totum
3307 3895 3650 3965 occupavit.

2010 3968 2176 4025 Unde
2206 3969 2384 4041 caepit
2412 3968 2542 4024 ‘iAb
2566 3971 2919 4029 Jerusalem.
2942 3975 3070 4040 Quo
3084 3980 3398 4046 pervenit?
3417 3983 3505 4039 Ad
3543 4001 3661 4042 om-

2008 4073 2109 4114 nes
2141 4065 2361 4128 gentes.
2393 4061 2603 4116 Paucas
2657 4071 3096 4133 remanserunt,
3144 4083 3356 4126 omnes
3412 4073 3660 4131 tenebit.

2009 4151 2236 4204 Interea
2257 4147 2404 4203 dum
2439 4165 2649 4205 omnes
2680 4155 2855 4217 tenet,
2881 4153 3083 4226 aliqua
3100 4165 3399 4216 sarmenta
3424 4162 3659 4222 inutilia

2010 4237 2137 4291 visa
2167 4242 2306 4292 sunt
2335 4238 2611 4308 agricolae
2642 4242 3024 4310 praecidenda
3060 4261 3075 4310 ;
3108 4251 3164 4300 et
3193 4247 3657 4306 fecerunthaare-

2008 4340 2104 4379 ses
2126 4329 2182 4380 et
2204 4325 2683 4383 schismata.Non
2712 4345 2817 4384 vos
2843 4330 3132 4387 inducant
3152 4336 3658 4408 praecisa,utprae-

2009 4413 2292 4471 cidamini
2324 4432 2337 4482 ;
2368 4417 2690 4472 hortamini
2721 4420 2914 4488 magis
2936 4435 3071 4491 quae
3103 4425 3352 4492 praacisa
3381 4432 3538 4492 sunt,
3595 4431 3657 4482 ut

2007 4501 2219 4558 iterum
2232 4504 2968 4562 inserantur.Manifestum
2981 4515 3068 4564 est
3087 4510 3373 4567 Christum
3389 4530 3654 4585 passum,

2004 4593 2420 4663 resurrexisse,
2456 4594 2798 4649 etascendis
2814 4611 2878 4649 se
2913 4596 2972 4649 in
2987 4598 3204 4654 coelum
3235 4603 3651 4663 :manifestata

2006 4687 2166 4737 estet
2192 4681 2474 4745 Ecclesia,
2510 4683 2652 4753 quia
2669 4683 3026 4753 praedicatur
3041 4685 3100 4741 in
3120 4689 3363 4746 nomine
3385 4693 3514 4762 ejus
3530 4709 3656 4766 pa:-

2004 4769 2251 4826 nitentia
2281 4775 2337 4825 et
2366 4770 2640 4826 remissio
2663 4780 3045 4842 peccatorum
3063 4792 3171 4848 per
3187 4794 3398 4835 omnes
3412 4788 3649 4853 gentes.

2006 4858 2171 4914 Unde
2182 4858 2397 4930 coepit?
2420 4860 2722 4930 [accpiens
2736 4863 2809 4917 ab
2822 4862 3176 4923 Jerusalem.
3193 4870 3372 4925 Audit
3409 4872 3643 4939 stultus,

2004 4962 2219 5014 vanus,
2248 4954 2301 5004 et
2323 4949 2470 5021 quid
2483 4948 2745 5021 amplius
2776 4951 3042 5009 dicturus
3065 4973 3198 5012 sum
3223 4974 3408 5030 quam
3428 4977 3645 5028 caecus,

2002 5037 2104 5108 qui
2137 5043 2258 5094 tam
2285 5054 2577 5110 magnum
2608 5045 2875 5096 montem
2916 5059 3040 5100 non
3091 5047 3251 5102 videt
3279 5063 3291 5114 ;
3320 5050 3423 5120 qui
3441 5057 3648 5107 contra

1999 5125 2309 5183 lucernam
2333 5128 2394 5182 in
2417 5128 2769 5185 candelabro
2789 5133 3047 5202 positam
3079 5136 3286 5191 oculos
3301 5137 3521 5192 claudit
3552 5137 3578 5193 ‘i

2074 5219 2124 5270 3.
2162 5214 2308 5271 Cum
2340 5217 2422 5271 eis
2451 5217 2727 5289 dicimus,
2764 5221 2820 5275 Si
2852 5221 3161 5279 christiani
3188 5225 3462 5280 catholici
3482 5227 3643 5295 estis,

1999 5307 2439 5362 communicata
2468 5306 2547 5361 illi
2574 5308 2840 5363 Ecclesia:
2899 5311 3056 5366 unde
3100 5313 3488 5385 Evangelium
3520 5322 3641 5374 toto

1997 5393 2138 5449 orbe
2193 5393 2548 5450 diffunditur
2595 5415 2611 5466 ;
2653 5396 2732 5451 illi
2798 5398 3124 5456 Jerusalem
3178 5404 3641 5475 communicata,

1994 5483 2242 5556 quando
2272 5484 2354 5539 eis
2379 5484 2654 5553 dicimus,
2685 5487 3050 5557 respondent
3072 5490 3266 5557 nobis,
3325 5495 3452 5550 Non
3477 5510 3642 5554 com-

2055 5587 2577 5659 f§ex_Mss._:M_eyito
2611 5596 2666 5640 ut
2700 5605 2904 5642 carnem
2935 5594 3100 5659 ipsam
3115 5601 3519 5656 commendaret.

2015 5684 2019 5688 .
2050 5652 2176 5721 ξιξ-ιι,
2211 5652 2377 5721 [_.ugd_.
2400 5657 2454 5721 et
2481 5653 2640 5721 ven.,
2670 5661 2887 5721 praptgr
2914 5652 3080 5721 piatm
3099 5675 3205 5712 um.

2050 5714 2070 5747 ⁸
2102 5715 2189 5768 Er.
2212 5714 2403 5782 Lugd.,
2434 5714 2872 5782 incipientia—hi.
