4182 6198
614 155 744 209 1991

611 297 992 354 municamus
1025 295 1102 350 illi
1127 294 1350 350 civitati
1387 295 1487 349 ubi
1515 294 1748 348 occisus
1777 298 1863 348 est
1903 309 2004 348 rex
2036 297 2264 364 noster,

613 387 713 441 ubi
739 388 972 441 occisus
1005 392 1091 438 est
1117 385 1406 438 Dominus
1441 390 1639 436 noster
1664 397 1684 432 :
1715 383 1885 453 quasi
1931 382 2162 437 oderint
2192 382 2268 436 ci-

613 475 849 529 vitatem
881 473 1225 528 ubioccisus
1252 477 1338 526 est
1363 474 1646 526 Dominus
1664 477 1879 526 noster.
1911 471 2268 526 Occiderunt

605 563 792 618 Judai
815 578 995 634 quem
1026 564 1376 615 invenerunt
1392 560 1450 614 in
1475 567 1648 625 terra,
1669 560 1998 614 exsufﬂant
2021 560 2264 613 istieum

609 653 713 724 qui
747 653 908 707 sedet
939 655 996 705 in
1015 650 1188 705 calo.
1219 650 1327 713 Qui
1357 654 1495 703 sunt
1523 649 1782 719 pejores,
1824 649 1926 720 qui
1958 654 2268 719 contemp-

615 747 818 796 serunt
848 740 991 812 quia
1012 739 1310 793 hominem
1341 738 1651 808 putabant,
1678 754 1750 792 an
1782 739 1882 809 qui
1921 740 2268 793 Sacramen-

613 836 672 885 ta
702 831 830 900 ejus
858 827 1201 892 exsufﬂant,
1253 827 1580 897 quemjam
1637 827 1820 880 Deum
1863 825 2269 881 conﬁtentur?

610 919 720 974 Sed
743 920 996 972 oderunt
1028 915 1298 970 videlicet
1327 916 1622 970 civitatem
1654 917 1711 969 in
1736 932 1858 986 qua
1906 916 2137 970 occisus
2179 920 2266 970 est

606 1006 894 1062 Dominus
944 1007 1232 1074 ipsorum.
1268 1005 1344 1057 Pii
1395 1005 1668 1058 homines
1711 1011 1763 1058 et
1823 1003 2262 1068 misericordes,

609 1095 860 1151 multum
925 1093 1128 1149 dolent
1175 1093 1440 1147 occisum
1484 1109 1614 1146 esse
1657 1093 1974 1156 Christum,
2013 1098 2068 1147 et
2108 1094 2264 1147 occi-

605 1187 756 1239 dunt
796 1184 854 1237 in
891 1183 1235 1237 hominibus
1266 1183 1560 1236 Christum
1603 1187 1671 1236 At
1718 1182 1810 1236 ille
1857 1182 2052 1236 dilexit
2103 1181 2261 1236 illam

607 1275 926 1334 civitatem,
978 1277 1033 1326 et
1073 1273 1346 1324 misertus
1386 1276 1473 1324 est
1517 1271 1645 1340 ejus
1688 1287 1699 1322 :
1755 1270 1892 1324 inde
1929 1271 2076 1324 dixit
2123 1270 2264 1324 inci-

608 1379 746 1435 pere
799 1361 1288 1432 praedicationem
1349 1376 1543 1422 suam,
1606 1359 1902 1427 Incipiens
1961 1358 2032 1413 ab
2090 1360 2262 1414 Jeru-

607 1453 812 1507 salem.
850 1450 943 1502 llle
976 1449 1054 1502 ibi
1098 1448 1455 1518 principium
1510 1447 1634 1501 fecit
1671 1448 2110 1516 pradicationis
2156 1463 2265 1502 no-

609 1542 789 1594 minis
823 1539 911 1592 sui
950 1544 1036 1592 :et
1066 1543 1127 1591 tu
1157 1536 1530 1590 exhorrescis
1573 1537 2063 1590 communionem
2107 1536 2262 1591 illius

606 1629 857 1684 civitatis
891 1631 904 1662 ¹
932 1629 960 1680 ‘2
987 1630 1111 1682 Non
1141 1632 1227 1680 est
1254 1626 1475 1680 mirum
1513 1626 1561 1679 si
1583 1626 1865 1696 pracisus
1887 1625 2066 1680 odisti
2108 1626 2263 1680 radi-

609 1733 764 1772 cem.
801 1719 948 1782 Quid
978 1719 1058 1770 ait
1086 1715 1178 1770 ille
1211 1715 1518 1784 discipulis
1555 1715 1676 1768 suis
1705 1716 1734 1766 ‘2
1765 1715 1968 1769 Estote
1998 1715 2261 1770 sedentes

605 1807 668 1861 in
701 1807 955 1873 civitate,
991 1805 1130 1876 quia
1172 1820 1276 1874 ego
1308 1804 1474 1858 mitto
1507 1803 1944 1872 promissionem
1975 1819 2162 1859 meam
2197 1805 2259 1859 in

609 1912 704 1951 vos
727 1898 884 1965 (Luc.
925 1911 1073 1964 xxw,
1109 1896 1327 1960 13-49).
1384 1896 1524 1948 Ecce
1555 1909 1738 1963 quam
1777 1894 2072 1948 civitatem
2123 1893 2261 1947 ode-

606 1990 762 2039 runt.
808 1987 969 2039 Forte
1003 1989 1294 2046 amarent,
1331 1981 1583 2035 siJudai
1628 1981 2028 2035 interfectores
2047 1982 2258 2037 Christi

607 2075 666 2129 in
699 2073 798 2130 illa
824 2073 1181 2128 habitarent.
1206 2071 1582 2126 Manifestum
1623 2075 1708 2124 est
1734 2071 1893 2124 enim
1921 2087 2131 2125 omnes
2176 2073 2263 2125 in-

606 2164 944 2219 terfectores
974 2162 1198 2220 Christi,
1235 2161 1293 2215 id
1315 2160 1684 2226 estJudaos,
1717 2159 2006 2230 expulsos
2035 2176 2162 2214 esse
2185 2161 2259 2215 de

605 2254 702 2308 illa
733 2255 982 2308 civitate.
1019 2254 1159 2316 Qua
1194 2251 1455 2305 habebat
1482 2251 1788 2304 savientes
1834 2250 1892 2303 in
1941 2250 2255 2318 Christum,

603 2343 785 2398 habet
810 2343 1128 2398 adorantes
1145 2340 1458 2394 Christum.
1495 2339 1986 2409 Proptereaillam
2003 2339 2094 2393 isti
2119 2338 2257 2393 ode-

603 2440 760 2497 runt,
793 2433 938 2501 quia
961 2430 1273 2484 Christiani
1307 2429 1365 2482 in
1399 2428 1498 2482 illa
1531 2434 1688 2482 sunt.
1726 2428 1808 2482 lbi
1845 2428 2257 2483 voluitsedere

604 2520 933 2590 discipulos
949 2535 1109 2582 suos,
1125 2524 1179 2572 et
1198 2519 1276 2571 ibi
1292 2519 1402 2572 illis
1419 2517 1643 2572 mittere
1660 2517 1940 2587 Spiritum
1957 2524 2254 2572 sanctum.

607 2610 712 2664 Ubi
745 2610 1024 2663 inchoata
1055 2614 1142 2661 est
1174 2607 1450 2668 Ecclesia,
1481 2605 1591 2658 nisi
1646 2605 1745 2658 ubi
1796 2606 1954 2659 venit
1993 2605 2066 2658 de
2107 2607 2256 2663 calo

604 2699 856 2770 Spiritus
883 2693 1630 2764 sanctus,etimplevituno
1662 2693 1788 2747 loco
1819 2693 2092 2748 sedentes
2123 2711 2257 2750 cen-

604 2791 731 2843 tum
763 2784 1007 2855 viginti?
1025 2783 1440 2838 Duodenarius
1475 2781 1567 2836 ille
1583 2797 1870 2837 numerus
1899 2782 2254 2853 decuplatus

602 2880 746 2932 erat.
781 2875 1330 2930 Sedebantcentum
1344 2871 1549 2940 viginti
1564 2871 1933 2941 homines,et
1954 2871 2256 2942 venitSpi-

601 2965 750 3021 ritus
775 2968 1037 3027 sanctus,
1068 2959 1403 3031 etimplevit
1429 2965 1612 3015 totum
1641 2960 1861 3025 locum,
1890 2960 2149 3015 etfactus
2166 2967 2254 3015 est

602 3053 994 3125 sonus,quasi
1016 3051 1261 3107 ferretur
1291 3049 1467 3104 ﬂatus
1485 3049 1823 3114 vehemens,
1857 3049 2137 3120 etlingua
2167 3050 2256 3104 di-

599 3144 743 3199 visa
766 3149 900 3197 sunt
930 3141 1086 3196 velut
1106 3140 1278 3209 ignis.
1310 3139 1570 3194 Audistis
1597 3142 1776 3192 Actus
1807 3139 2251 3210 Apostolorum,

595 3233 772 3288 hodie
801 3232 953 3287 lecta
975 3236 1065 3286 est
1095 3230 1224 3300 ipsa
1249 3229 1418 3283 lectio
1448 3229 1527 3298 (a)
1565 3245 1575 3283 :
1605 3228 1909 3296 Coeperunt
1933 3229 2146 3298 linguis
2171 3231 2254 3284 lo-

598 3323 699 3394 qui
729 3320 1012 3394 quomodo
1036 3318 1291 3388 Spiritus
1318 3318 1490 3372 dabat
1508 3317 1585 3372 eis
1598 3317 2010 3385 pronuntiare.
2045 3317 2106 3372 Et
2130 3333 2254 3370 om-

596 3407 1228 3483 nesquiaderantillic,
1273 3405 1615 3461 dediversis
1652 3405 1930 3475 gentibus
1947 3405 2252 3460 venientes

593 3497 1234 3568 Judai,agnoscebant
1271 3496 1686 3567 unusquisque
1715 3493 1985 3564 linguam
2015 3509 2190 3548 suam
2236 3509 2250 3559 ;

595 3597 651 3646 et
683 3589 1051 3644 mirabantur
1087 3586 1218 3640 illos
1255 3585 1470 3639 idiotas
1503 3589 1557 3638 et
1586 3582 1894 3656 imperitos
1937 3583 2129 3637 subito
2162 3582 2255 3637 di-

594 3680 814 3735 dicisse
845 3693 965 3734 non
996 3691 1177 3732 unam
1215 3679 1317 3730 aut
1339 3675 1490 3729 duas
1515 3673 1772 3744 linguas,
1826 3673 1930 3727 sed
1974 3672 2249 3727 omnium

598 3770 843 3824 omnino
867 3769 1129 3835 gentium
1159 3765 1309 3834 (Act.
1341 3782 1379 3828 ι,
1423 3770 1502 3828 15,
1539 3771 1592 3819 et
1625 3781 1681 3826 ιι,
1731 3765 1783 3829 1,
1819 3764 1930 3832 12).
1966 3762 2073 3818 Ubi
2107 3777 2250 3832 ergo

596 3860 716 3928 jam
747 3871 956 3910 omnes
983 3855 1203 3922 lingua
1231 3853 1553 3922 sonabant,
1581 3869 1791 3908 omnes
1819 3852 2039 3922 lingua
2066 3852 2252 3907 credi-

598 3949 744 3999 tura
766 3943 1253 3998 ostendebantur.
1285 3941 1379 3995 lsti
1410 3948 1610 3996 autem
1640 3941 1744 4012 qui
1776 3941 2027 3997 multum
2043 3945 2250 3997 amant

596 4034 912 4098 Christum,
940 4037 997 4086 et
1017 4030 1149 4085 ideo
1163 4029 1831 4085 noluntcommunicare
1860 4031 2078 4085 civitati
2112 4047 2248 4101 qua

594 4121 1211 4188 interfecitChristum,
1230 4118 1621 4173 sichonorant
1637 4119 1930 4174 Christum
1944 4161 1956 4184 ,
1975 4119 2250 4175 utdicant

591 4213 761 4270 illum
790 4210 1148 4268 remansisse
1185 4209 1262 4265 ad
1296 4207 1443 4263 duas
1474 4207 1734 4278 linguas,
1768 4208 2036 4275 latinam,
2070 4215 2250 4280 etpu-

591 4305 812 4368 nicam,
829 4302 889 4357 id
916 4305 1020 4366 est,
1047 4299 1262 4355 afram.
1283 4297 1446 4355 Solas
1464 4297 1616 4352 duas
1632 4297 1867 4366 linguas
1889 4302 2045 4352 tenet
2060 4297 2250 4353 Chris-

593 4394 869 4449 tus‘2lsta
884 4392 1044 4447 enim
1057 4389 1424 4458 dualingua
1440 4385 1578 4442 sola
1598 4386 1803 4441 suntin
1825 4391 1990 4457 parte
2014 4386 2245 4452 Donati,

594 4483 729 4555 plus
754 4497 873 4538 non
904 4479 1150 4535 habent.
1168 4477 1548 4548 Evigilemus,
1572 4474 2131 4542 fratres,videamus
2149 4490 2247 4546 po-

595 4572 708 4627 tius
723 4572 949 4626 donum
980 4569 1230 4640 Spiritus
1247 4568 1365 4629 Dei,
1391 4571 1445 4622 et
1485 4565 1801 4621 credamus
1817 4569 1952 4621 ante
1975 4563 2146 4618 dictis
2168 4564 2242 4618 de

593 4660 709 4725 illo,
739 4664 796 4714 et
819 4660 1134 4713 videamus
1161 4656 1404 4727 impleta
1432 4671 1568 4728 qua
1600 4660 1737 4710 ante
1779 4653 1938 4709 dicta
2001 4657 2140 4707 sunt
2186 4653 2246 4708 in

594 4748 827 4802 Psalmo
857 4763 870 4801 :
889 4747 1022 4802 Non
1035 4752 1173 4801 sunt
1190 4746 1439 4815 loquela
1453 4760 1637 4815 neque
1651 4758 1964 4808 sermones,
1994 4757 2244 4814 quorum

590 4852 708 4894 non
734 4836 1064 4893 audiantur
1087 4850 1239 4890 voces
1263 4849 1466 4889 eorum
1484 4875 1496 4889 .
1529 4836 1590 4886 Et
1614 4849 1683 4886 ne
1702 4833 1846 4887 forte
1863 4833 2243 4902 ipsalingua

586 4930 875 4984 venerunt
903 4923 980 4979 ad
1011 4938 1196 4978 unum
1221 4923 1442 4985 locum,
1495 4926 1547 4976 et
1599 4937 1717 4975 non
1776 4923 1973 4990 potius
2011 4920 2241 4974 donum

589 5016 800 5074 Christi
826 5013 982 5070 venit
1017 5011 1094 5067 ad
1116 5027 1324 5066 omnes
1340 5010 1604 5080 linguas,
1621 5009 1760 5064 audi
1779 5008 1925 5078 quid
1942 5008 2238 5078 sequitur:

583 5108 657 5164 In
676 5121 909 5164 omnem
948 5109 1170 5159 terram
1217 5099 1362 5156 exiit
1395 5114 1573 5153 sonus
1609 5113 1831 5164 eorum,
1888 5099 1939 5152 et
1991 5096 2052 5151 in
2093 5098 2240 5164 ﬁnes

583 5199 740 5255 orbis
791 5203 962 5253 terra
1009 5191 1186 5249 verba
1239 5205 1463 5246 eorum.
1505 5189 1695 5253 Quare
1749 5187 1862 5242 hoc
1911 5185 2120 5253 iouia
2176 5186 2240 5242 in

582 5289 696 5344 sole
723 5287 918 5357 posuit
951 5281 1402 5340 tabernaculum
1431 5293 1599 5334 suum
1626 5276 1811 5349 (Psal.
1847 5274 2239 5347 xvui,4-6).id

603 5465 608 5470 .
646 5419 818 5467 ‘Editi
850 5416 1190 5468 :cxhorrescis
1242 5411 1747 5464 communicationem
1797 5410 1937 5458 illius
1990 5409 2234 5459 civitatis.

583 5476 728 5538 Mss.,
759 5481 1179 5530 communionem.

649 5536 1041 5606 (a).LiberiAct.
1091 5544 1276 5606 Apost.
1316 5537 1712 5606 anniversaria‘
1736 5536 2075 5606 solemnitate
2112 5538 2234 5599 post

581 5599 1513 5723 Eaﬁsionenigomini'recitabatur,
1564 5615 1629 5651 ex
1673 5601 1894 5651 Tract.6
1926 5600 1981 5649 in
2022 5599 2228 5664 Evang.

622 5681 653 5719 ο
692 5681 764 5723 n..
792 5679 846 5715 n.
933 5702 948 5718 .
1373 5709 1382 5716 .
2053 5707 2062 5715 .

622 5679 764 5725 oan.,
792 5679 846 5715 n.
868 5679 948 5718 ιδ.

1375 152 1442 206 IN
1478 149 1880 206 EPISTOLAM
1924 147 2354 205 JOANNISAD
2395 150 2740 217 PARTHOS,
2784 152 2841 206 S.
2886 152 3266 209 AUGUSTINI

3841 161 3937 221 1992

2377 282 2483 341 est,
2501 279 2556 331 in
2573 276 2903 333 manifesto.
2938 278 3420 336 Tabernaculum
3441 284 3582 353 ejus,
3600 299 3727 342 caro
3740 288 3939 357 ejus;ta-

2375 365 2756 420 bernaculum
2770 367 2819 436 ej
2833 368 3186 433 us,Ecclesia
3200 369 3355 438 ejus:
3373 370 3432 424 in
3448 375 3566 427 sole
3580 375 3756 444 posita
3768 382 3941 442 est,non

2376 459 2465 508 est
2482 456 2537 508 in
2571 462 2761 518 nocte,
2777 455 2880 509 sed
2895 456 2952 509 in
2966 456 3081 511 die.
3099 456 3212 512 Sed
3228 475 3407 528 quare
3422 460 3499 514 illi
3518 477 3624 516 non
3636 469 3945 534 agnoscunt?

2376 544 2576 598 Redite
2592 547 2664 597 ad
2681 544 3012 614 lectionem,
3030 545 3108 599 ad
3129 562 3311 617 quam
3331 548 3454 602 heri
3471 550 3600 604 ﬁnis
3618 551 3781 608 factus
3795 561 3883 624 est,
3909 562 3950 611 et

2375 632 2568 688 videte
2582 649 2764 704 quare
2783 649 2900 688 non
2915 643 3249 704 agnoscunt
3270 653 3281 689 :
3303 637 3412 702 Qui
3424 638 3540 692 odit
3549 640 3775 706 fratrem
3790 659 3948 709 suum,

2375 722 2436 776 in
2455 722 2698 777 tenebris
2715 723 3005 786 ambulat,
3025 731 3076 777 et
3099 727 3282 779 nescit
3299 741 3412 796 quo
3431 730 3803 798 eat;quoniam
3821 739 3950 788 tene-

2377 809 2490 864 brae
2529 818 2968 868 excacaverunt
2990 813 3187 867 oculos
3229 815 3370 884 ejus.
3406 817 3651 886 Nosergo
3686 822 3948 890 sequentia

2373 900 2709 964 videamus,
2735 907 2921 956 etnon
2937 902 3099 955 sinus
3137 903 3194 955 in
3247 903 3521 958 tenebris.
3555 906 3697 961 L'nde
3724 923 3824 962 non
3854 910 3945 963 eri-

2375 1003 2508 1042 mus
2538 988 2595 1042 in
2627 989 2881 1044 tenebris
2915 990 2941 1043 ‘2
2965 990 3313 1045 Siamemus
3343 991 3567 1050 fratres.
3601 995 3742 1049 Unde
3769 998 3948 1066 proba-

2375 1081 2466 1130 tur
2501 1078 2638 1147 quia
2671 1093 2948 1132 amamus
2978 1079 3405 1135 fraternitatem
3439 1081 3466 1135 ‘l
3487 1083 3628 1147 Quia
3649 1099 3752 1138 non
3773 1085 3950 1140 scindi-

2373 1180 2510 1219 mus
2539 1167 2844 1229 unitatem,
2875 1167 3017 1237 quia
3071 1173 3345 1222 tenemus
3380 1171 3738 1226 charitatem.

2443 1256 2500 1308 4.
2540 1255 2742 1309 Scriba
2769 1255 3301 1327 vobis,ﬁlioli,quid
3316 1260 3686 1314 remittuntur
3699 1262 3832 1316 vobis
3843 1277 3950 1329 pec-

2374 1351 2510 1398 cata
2540 1359 2745 1399 nomen
2767 1347 2914 1413 ejus.
2933 1344 3069 1399 Ideo
3096 1345 3280 1411 ﬁlioli,
3304 1347 3450 1417 quia
3472 1349 3718 1404 dimissis
3740 1351 3948 1421 peccatis

2373 1432 2709 1486 nascimini.
2743 1433 2856 1487 Sed
2871 1447 2976 1503 per
2996 1435 3168 1504 cujus
3182 1451 3403 1490 nomen
3422 1440 3773 1493 remittuntur
3785 1455 3950 1509 pecca-

2375 1525 2432 1574 ta
2454 1519 2482 1573 ‘2
2508 1521 2809 1592 Numquid
2839 1538 2944 1593 per
2964 1524 3278 1592 Augustini
3302 1524 3332 1576 ‘2
3351 1527 3499 1596 Ergo
3527 1542 3629 1581 nec
3658 1543 3752 1599 per
3775 1543 3953 1584 nomen

2376 1610 2598 1663 Donati.
2624 1609 2852 1663 Videris
2879 1609 3014 1681 quis
3034 1613 3423 1678 Augustinus,
3443 1619 3543 1668 aut
3563 1616 3687 1685 quis
3711 1619 3952 1671 Donatus:

2372 1711 2481 1750 nec
2513 1713 2616 1766 per
2652 1713 2872 1752 nomen
2889 1699 3069 1764 Pauli,
3089 1715 3197 1754 nec
3214 1715 3318 1771 per
3346 1716 3562 1756 nomen
3577 1702 3735 1758 Petri.
3751 1706 3876 1758 Nam
3887 1702 3956 1757 di—

2373 1785 2712 1841 videntibus
2739 1787 2850 1841 sibi
2887 1788 3229 1856 Ecclesiam,
3258 1794 3314 1844 et
3345 1796 3541 1860 partes
3571 1792 3750 1846 facere
3769 1793 3832 1846 de
3857 1791 3957 1846 uni-

2373 1878 2488 1930 tate
2517 1874 2872 1930 conantibus
2895 1876 3232 1947 parturiens
3250 1879 3529 1948 parvulos
3557 1881 3956 1935 matercharitas

2372 1963 2431 2016 in
2459 1963 2763 2034 Apostolo,
2797 1964 3041 2035 exponit
3073 1966 3298 2022 viscera
3336 1985 3468 2033 sua,
3512 1969 3818 2024 conscindit
3841 1984 3959 2039 quo-

2371 2051 2697 2107 dammodo
2728 2053 2923 2108 verbis
2948 2054 3130 2109 ubera
3151 2056 3649 2127 sua,ploratﬁlios
3676 2074 3811 2128 quos
3833 2057 3958 2111 videt

2370 2140 2581 2206 efferri,
2617 2150 2848 2197 revocat
2879 2142 2955 2197 ad
2981 2158 3166 2197 unum
3195 2159 3420 2200 nomen
3452 2149 3663 2219 eosqui
3694 2146 3854 2202 multa
3881 2160 3961 2199 no-

2371 2231 2535 2284 mina
2559 2231 2667 2284 sibi
2701 2231 2892 2285 facere
2921 2231 3222 2298 volebant,
3241 2234 3562 2304 repellitab
3580 2251 3768 2291 amore
3789 2251 3880 2288 suo
3910 2241 3957 2287 ut

2371 2318 2634 2373 Christus
2655 2325 2910 2385 ametur,
2942 2320 3152 2375 etdicit
3174 2322 3512 2394 :Numquid
3532 2326 3740 2380 Paulus
3761 2340 3854 2393 pro
3882 2338 3958 2377 vo-

2373 2405 2456 2460 bis
2480 2407 2799 2476 cruciﬁxus
2825 2414 2908 2463 est
2937 2407 3086 2463 ?aut
3115 2409 3175 2463 in
3209 2414 3448 2467 nomine
3507 2413 3678 2468 Pauli
3719 2410 3953 2481 baptizati

2373 2494 2504 2550 estis
2535 2497 2578 2564 (l
2611 2497 2744 2550 Cor.
2787 2515 2824 2565 i,
2863 2500 2946 2566 t3)
2976 2497 3003 2554 7
3036 2498 3187 2561 Quid
3218 2499 3360 2554 dicit
3384 2501 3411 2554 ‘2
3435 2501 3584 2557 Nolo
3606 2502 3713 2557 mei
3743 2503 3860 2566 sitis,
3909 2503 3958 2554 ut

2369 2599 2606 2638 mecum
2629 2586 2752 2639 sitis
2787 2587 2802 2620 ί
2832 2608 2843 2638 :
2873 2601 3111 2641 mecum
3139 2591 3350 2653 estote;
3376 2605 3589 2646 omnes
3616 2591 3756 2646 illius
3787 2605 3955 2644 sumus

2367 2673 2470 2742 qui
2499 2688 2605 2742 pro
2639 2674 2808 2728 nobis
2832 2681 3104 2730 mortuus
3131 2681 3235 2740 est,
3279 2679 3385 2748 qui
3424 2695 3532 2749 pro
3571 2679 3733 2734 nobis
3777 2676 3955 2734 crucifi-

2367 2777 2478 2814 xus
2509 2768 2636 2817 est:
2679 2763 2834 2818 unde
2879 2769 2934 2818 et
2958 2763 3072 2829 hic,
3125 2766 3534 2823 Dimittuntur
3565 2769 3710 2824 vobis
3753 2775 3953 2837 peccata

2363 2864 2472 2917 per
2495 2867 2701 2906 nomen
2735 2854 2882 2920 ejus,
2903 2867 3015 2906 non
3040 2869 3144 2922 per
3168 2855 3434 2912 hominis
3477 2858 3737 2928 alicujus.

2439 2943 2488 2993 5.
2519 2941 2722 2996 Scribo
2739 2941 3146 3008 vobis,patres.
3173 2944 3369 3007 Quare
3393 2947 3583 3017 primo
3599 2948 3692 3002 ﬁlii
3708 2947 3734 3000 ‘2
3749 2947 3873 3013 Quia
3885 2959 3955 3000 re-

2366 3030 2684 3084 mittuntur
2723 3029 3135 3098 vobispeccata
3150 3047 3258 3100 per
3271 3049 3485 3090 nomen
3513 3038 3656 3105 ejus,
3687 3042 3738 3090 et
3760 3048 3956 3105 regene-

2365 3118 2581 3172 ramini
2595 3120 2653 3173 in
2667 3134 2884 3174 novam
2899 3120 3243 3189 vitam,ideo
3259 3121 3592 3180 tilii.Patres
3614 3124 3819 3197 quare?
3842 3124 3954 3190 Quia

2368 3208 2728 3275 Cognovistis
2741 3223 2872 3263 eum
2893 3208 2995 3278 qui
3007 3225 3042 3264 a
3050 3211 3346 3280 principio
3359 3217 3443 3268 est
3463 3229 3476 3265 2
3486 3215 3818 3285 principium
3829 3211 3954 3266 enim

2366 3295 2439 3348 ad
2471 3299 2884 3365 paternitatem
2913 3298 3187 3368 pertinet.
3215 3302 3411 3355 Novus
3437 3303 3694 3358 Christus
3723 3303 3776 3357 in
3796 3313 3955 3362 carne,

2365 3384 2468 3438 sed
2507 3385 2790 3457 antiquus
2827 3387 2883 3441 in
2906 3387 3228 3447 divinitate.
3256 3391 3453 3454 Quam
3511 3395 3777 3465 antiquus
3823 3394 3956 3462 puta-

2364 3489 2500 3527 mus
2517 3473 2544 3528 ‘2
2561 3481 3016 3544 quotannorum
3038 3477 3065 3530 ‘2
3083 3481 3447 3536 Putamusne
3467 3483 3656 3553 major
3675 3497 3837 3554 quam
3857 3495 3953 3534 ma-

2367 3567 2450 3617 ter
2488 3562 2637 3617 sua?
2665 3563 2854 3634 Major
2875 3566 3052 3636 plane
3076 3582 3262 3638 quam
3321 3576 3514 3626 mater
3546 3589 3559 3628 :
3591 3573 3781 3627 omnia
3820 3569 3947 3624 enim

2366 3667 2468 3722 per
2494 3652 2692 3722 ipsum
2713 3653 2864 3710 facta
2883 3660 3021 3710 sunt
3047 3655 3241 3725 (Joan.
3264 3675 3299 3723 ι,
3317 3659 3393 3728 3).
3424 3661 3478 3715 Si
3501 3662 3719 3726 omnia,
3735 3661 3956 3732 etipsam

2366 3748 2617 3796 matrem
2651 3743 2934 3813 antiquus
2962 3744 3116 3809 fecit,
3150 3746 3223 3801 de
3245 3762 3369 3817 qua
3404 3757 3737 3805 nasceretur
3779 3763 3950 3804 novus.

2361 3829 2720 3888 Putamusne
2752 3838 2888 3886 ante
2914 3838 3166 3888 matrem
3193 3835 3385 3892 solam
3411 3837 3438 3891 ?
3460 3841 3526 3894 Et
3550 3845 3681 3894 ante
3702 3854 3826 3895 avos
3852 3850 3953 3890 ma-

2362 3919 2463 3974 tris
2489 3921 2792 3990 antiquus.
2823 3925 2976 3975 Avus
3005 3924 3209 3977 matris
3240 3925 3433 3995 ipsius
3461 3927 3752 3984 Abraham
3777 3944 3788 3992 ;
3811 3933 3857 3981 et
3875 3927 3957 3979 Do-

2362 4008 2559 4062 minus
2581 4006 2742 4075 dicit,
2763 4010 2917 4065 Ante
2943 4011 3251 4068 Abraham
3275 4030 3378 4084 ego
3437 4033 3562 4073 sum
3594 4017 3700 4088 (Id.
3735 4033 3835 4080 vui,
3863 4013 3954 4074 58l-

2360 4098 2504 4151 Ante
2527 4095 2828 4152 Abraham
2845 4097 3100 4153 dicimus
3124 4100 3392 4158 ‘2Coelum
3418 4110 3475 4160 et
3495 4111 3661 4171 terra,
3678 4111 3955 4174 antequam

2359 4189 2513 4244 esset
2533 4185 2736 4249 homo,
2766 4187 2920 4242 facta
2941 4193 3096 4243 sunt.
3112 4195 3268 4261 ;Ante
3290 4192 3405 4248 ista
3430 4194 3539 4250 fuit
3561 4195 3842 4254 Dominus,
3863 4191 3958 4245 imo

2358 4280 2410 4329 et
2435 4280 2540 4330 est.
2567 4276 2799 4346 Optime
2822 4277 2979 4331 enim
3007 4293 3127 4333 non
3151 4279 3250 4349 ait,
3267 4286 3414 4337 Ante
3436 4285 3729 4340 Abraham
3749 4297 3847 4352 ego
3868 4277 3958 4341 fui;

2358 4364 2480 4429 sed,
2498 4365 2711 4419 AnteA
2725 4363 2972 4422 braham
2993 4382 3096 4436 ego
3109 4371 3442 4434 sum.Quod
3460 4374 3617 4428 enim
3630 4372 3824 4428 dicitur
3839 4368 3957 4439 quia

2356 4452 2485 4518 fuit,
2504 4469 2624 4509 non
2645 4459 2734 4509 est
2761 4470 2774 4520 ;
2806 4459 2861 4510 et
2881 4456 3043 4526 quod
3059 4457 3275 4513 dicitur
3291 4461 3436 4531 quia
3458 4461 3951 4529 erit,nondumest:

2357 4541 2450 4604 ille
2482 4558 2601 4598 non
2628 4544 2793 4598 novit
2822 4543 2932 4598 nisi
2965 4560 3115 4600 esse.
3150 4549 3496 4606 Secundum
3523 4552 3681 4623 quod
3705 4554 3839 4606 Deus
3865 4550 3952 4611 est,

2355 4646 2482 4686 esse
2515 4633 2702 4696 novit;
2734 4632 2912 4687 fuisse
2939 4639 2995 4688 et
3021 4634 3286 4692 futurum
3306 4653 3434 4694 esse
3465 4656 3583 4696 non
3633 4641 3804 4697 novit.
3836 4635 3950 4692 Dies

2357 4726 2445 4775 est
2474 4721 2555 4776 ibi
2592 4737 2766 4786 unus,
2818 4722 2922 4776 sed
2950 4725 3374 4795 sempiternus.
3418 4732 3546 4784 Non
3575 4733 3792 4801 ponunt
3814 4725 3953 4780 illum

2355 4808 2511 4864 diem
2546 4810 2604 4864 in
2635 4809 2834 4865 medio
2879 4811 3193 4868 hesternus
3250 4820 3303 4870 et
3361 4819 3946 4874 crastinuszhesterno

2353 4901 2510 4954 enim
2525 4899 2620 4954 die
2643 4898 3380 4971 ﬁnito,incipienshodiern
3393 4923 3458 4961 us
3477 4914 3720 4962 venturo
3733 4905 3952 4961 crastino

2353 4987 2608 5044 ﬁnietur.
2642 4987 2742 5042 Ille
2785 5005 2937 5043 unus
2961 4990 3087 5045 dies
3127 4991 3206 5046 ibi
3257 5000 3346 5049 est
3378 4996 3502 5050 sine
3551 4995 3812 5057 tenebris,
3851 4991 3953 5044 sine

2352 5084 2545 5143 nocte,
2580 5079 2704 5132 sine
2726 5079 2958 5149 spatiis,
2984 5080 3106 5135 sine
3135 5098 3428 5149 mensura,
3453 5085 3581 5141 sine
3612 5085 3782 5141 horis.
3814 5076 3955 5146 Quod

2352 5168 2434 5223 vis
2464 5167 2628 5222 illum
2661 5166 2853 5222 diczsi
2879 5169 2986 5233 vis,
3009 5169 3134 5223 dies
3165 5173 3343 5236 est;si
3379 5173 3488 5240 vis,
3533 5191 3720 5230 annus
3767 5175 3878 5234 est;
3915 5164 3954 5217 si

2350 5258 2457 5323 vis,
2486 5257 2626 5310 anni
2669 5262 2832 5313 sunt.
2876 5257 3104 5312 Dictum
3126 5265 3213 5315 est
3239 5262 3398 5316 enim
3421 5262 3495 5317 de
3528 5266 3654 5334 ipso
3681 5268 3718 5330 ³,
3747 5261 3809 5316 Et
3831 5252 3955 5312 αηηὶ

2348 5347 2438 5402 tui
2464 5361 2582 5401 non
2601 5345 2866 5413 deﬁcient
2889 5345 3067 5414 (Psal.
3098 5362 3169 5413 Ci,
3204 5352 3318 5421 28).
3355 5352 3606 5416 Quando
3641 5355 3824 5408 autem
3850 5344 3950 5400 dic-

2406 5532 2830 5588 ‘Er.,sedmecum
2847 5531 2975 5582 sitis.
2996 5533 3162 5594 Lugd.
3179 5539 3229 5586 et
3249 5537 3487 5594 Ven.,sed
3504 5545 3558 5589 ut
3576 5554 3751 5588 mecum
3769 5532 3944 5585 istis.M.

2406 5595 2503 5668 '_ln
2537 5596 2612 5668 B_.,
2639 5596 2697 5643 de
2720 5597 2830 5668 ipso
2854 5596 2934 5668 die
2963 5595 3167 5668 ;_atEr.
3206 5600 3373 5666 Lugd.
3405 5602 3530 5654 Ven.
3553 5607 3604 5653 et
3625 5603 3744 5654 [ιον.
3765 5600 3939 5651 carent.

2343 5657 2524 5715 verbo,
2556 5657 2654 5716 die,
2685 5662 2738 5708 et
2762 5659 2968 5710 merito.
2992 5658 3065 5709 Μ.
