  <div class='ocr_page' id='page_1' title='image "/cluster/home/n/w/nwhite01/storage/ocr_20150623/35/hvd.32044054170956/346.png"; bbox 0 0 4182 6198; ppageno 0'>
   <div class='ocr_carea' id='block_1_1' title="bbox 54 58 957 149">
    <p class='ocr_par' dir='ltr' id='par_1_1' title="bbox 54 58 957 149">
     <span class='ocr_line' id='line_1_1' title="bbox 54 58 957 149; baseline 0 -30"><span class='ocrx_word' id='word_1_1' title='bbox 54 58 957 149; x_wconf 46' lang='grc' dir='ltr'>φ’νπ</span> 
     </span>
    </p>
   </div>
   <div class='ocr_carea' id='block_1_2' title="bbox 236 218 376 279">
    <p class='ocr_par' dir='ltr' id='par_1_2' title="bbox 236 218 376 279">
     <span class='ocr_line' id='line_1_2' title="bbox 236 218 376 279; baseline 0 -2"><span class='ocrx_word' id='word_1_2' title='bbox 236 220 259 277; x_wconf 88' lang='grc' dir='ltr'>ι</span> <span class='ocrx_word' id='word_1_3' title='bbox 271 218 376 279; x_wconf 84' lang='grc'>993</span> 
     </span>
    </p>
   </div>
   <div class='ocr_carea' id='block_1_3' title="bbox 231 341 1890 413">
    <p class='ocr_par' dir='ltr' id='par_1_3' title="bbox 231 341 1890 413">
     <span class='ocr_line' id='line_1_3' title="bbox 231 341 1890 413; baseline -0.004 -12"><span class='ocrx_word' id='word_1_4' title='bbox 231 351 326 402; x_wconf 90' lang='lat' dir='ltr'>tus</span> <span class='ocrx_word' id='word_1_5' title='bbox 353 349 442 401; x_wconf 86' lang='lat' dir='ltr'>est</span> <span class='ocrx_word' id='word_1_6' title='bbox 472 344 599 399; x_wconf 89' lang='lat' dir='ltr'>dies</span> <span class='ocrx_word' id='word_1_7' title='bbox 619 341 1148 408; x_wconf 75' lang='lat' dir='ltr'>i’Quandodictum</span> <span class='ocrx_word' id='word_1_8' title='bbox 1163 348 1249 398; x_wconf 89' lang='lat' dir='ltr'>est</span> <span class='ocrx_word' id='word_1_9' title='bbox 1270 344 1538 407; x_wconf 91' lang='lat' dir='ltr'>Domino,</span> <span class='ocrx_word' id='word_1_10' title='bbox 1579 343 1691 413; x_wconf 88' lang='lat' dir='ltr'>Ego</span> <span class='ocrx_word' id='word_1_11' title='bbox 1725 341 1890 396; x_wconf 86' lang='lat' dir='ltr'>Hodie</span> 
     </span>
    </p>
   </div>
   <div class='ocr_carea' id='block_1_4' title="bbox 233 431 1891 507">
    <p class='ocr_par' dir='ltr' id='par_1_4' title="bbox 233 431 1891 507">
     <span class='ocr_line' id='line_1_4' title="bbox 233 431 1891 507; baseline -0.002 -18"><span class='ocrx_word' id='word_1_12' title='bbox 233 434 401 507; x_wconf 86' lang='lat' dir='ltr'>genui</span> <span class='ocrx_word' id='word_1_13' title='bbox 432 441 486 489; x_wconf 91' lang='lat' dir='ltr'>te</span> <span class='ocrx_word' id='word_1_14' title='bbox 508 431 679 505; x_wconf 88' lang='lat' dir='ltr'>(Psal.</span> <span class='ocrx_word' id='word_1_15' title='bbox 712 448 773 497; x_wconf 92' lang='grc' dir='ltr'>ιι,</span> <span class='ocrx_word' id='word_1_16' title='bbox 811 432 886 501; x_wconf 84' lang='grc'>7).</span> <span class='ocrx_word' id='word_1_17' title='bbox 930 432 1017 486; x_wconf 83' lang='lat' dir='ltr'>Ab</span> <span class='ocrx_word' id='word_1_18' title='bbox 1048 437 1267 487; x_wconf 62' lang='lat' dir='ltr'>aeterno</span> <span class='ocrx_word' id='word_1_19' title='bbox 1302 432 1463 487; x_wconf 88' lang='lat' dir='ltr'>Patre</span> <span class='ocrx_word' id='word_1_20' title='bbox 1516 433 1769 500; x_wconf 87' lang='lat' dir='ltr'>genitus,</span> <span class='ocrx_word' id='word_1_21' title='bbox 1820 447 1891 485; x_wconf 86' lang='lat' dir='ltr'>ex</span> 
     </span>
    </p>
   </div>
   <div class='ocr_carea' id='block_1_5' title="bbox 231 519 1895 592">
    <p class='ocr_par' dir='ltr' id='par_1_5' title="bbox 231 519 1895 592">
     <span class='ocr_line' id='line_1_5' title="bbox 231 519 1895 592; baseline -0.004 -11"><span class='ocrx_word' id='word_1_22' title='bbox 231 525 557 581; x_wconf 60' lang='lat' dir='ltr'>aeternitate</span> <span class='ocrx_word' id='word_1_23' title='bbox 580 520 1275 592; x_wconf 72' lang='lat' dir='ltr'>genitus,in°zeternitate</span> <span class='ocrx_word' id='word_1_24' title='bbox 1294 522 1527 592; x_wconf 90' lang='lat' dir='ltr'>genitus</span> <span class='ocrx_word' id='word_1_25' title='bbox 1562 534 1573 572; x_wconf 91' lang='lat'>:</span> <span class='ocrx_word' id='word_1_26' title='bbox 1601 520 1761 575; x_wconf 91' lang='lat' dir='ltr'>nullo</span> <span class='ocrx_word' id='word_1_27' title='bbox 1788 519 1895 575; x_wconf 90' lang='lat' dir='ltr'>ini-</span> 
     </span>
    </p>
   </div>
   <div class='ocr_carea' id='block_1_6' title="bbox 231 609 1894 681">
    <p class='ocr_par' dir='ltr' id='par_1_6' title="bbox 231 609 1894 681">
     <span class='ocr_line' id='line_1_6' title="bbox 231 609 1894 681; baseline -0.003 -12"><span class='ocrx_word' id='word_1_28' title='bbox 231 614 333 673; x_wconf 91' lang='lat' dir='ltr'>tio.</span> <span class='ocrx_word' id='word_1_29' title='bbox 359 612 524 668; x_wconf 87' lang='lat' dir='ltr'>nullo</span> <span class='ocrx_word' id='word_1_30' title='bbox 546 612 818 675; x_wconf 79' lang='lat' dir='ltr'>termino,</span> <span class='ocrx_word' id='word_1_31' title='bbox 841 609 1006 666; x_wconf 91' lang='lat' dir='ltr'>nullo</span> <span class='ocrx_word' id='word_1_32' title='bbox 1027 610 1222 681; x_wconf 91' lang='lat' dir='ltr'>spatio</span> <span class='ocrx_word' id='word_1_33' title='bbox 1251 609 1578 666; x_wconf 74' lang='lat' dir='ltr'>latitudinis</span> <span class='ocrx_word' id='word_1_34' title='bbox 1608 627 1620 675; x_wconf 93' lang='lat'><strong>;</strong></span> <span class='ocrx_word' id='word_1_35' title='bbox 1647 610 1789 679; x_wconf 87' lang='lat' dir='ltr'>quia</span> <span class='ocrx_word' id='word_1_36' title='bbox 1804 613 1894 664; x_wconf 91' lang='lat' dir='ltr'>est</span> 
     </span>
    </p>
   </div>
   <div class='ocr_carea' id='block_1_7' title="bbox 232 699 1891 776">
    <p class='ocr_par' dir='ltr' id='par_1_7' title="bbox 232 699 1891 776">
     <span class='ocr_line' id='line_1_7' title="bbox 232 699 1891 776; baseline -0.003 -18"><span class='ocrx_word' id='word_1_37' title='bbox 232 702 402 776; x_wconf 89' lang='lat' dir='ltr'>quod</span> <span class='ocrx_word' id='word_1_38' title='bbox 435 707 540 767; x_wconf 90' lang='lat' dir='ltr'>est,</span> <span class='ocrx_word' id='word_1_39' title='bbox 574 701 714 773; x_wconf 90' lang='lat' dir='ltr'>quia</span> <span class='ocrx_word' id='word_1_40' title='bbox 744 701 870 770; x_wconf 90' lang='lat' dir='ltr'>ipse</span> <span class='ocrx_word' id='word_1_41' title='bbox 901 704 987 754; x_wconf 88' lang='lat' dir='ltr'>est</span> <span class='ocrx_word' id='word_1_42' title='bbox 1015 699 1117 770; x_wconf 87' lang='lat' dir='ltr'>qui</span> <span class='ocrx_word' id='word_1_43' title='bbox 1146 706 1253 754; x_wconf 90' lang='lat' dir='ltr'>est.</span> <span class='ocrx_word' id='word_1_44' title='bbox 1288 699 1404 753; x_wconf 86' lang='lat' dir='ltr'>Hoc</span> <span class='ocrx_word' id='word_1_45' title='bbox 1444 714 1667 754; x_wconf 87' lang='lat' dir='ltr'>nomen</span> <span class='ocrx_word' id='word_1_46' title='bbox 1714 715 1891 753; x_wconf 89' lang='lat' dir='ltr'>suum</span> 
     </span>
    </p>
   </div>
   <div class='ocr_carea' id='block_1_8' title="bbox 231 786 1890 863">
    <p class='ocr_par' dir='ltr' id='par_1_8' title="bbox 231 786 1890 863">
     <span class='ocr_line' id='line_1_8' title="bbox 231 786 1890 863; baseline -0.003 -15"><span class='ocrx_word' id='word_1_47' title='bbox 231 791 607 863; x_wconf 82' lang='lat' dir='ltr'>dixitMoysi:</span> <span class='ocrx_word' id='word_1_48' title='bbox 632 789 783 844; x_wconf 81' lang='lat' dir='ltr'>Dices</span> <span class='ocrx_word' id='word_1_49' title='bbox 812 788 908 853; x_wconf 87' lang='lat' dir='ltr'>eis,</span> <span class='ocrx_word' id='word_1_50' title='bbox 928 787 1035 852; x_wconf 97' lang='lat' dir='ltr'>Qui</span> <span class='ocrx_word' id='word_1_51' title='bbox 1055 790 1311 850; x_wconf 86' lang='lat' dir='ltr'>est,misit</span> <span class='ocrx_word' id='word_1_52' title='bbox 1346 805 1423 842; x_wconf 89' lang='lat' dir='ltr'>me</span> <span class='ocrx_word' id='word_1_53' title='bbox 1470 787 1540 842; x_wconf 91' lang='lat' dir='ltr'>ad</span> <span class='ocrx_word' id='word_1_54' title='bbox 1570 804 1655 842; x_wconf 89' lang='lat' dir='ltr'>vos</span> <span class='ocrx_word' id='word_1_55' title='bbox 1689 786 1890 858; x_wconf 72' lang='lat' dir='ltr'>(Exod.</span> 
     </span>
    </p>
   </div>
   <div class='ocr_carea' id='block_1_9' title="bbox 228 874 1893 949">
    <p class='ocr_par' dir='ltr' id='par_1_9' title="bbox 228 874 1893 949">
     <span class='ocr_line' id='line_1_9' title="bbox 228 874 1893 949; baseline -0.004 -13"><span class='ocrx_word' id='word_1_56' title='bbox 228 897 313 946; x_wconf 85' lang='grc' dir='ltr'>ιιι,</span> <span class='ocrx_word' id='word_1_57' title='bbox 349 882 460 949; x_wconf 72' lang='grc'>14).</span> <span class='ocrx_word' id='word_1_58' title='bbox 490 878 642 945; x_wconf 86' lang='lat' dir='ltr'>Quid</span> <span class='ocrx_word' id='word_1_59' title='bbox 676 892 818 946; x_wconf 90' lang='lat' dir='ltr'>ergo</span> <span class='ocrx_word' id='word_1_60' title='bbox 841 882 977 932; x_wconf 91' lang='lat' dir='ltr'>ante</span> <span class='ocrx_word' id='word_1_61' title='bbox 1005 877 1307 932; x_wconf 81' lang='lat' dir='ltr'>Abraham</span> <span class='ocrx_word' id='word_1_62' title='bbox 1338 876 1530 948; x_wconf 61' lang='lat' dir='ltr'>iquid</span> <span class='ocrx_word' id='word_1_63' title='bbox 1564 882 1699 931; x_wconf 85' lang='lat' dir='ltr'>ante</span> <span class='ocrx_word' id='word_1_64' title='bbox 1724 876 1844 930; x_wconf 92' lang='lat' dir='ltr'>Noe</span> <span class='ocrx_word' id='word_1_65' title='bbox 1865 874 1893 930; x_wconf 83' lang='lat'><strong>?</strong></span> 
     </span>
    </p>
   </div>
   <div class='ocr_carea' id='block_1_10' title="bbox 228 964 1893 1042">
    <p class='ocr_par' dir='ltr' id='par_1_10' title="bbox 228 964 1893 1042">
     <span class='ocr_line' id='line_1_10' title="bbox 228 964 1893 1042; baseline -0.004 -17"><span class='ocrx_word' id='word_1_66' title='bbox 228 970 381 1042; x_wconf 88' lang='lat' dir='ltr'>quid</span> <span class='ocrx_word' id='word_1_67' title='bbox 404 974 541 1023; x_wconf 86' lang='lat' dir='ltr'>ante</span> <span class='ocrx_word' id='word_1_68' title='bbox 558 968 748 1023; x_wconf 83' lang='lat' dir='ltr'>Adam</span> <span class='ocrx_word' id='word_1_69' title='bbox 771 964 962 1020; x_wconf 76' lang='lat' dir='ltr'>?Audi</span> <span class='ocrx_word' id='word_1_70' title='bbox 1009 967 1375 1037; x_wconf 88' lang='lat' dir='ltr'>Scripturam</span> <span class='ocrx_word' id='word_1_71' title='bbox 1400 966 1570 1020; x_wconf 84' lang='lat' dir='ltr'>:Ante</span> <span class='ocrx_word' id='word_1_72' title='bbox 1601 965 1893 1033; x_wconf 82' lang='lat' dir='ltr'>luciferum</span> 
     </span>
    </p>
   </div>
   <div class='ocr_carea' id='block_1_11' title="bbox 230 1055 1892 1133">
    <p class='ocr_par' dir='ltr' id='par_1_11' title="bbox 230 1055 1892 1133">
     <span class='ocr_line' id='line_1_11' title="bbox 230 1055 1892 1133; baseline -0.004 -18"><span class='ocrx_word' id='word_1_73' title='bbox 230 1060 399 1133; x_wconf 89' lang='lat' dir='ltr'>genui</span> <span class='ocrx_word' id='word_1_74' title='bbox 426 1065 475 1113; x_wconf 88' lang='lat' dir='ltr'>te</span> <span class='ocrx_word' id='word_1_75' title='bbox 496 1056 664 1127; x_wconf 84' lang='lat' dir='ltr'>(Psal.</span> <span class='ocrx_word' id='word_1_76' title='bbox 711 1072 824 1120; x_wconf 77' lang='lat' dir='ltr'>CIX,</span> <span class='ocrx_word' id='word_1_77' title='bbox 861 1060 935 1123; x_wconf 82' lang='lat'>3).</span> <span class='ocrx_word' id='word_1_78' title='bbox 964 1055 1271 1110; x_wconf 87' lang='lat' dir='ltr'>Postremo</span> <span class='ocrx_word' id='word_1_79' title='bbox 1301 1060 1436 1111; x_wconf 84' lang='lat' dir='ltr'>ante</span> <span class='ocrx_word' id='word_1_80' title='bbox 1463 1055 1681 1109; x_wconf 69' lang='lat' dir='ltr'>coelum</span> <span class='ocrx_word' id='word_1_81' title='bbox 1698 1060 1753 1109; x_wconf 89' lang='lat' dir='ltr'>et</span> <span class='ocrx_word' id='word_1_82' title='bbox 1783 1058 1892 1109; x_wconf 89' lang='lat' dir='ltr'>ter-</span> 
     </span>
    </p>
   </div>
   <div class='ocr_carea' id='block_1_12' title="bbox 230 1144 1895 1215">
    <p class='ocr_par' dir='ltr' id='par_1_12' title="bbox 230 1144 1895 1215">
     <span class='ocr_line' id='line_1_12' title="bbox 230 1144 1895 1215; baseline -0.004 -12"><span class='ocrx_word' id='word_1_83' title='bbox 230 1144 789 1212; x_wconf 78' lang='lat' dir='ltr'>ram.Quare?Quia</span> <span class='ocrx_word' id='word_1_84' title='bbox 812 1145 997 1199; x_wconf 86' lang='lat' dir='ltr'>omnia</span> <span class='ocrx_word' id='word_1_85' title='bbox 1022 1161 1119 1215; x_wconf 86' lang='lat' dir='ltr'>per</span> <span class='ocrx_word' id='word_1_86' title='bbox 1146 1144 1314 1215; x_wconf 85' lang='lat' dir='ltr'>ipsum</span> <span class='ocrx_word' id='word_1_87' title='bbox 1346 1144 1491 1215; x_wconf 86' lang='lat' dir='ltr'>facta</span> <span class='ocrx_word' id='word_1_88' title='bbox 1518 1150 1665 1211; x_wconf 89' lang='lat' dir='ltr'>sunt,</span> <span class='ocrx_word' id='word_1_89' title='bbox 1697 1150 1744 1197; x_wconf 89' lang='lat' dir='ltr'>et</span> <span class='ocrx_word' id='word_1_90' title='bbox 1778 1144 1895 1197; x_wconf 89' lang='lat' dir='ltr'>sine</span> 
     </span>
    </p>
   </div>
   <div class='ocr_carea' id='block_1_13' title="bbox 236 1233 1893 1310">
    <p class='ocr_par' dir='ltr' id='par_1_13' title="bbox 236 1233 1893 1310">
     <span class='ocr_line' id='line_1_13' title="bbox 236 1233 1893 1310; baseline -0.002 -19"><span class='ocrx_word' id='word_1_91' title='bbox 236 1239 353 1310; x_wconf 74' lang='lat' dir='ltr'>ipso</span> <span class='ocrx_word' id='word_1_92' title='bbox 371 1237 668 1305; x_wconf 85' lang='lat' dir='ltr'>factumest</span> <span class='ocrx_word' id='word_1_93' title='bbox 682 1234 831 1289; x_wconf 79' lang='lat' dir='ltr'>nihil</span> <span class='ocrx_word' id='word_1_94' title='bbox 857 1233 1182 1305; x_wconf 79' lang='lat' dir='ltr'>(Joan.i,3).</span> <span class='ocrx_word' id='word_1_95' title='bbox 1203 1234 1338 1289; x_wconf 91' lang='lat' dir='ltr'>ldeo</span> <span class='ocrx_word' id='word_1_96' title='bbox 1372 1238 1573 1305; x_wconf 81' lang='lat' dir='ltr'>patres</span> <span class='ocrx_word' id='word_1_97' title='bbox 1621 1234 1893 1302; x_wconf 89' lang='lat' dir='ltr'>agnosci-</span> 
     </span>
    </p>
   </div>
   <div class='ocr_carea' id='block_1_14' title="bbox 235 1322 1882 1397">
    <p class='ocr_par' dir='ltr' id='par_1_14' title="bbox 235 1322 1882 1397">
     <span class='ocr_line' id='line_1_14' title="bbox 235 1322 1882 1397; baseline -0.004 -16"><span class='ocrx_word' id='word_1_98' title='bbox 235 1332 291 1381; x_wconf 96' lang='lat' dir='ltr'>te</span> <span class='ocrx_word' id='word_1_99' title='bbox 307 1344 320 1380; x_wconf 87' lang='lat'><strong>:</strong></span> <span class='ocrx_word' id='word_1_100' title='bbox 337 1331 535 1397; x_wconf 89' lang='lat' dir='ltr'>patres</span> <span class='ocrx_word' id='word_1_101' title='bbox 548 1324 710 1380; x_wconf 91' lang='lat' dir='ltr'>enim</span> <span class='ocrx_word' id='word_1_102' title='bbox 725 1323 875 1378; x_wconf 82' lang='lat' dir='ltr'>ﬁunt</span> <span class='ocrx_word' id='word_1_103' title='bbox 895 1323 1281 1392; x_wconf 88' lang='lat' dir='ltr'>agnoscendo</span> <span class='ocrx_word' id='word_1_104' title='bbox 1300 1322 1467 1395; x_wconf 92' lang='lat' dir='ltr'>quod</span> <span class='ocrx_word' id='word_1_105' title='bbox 1480 1326 1568 1377; x_wconf 86' lang='lat' dir='ltr'>est</span> <span class='ocrx_word' id='word_1_106' title='bbox 1588 1323 1665 1377; x_wconf 91' lang='lat' dir='ltr'>ab</span> <span class='ocrx_word' id='word_1_107' title='bbox 1693 1322 1882 1378; x_wconf 89' lang='lat' dir='ltr'>initio.</span> 
     </span>
    </p>
   </div>
   <div class='ocr_carea' id='block_1_15' title="bbox 306 1411 1897 1483">
    <p class='ocr_par' dir='ltr' id='par_1_15' title="bbox 306 1411 1897 1483">
     <span class='ocr_line' id='line_1_15' title="bbox 306 1411 1897 1483; baseline -0.004 -12"><span class='ocrx_word' id='word_1_108' title='bbox 306 1420 360 1471; x_wconf 90' lang='lat'>6.</span> <span class='ocrx_word' id='word_1_109' title='bbox 394 1413 580 1469; x_wconf 83' lang='lat' dir='ltr'>Scriba</span> <span class='ocrx_word' id='word_1_110' title='bbox 603 1413 765 1477; x_wconf 87' lang='lat' dir='ltr'>vobis,</span> <span class='ocrx_word' id='word_1_111' title='bbox 789 1412 1030 1482; x_wconf 88' lang='lat' dir='ltr'>juvenes.</span> <span class='ocrx_word' id='word_1_112' title='bbox 1053 1411 1174 1467; x_wconf 87' lang='lat' dir='ltr'>Filii</span> <span class='ocrx_word' id='word_1_113' title='bbox 1196 1416 1353 1479; x_wconf 87' lang='lat' dir='ltr'>sunt,</span> <span class='ocrx_word' id='word_1_114' title='bbox 1389 1416 1588 1483; x_wconf 84' lang='lat' dir='ltr'>patres</span> <span class='ocrx_word' id='word_1_115' title='bbox 1612 1421 1771 1476; x_wconf 86' lang='lat' dir='ltr'>sunt,</span> <span class='ocrx_word' id='word_1_116' title='bbox 1804 1411 1897 1481; x_wconf 88' lang='lat' dir='ltr'>ju-</span> 
     </span>
    </p>
   </div>
   <div class='ocr_carea' id='block_1_16' title="bbox 238 1499 1897 1573">
    <p class='ocr_par' dir='ltr' id='par_1_16' title="bbox 238 1499 1897 1573">
     <span class='ocr_line' id='line_1_16' title="bbox 238 1499 1897 1573; baseline -0.003 -14"><span class='ocrx_word' id='word_1_117' title='bbox 238 1520 420 1559; x_wconf 91' lang='lat' dir='ltr'>venes</span> <span class='ocrx_word' id='word_1_118' title='bbox 449 1508 587 1558; x_wconf 91' lang='lat' dir='ltr'>sunt</span> <span class='ocrx_word' id='word_1_119' title='bbox 619 1519 634 1568; x_wconf 89' lang='lat'><strong>;</strong></span> <span class='ocrx_word' id='word_1_120' title='bbox 663 1500 1321 1573; x_wconf 84' lang='lat' dir='ltr'>ﬁlii,qnianascuntur;</span> <span class='ocrx_word' id='word_1_121' title='bbox 1344 1504 1560 1572; x_wconf 82' lang='lat' dir='ltr'>patres,</span> <span class='ocrx_word' id='word_1_122' title='bbox 1584 1499 1897 1572; x_wconf 88' lang='lat' dir='ltr'>quiaprin-</span> 
     </span>
    </p>
   </div>
   <div class='ocr_carea' id='block_1_17' title="bbox 233 1589 1897 1665">
    <p class='ocr_par' dir='ltr' id='par_1_17' title="bbox 233 1589 1897 1665">
     <span class='ocr_line' id='line_1_17' title="bbox 233 1589 1897 1665; baseline -0.003 -17"><span class='ocrx_word' id='word_1_123' title='bbox 233 1592 463 1665; x_wconf 88' lang='lat' dir='ltr'>cipium</span> <span class='ocrx_word' id='word_1_124' title='bbox 479 1597 815 1661; x_wconf 89' lang='lat' dir='ltr'>agnoscunt</span> <span class='ocrx_word' id='word_1_125' title='bbox 842 1610 854 1648; x_wconf 90' lang='lat'><strong>:</strong></span> <span class='ocrx_word' id='word_1_126' title='bbox 880 1591 1131 1660; x_wconf 87' lang='lat' dir='ltr'>juvenes</span> <span class='ocrx_word' id='word_1_127' title='bbox 1144 1605 1330 1661; x_wconf 91' lang='lat' dir='ltr'>quare</span> <span class='ocrx_word' id='word_1_128' title='bbox 1351 1589 1378 1642; x_wconf 87' lang='lat'><strong>?</strong></span> <span class='ocrx_word' id='word_1_129' title='bbox 1400 1589 1539 1654; x_wconf 84' lang='lat' dir='ltr'>Quia</span> <span class='ocrx_word' id='word_1_130' title='bbox 1564 1590 1772 1644; x_wconf 75' lang='lat' dir='ltr'>vicistis</span> <span class='ocrx_word' id='word_1_131' title='bbox 1789 1607 1897 1645; x_wconf 86' lang='lat' dir='ltr'>ma-</span> 
     </span>
    </p>
   </div>
   <div class='ocr_carea' id='block_1_18' title="bbox 238 1678 1896 1752">
    <p class='ocr_par' dir='ltr' id='par_1_18' title="bbox 238 1678 1896 1752">
     <span class='ocr_line' id='line_1_18' title="bbox 238 1678 1896 1752; baseline -0.001 -17"><span class='ocrx_word' id='word_1_132' title='bbox 238 1681 473 1752; x_wconf 82' lang='lat' dir='ltr'>lignum.</span> <span class='ocrx_word' id='word_1_133' title='bbox 531 1683 595 1735; x_wconf 92' lang='lat' dir='ltr'>ln</span> <span class='ocrx_word' id='word_1_134' title='bbox 648 1678 784 1733; x_wconf 82' lang='lat' dir='ltr'>ﬁliis</span> <span class='ocrx_word' id='word_1_135' title='bbox 814 1678 1113 1747; x_wconf 89' lang='lat' dir='ltr'>nativitas,</span> <span class='ocrx_word' id='word_1_136' title='bbox 1156 1678 1214 1732; x_wconf 92' lang='lat' dir='ltr'>in</span> <span class='ocrx_word' id='word_1_137' title='bbox 1253 1679 1523 1749; x_wconf 85' lang='lat' dir='ltr'>patribus</span> <span class='ocrx_word' id='word_1_138' title='bbox 1547 1679 1896 1751; x_wconf 87' lang='lat' dir='ltr'>antiquitas,</span> 
     </span>
    </p>
   </div>
   <div class='ocr_carea' id='block_1_19' title="bbox 237 1766 1899 1841">
    <p class='ocr_par' dir='ltr' id='par_1_19' title="bbox 237 1766 1899 1841">
     <span class='ocr_line' id='line_1_19' title="bbox 237 1766 1899 1841; baseline -0.002 -16"><span class='ocrx_word' id='word_1_139' title='bbox 237 1770 301 1825; x_wconf 90' lang='lat' dir='ltr'>in</span> <span class='ocrx_word' id='word_1_140' title='bbox 325 1767 971 1841; x_wconf 87' lang='lat' dir='ltr'>juvenibusfortitudo.</span> <span class='ocrx_word' id='word_1_141' title='bbox 994 1767 1052 1822; x_wconf 93' lang='lat' dir='ltr'>Si</span> <span class='ocrx_word' id='word_1_142' title='bbox 1085 1766 1383 1836; x_wconf 90' lang='lat' dir='ltr'>malignus</span> <span class='ocrx_word' id='word_1_143' title='bbox 1399 1767 1899 1837; x_wconf 85' lang='lat' dir='ltr'>ajuvenibusvin—</span> 
     </span>
    </p>
   </div>
   <div class='ocr_carea' id='block_1_20' title="bbox 240 1857 1894 1931">
    <p class='ocr_par' dir='ltr' id='par_1_20' title="bbox 240 1857 1894 1931">
     <span class='ocr_line' id='line_1_20' title="bbox 240 1857 1894 1931; baseline -0.005 -15"><span class='ocrx_word' id='word_1_144' title='bbox 240 1861 413 1924; x_wconf 85' lang='lat' dir='ltr'>citur,</span> <span class='ocrx_word' id='word_1_145' title='bbox 437 1864 667 1931; x_wconf 83' lang='lat' dir='ltr'>pugnat</span> <span class='ocrx_word' id='word_1_146' title='bbox 684 1857 1019 1913; x_wconf 88' lang='lat' dir='ltr'>nobiscum.</span> <span class='ocrx_word' id='word_1_147' title='bbox 1042 1857 1294 1927; x_wconf 83' lang='lat' dir='ltr'>Pugnat,</span> <span class='ocrx_word' id='word_1_148' title='bbox 1316 1857 1422 1912; x_wconf 91' lang='lat' dir='ltr'>sed</span> <span class='ocrx_word' id='word_1_149' title='bbox 1437 1872 1557 1913; x_wconf 93' lang='lat' dir='ltr'>non</span> <span class='ocrx_word' id='word_1_150' title='bbox 1571 1860 1894 1929; x_wconf 82' lang='lat' dir='ltr'>expugnat.</span> 
     </span>
    </p>
   </div>
   <div class='ocr_carea' id='block_1_21' title="bbox 242 1946 1900 2017">
    <p class='ocr_par' dir='ltr' id='par_1_21' title="bbox 242 1946 1900 2017">
     <span class='ocr_line' id='line_1_21' title="bbox 242 1946 1900 2017; baseline -0.003 -13"><span class='ocrx_word' id='word_1_151' title='bbox 242 1951 437 2014; x_wconf 84' lang='lat' dir='ltr'>Quare</span> <span class='ocrx_word' id='word_1_152' title='bbox 462 1947 491 2003; x_wconf 74' lang='lat' dir='ltr'>‘l</span> <span class='ocrx_word' id='word_1_153' title='bbox 518 1949 667 2013; x_wconf 87' lang='lat' dir='ltr'>Quia</span> <span class='ocrx_word' id='word_1_154' title='bbox 693 1962 801 2002; x_wconf 91' lang='lat' dir='ltr'>nos</span> <span class='ocrx_word' id='word_1_155' title='bbox 829 1963 1041 2001; x_wconf 90' lang='lat' dir='ltr'>sumus</span> <span class='ocrx_word' id='word_1_156' title='bbox 1074 1947 1274 2012; x_wconf 81' lang='lat' dir='ltr'>fortes,</span> <span class='ocrx_word' id='word_1_157' title='bbox 1308 1962 1382 2000; x_wconf 89' lang='lat' dir='ltr'>an</span> <span class='ocrx_word' id='word_1_158' title='bbox 1400 1946 1545 2017; x_wconf 91' lang='lat' dir='ltr'>quia</span> <span class='ocrx_word' id='word_1_159' title='bbox 1564 1946 1657 2000; x_wconf 91' lang='lat' dir='ltr'>ille</span> <span class='ocrx_word' id='word_1_160' title='bbox 1679 1951 1763 2001; x_wconf 88' lang='lat' dir='ltr'>est</span> <span class='ocrx_word' id='word_1_161' title='bbox 1787 1946 1900 2000; x_wconf 88' lang='lat' dir='ltr'>for-</span> 
     </span>
    </p>
   </div>
   <div class='ocr_carea' id='block_1_22' title="bbox 241 2034 1902 2109">
    <p class='ocr_par' dir='ltr' id='par_1_22' title="bbox 241 2034 1902 2109">
     <span class='ocr_line' id='line_1_22' title="bbox 241 2034 1902 2109; baseline -0.002 -16"><span class='ocrx_word' id='word_1_162' title='bbox 241 2038 314 2094; x_wconf 88' lang='lat' dir='ltr'>tis</span> <span class='ocrx_word' id='word_1_163' title='bbox 345 2040 405 2093; x_wconf 93' lang='lat' dir='ltr'>in</span> <span class='ocrx_word' id='word_1_164' title='bbox 441 2038 633 2104; x_wconf 90' lang='lat' dir='ltr'>nobis,</span> <span class='ocrx_word' id='word_1_165' title='bbox 665 2037 768 2109; x_wconf 88' lang='lat' dir='ltr'>qui</span> <span class='ocrx_word' id='word_1_166' title='bbox 804 2037 955 2091; x_wconf 89' lang='lat' dir='ltr'>inter</span> <span class='ocrx_word' id='word_1_167' title='bbox 984 2051 1199 2091; x_wconf 89' lang='lat' dir='ltr'>manus</span> <span class='ocrx_word' id='word_1_168' title='bbox 1226 2036 1709 2108; x_wconf 86' lang='lat' dir='ltr'>persequentium</span> <span class='ocrx_word' id='word_1_169' title='bbox 1743 2034 1902 2090; x_wconf 84' lang='lat' dir='ltr'>inﬁr-</span> 
     </span>
    </p>
   </div>
   <div class='ocr_carea' id='block_1_23' title="bbox 244 2123 1899 2196">
    <p class='ocr_par' dir='ltr' id='par_1_23' title="bbox 244 2123 1899 2196">
     <span class='ocr_line' id='line_1_23' title="bbox 244 2123 1899 2196; baseline -0.002 -14"><span class='ocrx_word' id='word_1_170' title='bbox 244 2144 380 2182; x_wconf 91' lang='lat' dir='ltr'>mus</span> <span class='ocrx_word' id='word_1_171' title='bbox 412 2129 687 2182; x_wconf 87' lang='lat' dir='ltr'>inventus</span> <span class='ocrx_word' id='word_1_172' title='bbox 717 2132 803 2181; x_wconf 88' lang='lat' dir='ltr'>est</span> <span class='ocrx_word' id='word_1_173' title='bbox 826 2124 855 2178; x_wconf 76' lang='lat' dir='ltr'>‘l</span> <span class='ocrx_word' id='word_1_174' title='bbox 888 2124 988 2180; x_wconf 92' lang='lat' dir='ltr'>llle</span> <span class='ocrx_word' id='word_1_175' title='bbox 1021 2141 1130 2181; x_wconf 91' lang='lat' dir='ltr'>nos</span> <span class='ocrx_word' id='word_1_176' title='bbox 1158 2125 1337 2180; x_wconf 85' lang='lat' dir='ltr'>fortes</span> <span class='ocrx_word' id='word_1_177' title='bbox 1378 2123 1532 2190; x_wconf 90' lang='lat' dir='ltr'>fecit,</span> <span class='ocrx_word' id='word_1_178' title='bbox 1563 2126 1665 2196; x_wconf 90' lang='lat' dir='ltr'>qui</span> <span class='ocrx_word' id='word_1_179' title='bbox 1700 2140 1899 2195; x_wconf 88' lang='lat' dir='ltr'>perse-</span> 
     </span>
    </p>
   </div>
   <div class='ocr_carea' id='block_1_24' title="bbox 241 2213 1899 2289">
    <p class='ocr_par' dir='ltr' id='par_1_24' title="bbox 241 2213 1899 2289">
     <span class='ocr_line' id='line_1_24' title="bbox 241 2213 1899 2289; baseline -0.002 -16"><span class='ocrx_word' id='word_1_180' title='bbox 241 2216 569 2289; x_wconf 87' lang='lat' dir='ltr'>quentibus</span> <span class='ocrx_word' id='word_1_181' title='bbox 590 2231 709 2271; x_wconf 90' lang='lat' dir='ltr'>non</span> <span class='ocrx_word' id='word_1_182' title='bbox 734 2214 963 2270; x_wconf 88' lang='lat' dir='ltr'>restitit.</span> <span class='ocrx_word' id='word_1_183' title='bbox 995 2214 1321 2270; x_wconf 84' lang='lat' dir='ltr'>Crucifixus</span> <span class='ocrx_word' id='word_1_184' title='bbox 1336 2217 1428 2268; x_wconf 92' lang='lat' dir='ltr'>est</span> <span class='ocrx_word' id='word_1_185' title='bbox 1450 2213 1608 2268; x_wconf 88' lang='lat' dir='ltr'>enim</span> <span class='ocrx_word' id='word_1_186' title='bbox 1641 2229 1713 2268; x_wconf 82' lang='lat' dir='ltr'>ex</span> <span class='ocrx_word' id='word_1_187' title='bbox 1738 2214 1899 2270; x_wconf 84' lang='lat' dir='ltr'>inﬁr-</span> 
     </span>
    </p>
   </div>
   <div class='ocr_carea' id='block_1_25' title="bbox 244 2302 1771 2375">
    <p class='ocr_par' dir='ltr' id='par_1_25' title="bbox 244 2302 1771 2375">
     <span class='ocr_line' id='line_1_25' title="bbox 244 2302 1771 2375; baseline -0.004 -12"><span class='ocrx_word' id='word_1_188' title='bbox 244 2307 472 2372; x_wconf 87' lang='lat' dir='ltr'>mitate,</span> <span class='ocrx_word' id='word_1_189' title='bbox 492 2305 594 2360; x_wconf 92' lang='lat' dir='ltr'>sed</span> <span class='ocrx_word' id='word_1_190' title='bbox 610 2304 755 2360; x_wconf 85' lang='lat' dir='ltr'>vivit</span> <span class='ocrx_word' id='word_1_191' title='bbox 784 2321 855 2360; x_wconf 82' lang='lat' dir='ltr'>ex</span> <span class='ocrx_word' id='word_1_192' title='bbox 889 2304 1104 2359; x_wconf 89' lang='lat' dir='ltr'>virtute</span> <span class='ocrx_word' id='word_1_193' title='bbox 1139 2303 1237 2358; x_wconf 89' lang='lat' dir='ltr'>Dei</span> <span class='ocrx_word' id='word_1_194' title='bbox 1278 2302 1349 2375; x_wconf 90' lang='lat' dir='ltr'>(ll</span> <span class='ocrx_word' id='word_1_195' title='bbox 1382 2304 1512 2358; x_wconf 83' lang='lat' dir='ltr'>Cor.</span> <span class='ocrx_word' id='word_1_196' title='bbox 1542 2320 1661 2367; x_wconf 85' lang='lat' dir='ltr'>xm,</span> <span class='ocrx_word' id='word_1_197' title='bbox 1695 2304 1771 2374; x_wconf 77' lang='grc'>4).</span> 
     </span>
    </p>
   </div>
   <div class='ocr_carea' id='block_1_26' title="bbox 317 2390 1903 2464">
    <p class='ocr_par' dir='ltr' id='par_1_26' title="bbox 317 2390 1903 2464">
     <span class='ocr_line' id='line_1_26' title="bbox 317 2390 1903 2464; baseline -0.003 -13"><span class='ocrx_word' id='word_1_198' title='bbox 317 2402 375 2451; x_wconf 86' lang='grc'>7.</span> <span class='ocrx_word' id='word_1_199' title='bbox 402 2395 598 2451; x_wconf 81' lang='lat' dir='ltr'>Scribe</span> <span class='ocrx_word' id='word_1_200' title='bbox 624 2394 803 2458; x_wconf 86' lang='lat' dir='ltr'>vobis,</span> <span class='ocrx_word' id='word_1_201' title='bbox 831 2394 1019 2463; x_wconf 79' lang='lat' dir='ltr'>pueri.</span> <span class='ocrx_word' id='word_1_202' title='bbox 1075 2392 1237 2448; x_wconf 89' lang='lat' dir='ltr'>Unde</span> <span class='ocrx_word' id='word_1_203' title='bbox 1286 2390 1501 2464; x_wconf 87' lang='lat' dir='ltr'>pueri?</span> <span class='ocrx_word' id='word_1_204' title='bbox 1533 2391 1673 2457; x_wconf 83' lang='lat' dir='ltr'>Quia</span> <span class='ocrx_word' id='word_1_205' title='bbox 1716 2409 1903 2463; x_wconf 85' lang='lat' dir='ltr'>cogno-</span> 
     </span>
    </p>
   </div>
   <div class='ocr_carea' id='block_1_27' title="bbox 246 2482 1898 2551">
    <p class='ocr_par' dir='ltr' id='par_1_27' title="bbox 246 2482 1898 2551">
     <span class='ocr_line' id='line_1_27' title="bbox 246 2482 1898 2551; baseline -0.002 -12"><span class='ocrx_word' id='word_1_206' title='bbox 246 2485 406 2540; x_wconf 85' lang='lat' dir='ltr'>vistis</span> <span class='ocrx_word' id='word_1_207' title='bbox 429 2485 672 2539; x_wconf 85' lang='lat' dir='ltr'>Patrem.</span> <span class='ocrx_word' id='word_1_208' title='bbox 705 2483 897 2538; x_wconf 86' lang='lat' dir='ltr'>Scriba</span> <span class='ocrx_word' id='word_1_209' title='bbox 927 2482 1093 2547; x_wconf 82' lang='lat' dir='ltr'>vobis,</span> <span class='ocrx_word' id='word_1_210' title='bbox 1124 2489 1308 2551; x_wconf 83' lang='lat' dir='ltr'>patres</span> <span class='ocrx_word' id='word_1_211' title='bbox 1336 2482 1898 2547; x_wconf 88' lang='lat' dir='ltr'>:commendathoc,</span> 
     </span>
    </p>
   </div>
   <div class='ocr_carea' id='block_1_28' title="bbox 246 2571 1903 2645">
    <p class='ocr_par' dir='ltr' id='par_1_28' title="bbox 246 2571 1903 2645">
     <span class='ocr_line' id='line_1_28' title="bbox 246 2571 1903 2645; baseline -0.003 -15"><span class='ocrx_word' id='word_1_212' title='bbox 246 2580 303 2630; x_wconf 89' lang='lat' dir='ltr'>et</span> <span class='ocrx_word' id='word_1_213' title='bbox 331 2575 548 2645; x_wconf 86' lang='lat' dir='ltr'>repetit</span> <span class='ocrx_word' id='word_1_214' title='bbox 578 2573 676 2644; x_wconf 90' lang='lat' dir='ltr'>(a),</span> <span class='ocrx_word' id='word_1_215' title='bbox 712 2572 852 2637; x_wconf 84' lang='lat' dir='ltr'>Quia</span> <span class='ocrx_word' id='word_1_216' title='bbox 897 2571 1213 2642; x_wconf 89' lang='lat' dir='ltr'>cognovistis</span> <span class='ocrx_word' id='word_1_217' title='bbox 1242 2588 1359 2626; x_wconf 88' lang='lat' dir='ltr'>eum</span> <span class='ocrx_word' id='word_1_218' title='bbox 1405 2572 1501 2642; x_wconf 87' lang='lat' dir='ltr'>qui</span> <span class='ocrx_word' id='word_1_219' title='bbox 1550 2588 1583 2625; x_wconf 86' lang='grc' dir='ltr'>α</span> <span class='ocrx_word' id='word_1_220' title='bbox 1624 2571 1903 2643; x_wconf 83' lang='lat' dir='ltr'>principio</span> 
     </span>
    </p>
   </div>
   <div class='ocr_carea' id='block_1_29' title="bbox 245 2660 1904 2733">
    <p class='ocr_par' dir='ltr' id='par_1_29' title="bbox 245 2660 1904 2733">
     <span class='ocr_line' id='line_1_29' title="bbox 245 2660 1904 2733; baseline -0.002 -14"><span class='ocrx_word' id='word_1_221' title='bbox 245 2671 345 2721; x_wconf 88' lang='lat' dir='ltr'>est.</span> <span class='ocrx_word' id='word_1_222' title='bbox 380 2666 727 2720; x_wconf 75' lang='lat' dir='ltr'>Mementote</span> <span class='ocrx_word' id='word_1_223' title='bbox 769 2678 875 2716; x_wconf 90' lang='lat' dir='ltr'>vos</span> <span class='ocrx_word' id='word_1_224' title='bbox 920 2667 1119 2733; x_wconf 89' lang='lat' dir='ltr'>patres</span> <span class='ocrx_word' id='word_1_225' title='bbox 1169 2676 1299 2715; x_wconf 84' lang='lat' dir='ltr'>esse</span> <span class='ocrx_word' id='word_1_226' title='bbox 1338 2677 1349 2715; x_wconf 94' lang='lat'>:</span> <span class='ocrx_word' id='word_1_227' title='bbox 1384 2662 1431 2716; x_wconf 91' lang='lat' dir='ltr'>si</span> <span class='ocrx_word' id='word_1_228' title='bbox 1480 2660 1904 2717; x_wconf 88' lang='lat' dir='ltr'>obliviscimini</span> 
     </span>
    </p>
   </div>
   <div class='ocr_carea' id='block_1_30' title="bbox 246 2749 1900 2825">
    <p class='ocr_par' dir='ltr' id='par_1_30' title="bbox 246 2749 1900 2825">
     <span class='ocr_line' id='line_1_30' title="bbox 246 2749 1900 2825; baseline -0.003 -15"><span class='ocrx_word' id='word_1_229' title='bbox 246 2769 388 2810; x_wconf 88' lang='lat' dir='ltr'>eum</span> <span class='ocrx_word' id='word_1_230' title='bbox 415 2753 516 2825; x_wconf 86' lang='lat' dir='ltr'>qui</span> <span class='ocrx_word' id='word_1_231' title='bbox 550 2768 583 2808; x_wconf 91' lang='lat' dir='ltr'>a</span> <span class='ocrx_word' id='word_1_232' title='bbox 608 2750 907 2823; x_wconf 87' lang='lat' dir='ltr'>principio</span> <span class='ocrx_word' id='word_1_233' title='bbox 947 2755 1058 2816; x_wconf 91' lang='lat' dir='ltr'>est,</span> <span class='ocrx_word' id='word_1_234' title='bbox 1092 2749 1430 2821; x_wconf 88' lang='lat' dir='ltr'>perdidistis</span> <span class='ocrx_word' id='word_1_235' title='bbox 1461 2752 1900 2821; x_wconf 87' lang='lat' dir='ltr'>paternitatem.</span> 
     </span>
    </p>
   </div>
   <div class='ocr_carea' id='block_1_31' title="bbox 247 2839 1901 2911">
    <p class='ocr_par' dir='ltr' id='par_1_31' title="bbox 247 2839 1901 2911">
     <span class='ocr_line' id='line_1_31' title="bbox 247 2839 1901 2911; baseline -0.001 -15"><span class='ocrx_word' id='word_1_236' title='bbox 247 2842 432 2897; x_wconf 84' lang='lat' dir='ltr'>Scriba</span> <span class='ocrx_word' id='word_1_237' title='bbox 459 2840 621 2905; x_wconf 88' lang='lat' dir='ltr'>vobis,</span> <span class='ocrx_word' id='word_1_238' title='bbox 646 2840 886 2911; x_wconf 77' lang='lat' dir='ltr'>juvenes.</span> <span class='ocrx_word' id='word_1_239' title='bbox 906 2839 1090 2893; x_wconf 86' lang='lat' dir='ltr'>Etiam</span> <span class='ocrx_word' id='word_1_240' title='bbox 1119 2844 1298 2909; x_wconf 89' lang='lat' dir='ltr'>atque</span> <span class='ocrx_word' id='word_1_241' title='bbox 1312 2840 1485 2893; x_wconf 89' lang='lat' dir='ltr'>etiam</span> <span class='ocrx_word' id='word_1_242' title='bbox 1502 2839 1901 2903; x_wconf 87' lang='lat' dir='ltr'>considerate,</span> 
     </span>
    </p>
   </div>
   <div class='ocr_carea' id='block_1_32' title="bbox 249 2926 1900 3002">
    <p class='ocr_par' dir='ltr' id='par_1_32' title="bbox 249 2926 1900 3002">
     <span class='ocr_line' id='line_1_32' title="bbox 249 2926 1900 3002; baseline -0.002 -17"><span class='ocrx_word' id='word_1_243' title='bbox 249 2931 395 3002; x_wconf 90' lang='lat' dir='ltr'>quia</span> <span class='ocrx_word' id='word_1_244' title='bbox 425 2932 676 3001; x_wconf 88' lang='lat' dir='ltr'>juvenes</span> <span class='ocrx_word' id='word_1_245' title='bbox 703 2929 841 2984; x_wconf 92' lang='lat' dir='ltr'>estis</span> <span class='ocrx_word' id='word_1_246' title='bbox 878 2945 890 2982; x_wconf 87' lang='lat'><strong>:</strong></span> <span class='ocrx_word' id='word_1_247' title='bbox 920 2935 1198 2999; x_wconf 90' lang='lat' dir='ltr'>pugnate,</span> <span class='ocrx_word' id='word_1_248' title='bbox 1240 2932 1301 2983; x_wconf 92' lang='lat' dir='ltr'>ut</span> <span class='ocrx_word' id='word_1_249' title='bbox 1340 2926 1587 2982; x_wconf 85' lang='lat' dir='ltr'>vincatis</span> <span class='ocrx_word' id='word_1_250' title='bbox 1616 2946 1631 2997; x_wconf 83' lang='lat'>;</span> <span class='ocrx_word' id='word_1_251' title='bbox 1665 2927 1900 2993; x_wconf 86' lang='lat' dir='ltr'>vincite,</span> 
     </span>
    </p>
   </div>
   <div class='ocr_carea' id='block_1_33' title="bbox 250 3015 1900 3087">
    <p class='ocr_par' dir='ltr' id='par_1_33' title="bbox 250 3015 1900 3087">
     <span class='ocr_line' id='line_1_33' title="bbox 250 3015 1900 3087; baseline -0.005 -12"><span class='ocrx_word' id='word_1_252' title='bbox 250 3026 315 3074; x_wconf 90' lang='lat' dir='ltr'>ut</span> <span class='ocrx_word' id='word_1_253' title='bbox 329 3018 700 3075; x_wconf 91' lang='lat' dir='ltr'>coronemini</span> <span class='ocrx_word' id='word_1_254' title='bbox 725 3037 737 3087; x_wconf 90' lang='lat'><strong>;</strong></span> <span class='ocrx_word' id='word_1_255' title='bbox 755 3016 1012 3072; x_wconf 89' lang='lat' dir='ltr'>humiles</span> <span class='ocrx_word' id='word_1_256' title='bbox 1035 3022 1242 3085; x_wconf 90' lang='lat' dir='ltr'>estote,</span> <span class='ocrx_word' id='word_1_257' title='bbox 1258 3030 1331 3071; x_wconf 91' lang='lat' dir='ltr'>ne</span> <span class='ocrx_word' id='word_1_258' title='bbox 1348 3015 1578 3071; x_wconf 83' lang='lat' dir='ltr'>cedatis</span> <span class='ocrx_word' id='word_1_259' title='bbox 1602 3017 1659 3070; x_wconf 90' lang='lat' dir='ltr'>in</span> <span class='ocrx_word' id='word_1_260' title='bbox 1677 3031 1900 3086; x_wconf 91' lang='lat' dir='ltr'>pugna.</span> 
     </span>
    </p>
   </div>
   <div class='ocr_carea' id='block_1_34' title="bbox 250 3104 1905 3178">
    <p class='ocr_par' dir='ltr' id='par_1_34' title="bbox 250 3104 1905 3178">
     <span class='ocr_line' id='line_1_34' title="bbox 250 3104 1905 3178; baseline -0.004 -14"><span class='ocrx_word' id='word_1_261' title='bbox 250 3108 439 3164; x_wconf 80' lang='lat' dir='ltr'>Scribo</span> <span class='ocrx_word' id='word_1_262' title='bbox 475 3107 639 3173; x_wconf 83' lang='lat' dir='ltr'>vobis,</span> <span class='ocrx_word' id='word_1_263' title='bbox 656 3108 898 3178; x_wconf 82' lang='lat' dir='ltr'>juvenes,</span> <span class='ocrx_word' id='word_1_264' title='bbox 930 3106 1057 3176; x_wconf 88' lang='lat' dir='ltr'>quia</span> <span class='ocrx_word' id='word_1_265' title='bbox 1080 3105 1247 3176; x_wconf 79' lang='lat' dir='ltr'>fortes</span> <span class='ocrx_word' id='word_1_266' title='bbox 1290 3106 1441 3173; x_wconf 87' lang='lat' dir='ltr'>estis,</span> <span class='ocrx_word' id='word_1_267' title='bbox 1470 3111 1516 3159; x_wconf 86' lang='lat' dir='ltr'>et</span> <span class='ocrx_word' id='word_1_268' title='bbox 1560 3104 1776 3159; x_wconf 84' lang='lat' dir='ltr'>verbum</span> <span class='ocrx_word' id='word_1_269' title='bbox 1805 3104 1905 3159; x_wconf 88' lang='lat' dir='ltr'>Dei</span> 
     </span>
    </p>
   </div>
   <div class='ocr_carea' id='block_1_35' title="bbox 248 3194 1347 3265">
    <p class='ocr_par' dir='ltr' id='par_1_35' title="bbox 248 3194 1347 3265">
     <span class='ocr_line' id='line_1_35' title="bbox 248 3194 1347 3265; baseline -0.002 -14"><span class='ocrx_word' id='word_1_270' title='bbox 248 3200 313 3251; x_wconf 87' lang='lat' dir='ltr'>in</span> <span class='ocrx_word' id='word_1_271' title='bbox 340 3198 486 3251; x_wconf 85' lang='lat' dir='ltr'>vobis</span> <span class='ocrx_word' id='word_1_272' title='bbox 515 3201 715 3261; x_wconf 86' lang='lat' dir='ltr'>manet,</span> <span class='ocrx_word' id='word_1_273' title='bbox 747 3203 796 3250; x_wconf 92' lang='lat' dir='ltr'>et</span> <span class='ocrx_word' id='word_1_274' title='bbox 820 3195 1001 3249; x_wconf 86' lang='lat' dir='ltr'>vicitis</span> <span class='ocrx_word' id='word_1_275' title='bbox 1029 3194 1347 3265; x_wconf 88' lang='lat' dir='ltr'>malignum.</span> 
     </span>
    </p>
   </div>
   <div class='ocr_carea' id='block_1_36' title="bbox 316 3281 1903 3353">
    <p class='ocr_par' dir='ltr' id='par_1_36' title="bbox 316 3281 1903 3353">
     <span class='ocr_line' id='line_1_36' title="bbox 316 3281 1903 3353; baseline -0.002 -14"><span class='ocrx_word' id='word_1_276' title='bbox 316 3286 376 3342; x_wconf 90' lang='lat'>8.</span> <span class='ocrx_word' id='word_1_277' title='bbox 414 3287 544 3340; x_wconf 71' lang='lat' dir='ltr'>Haec</span> <span class='ocrx_word' id='word_1_278' title='bbox 575 3285 800 3349; x_wconf 87' lang='lat' dir='ltr'>omnia,</span> <span class='ocrx_word' id='word_1_279' title='bbox 832 3283 1061 3347; x_wconf 87' lang='lat' dir='ltr'>fratres,</span> <span class='ocrx_word' id='word_1_280' title='bbox 1085 3282 1229 3353; x_wconf 90' lang='lat' dir='ltr'>quia</span> <span class='ocrx_word' id='word_1_281' title='bbox 1254 3282 1716 3353; x_wconf 89' lang='lat' dir='ltr'>cognovimusid</span> <span class='ocrx_word' id='word_1_282' title='bbox 1739 3281 1903 3353; x_wconf 92' lang='lat' dir='ltr'>quod</span> 
     </span>
    </p>
   </div>
   <div class='ocr_carea' id='block_1_37' title="bbox 249 3371 1900 3448">
    <p class='ocr_par' dir='ltr' id='par_1_37' title="bbox 249 3371 1900 3448">
     <span class='ocr_line' id='line_1_37' title="bbox 249 3371 1900 3448; baseline -0.005 -16"><span class='ocrx_word' id='word_1_283' title='bbox 249 3374 715 3448; x_wconf 84' lang='lat' dir='ltr'>aprincipioest,</span> <span class='ocrx_word' id='word_1_284' title='bbox 732 3371 1066 3444; x_wconf 89' lang='lat' dir='ltr'>quiafortes</span> <span class='ocrx_word' id='word_1_285' title='bbox 1090 3388 1320 3435; x_wconf 85' lang='lat' dir='ltr'>sumus,</span> <span class='ocrx_word' id='word_1_286' title='bbox 1345 3372 1488 3443; x_wconf 88' lang='lat' dir='ltr'>quia</span> <span class='ocrx_word' id='word_1_287' title='bbox 1501 3372 1900 3441; x_wconf 89' lang='lat' dir='ltr'>cognovimus</span> 
     </span>
    </p>
   </div>
   <div class='ocr_carea' id='block_1_38' title="bbox 248 3461 1904 3532">
    <p class='ocr_par' dir='ltr' id='par_1_38' title="bbox 248 3461 1904 3532">
     <span class='ocr_line' id='line_1_38' title="bbox 248 3461 1904 3532; baseline -0.004 -12"><span class='ocrx_word' id='word_1_288' title='bbox 248 3468 484 3520; x_wconf 87' lang='lat' dir='ltr'>Patrem</span> <span class='ocrx_word' id='word_1_289' title='bbox 521 3464 765 3518; x_wconf 88' lang='lat' dir='ltr'>:omnia</span> <span class='ocrx_word' id='word_1_290' title='bbox 807 3461 921 3516; x_wconf 92' lang='lat' dir='ltr'>ista</span> <span class='ocrx_word' id='word_1_291' title='bbox 951 3461 1126 3532; x_wconf 92' lang='lat' dir='ltr'>quasi</span> <span class='ocrx_word' id='word_1_292' title='bbox 1162 3461 1564 3531; x_wconf 88' lang='lat' dir='ltr'>cognitionem</span> <span class='ocrx_word' id='word_1_293' title='bbox 1601 3475 1904 3515; x_wconf 89' lang='lat' dir='ltr'>commen-</span> 
     </span>
    </p>
   </div>
   <div class='ocr_carea' id='block_1_39' title="bbox 245 3548 1902 3620">
    <p class='ocr_par' dir='ltr' id='par_1_39' title="bbox 245 3548 1902 3620">
     <span class='ocr_line' id='line_1_39' title="bbox 245 3548 1902 3620; baseline -0.004 -11"><span class='ocrx_word' id='word_1_294' title='bbox 245 3550 783 3616; x_wconf 88' lang='lat' dir='ltr'>dant,charitatem</span> <span class='ocrx_word' id='word_1_295' title='bbox 798 3565 917 3605; x_wconf 89' lang='lat' dir='ltr'>non</span> <span class='ocrx_word' id='word_1_296' title='bbox 940 3548 1475 3605; x_wconf 82' lang='lat' dir='ltr'>commendant?Si</span> <span class='ocrx_word' id='word_1_297' title='bbox 1491 3550 1902 3620; x_wconf 89' lang='lat' dir='ltr'>cognovimus,</span> 
     </span>
    </p>
   </div>
   <div class='ocr_carea' id='block_1_40' title="bbox 251 3638 1905 3708">
    <p class='ocr_par' dir='ltr' id='par_1_40' title="bbox 251 3638 1905 3708">
     <span class='ocr_line' id='line_1_40' title="bbox 251 3638 1905 3708; baseline -0.003 -10"><span class='ocrx_word' id='word_1_298' title='bbox 251 3657 533 3698; x_wconf 84' lang='lat' dir='ltr'>amemus</span> <span class='ocrx_word' id='word_1_299' title='bbox 568 3658 580 3695; x_wconf 88' lang='lat'><strong>:</strong></span> <span class='ocrx_word' id='word_1_300' title='bbox 614 3655 754 3695; x_wconf 89' lang='lat' dir='ltr'>nam</span> <span class='ocrx_word' id='word_1_301' title='bbox 779 3640 1042 3708; x_wconf 86' lang='lat' dir='ltr'>cognitio</span> <span class='ocrx_word' id='word_1_302' title='bbox 1071 3640 1197 3694; x_wconf 90' lang='lat' dir='ltr'>sine</span> <span class='ocrx_word' id='word_1_303' title='bbox 1224 3638 1512 3693; x_wconf 88' lang='lat' dir='ltr'>charitate</span> <span class='ocrx_word' id='word_1_304' title='bbox 1553 3655 1670 3694; x_wconf 92' lang='lat' dir='ltr'>non</span> <span class='ocrx_word' id='word_1_305' title='bbox 1706 3639 1905 3693; x_wconf 90' lang='lat' dir='ltr'>salvos</span> 
     </span>
    </p>
   </div>
   <div class='ocr_carea' id='block_1_41' title="bbox 249 3728 1900 3799">
    <p class='ocr_par' dir='ltr' id='par_1_41' title="bbox 249 3728 1900 3799">
     <span class='ocr_line' id='line_1_41' title="bbox 249 3728 1900 3799; baseline -0.004 -12"><span class='ocrx_word' id='word_1_306' title='bbox 249 3731 408 3787; x_wconf 81' lang='lat' dir='ltr'>facit.</span> <span class='ocrx_word' id='word_1_307' title='bbox 436 3729 693 3787; x_wconf 91' lang='lat' dir='ltr'>Scientia</span> <span class='ocrx_word' id='word_1_308' title='bbox 714 3728 900 3791; x_wconf 86' lang='lat' dir='ltr'>inﬂat,</span> <span class='ocrx_word' id='word_1_309' title='bbox 919 3728 1176 3783; x_wconf 89' lang='lat' dir='ltr'>charitas</span> <span class='ocrx_word' id='word_1_310' title='bbox 1194 3728 1449 3785; x_wconf 58' lang='lat' dir='ltr'>aediﬁcat</span> <span class='ocrx_word' id='word_1_311' title='bbox 1476 3728 1655 3799; x_wconf 87' lang='lat' dir='ltr'>(lCor.</span> <span class='ocrx_word' id='word_1_312' title='bbox 1685 3744 1803 3792; x_wconf 88' lang='lat' dir='ltr'>vm,</span> <span class='ocrx_word' id='word_1_313' title='bbox 1834 3732 1900 3796; x_wconf 82' lang='lat' dir='ltr'>t).</span> 
     </span>
    </p>
   </div>
   <div class='ocr_carea' id='block_1_42' title="bbox 251 3816 1903 3887">
    <p class='ocr_par' dir='ltr' id='par_1_42' title="bbox 251 3816 1903 3887">
     <span class='ocr_line' id='line_1_42' title="bbox 251 3816 1903 3887; baseline -0.004 -11"><span class='ocrx_word' id='word_1_314' title='bbox 251 3821 302 3877; x_wconf 89' lang='lat' dir='ltr'>Si</span> <span class='ocrx_word' id='word_1_315' title='bbox 323 3818 595 3875; x_wconf 85' lang='lat' dir='ltr'>conﬁteri</span> <span class='ocrx_word' id='word_1_316' title='bbox 617 3816 786 3872; x_wconf 87' lang='lat' dir='ltr'>vultis</span> <span class='ocrx_word' id='word_1_317' title='bbox 801 3822 988 3873; x_wconf 89' lang='lat' dir='ltr'>etnon</span> <span class='ocrx_word' id='word_1_318' title='bbox 1003 3833 1225 3881; x_wconf 90' lang='lat' dir='ltr'>amare,</span> <span class='ocrx_word' id='word_1_319' title='bbox 1247 3817 1501 3887; x_wconf 88' lang='lat' dir='ltr'>incipitis</span> <span class='ocrx_word' id='word_1_320' title='bbox 1528 3816 1903 3871; x_wconf 76' lang='lat' dir='ltr'>daemonibus</span> 
     </span>
    </p>
   </div>
   <div class='ocr_carea' id='block_1_43' title="bbox 252 3906 1906 3969">
    <p class='ocr_par' dir='ltr' id='par_1_43' title="bbox 252 3906 1906 3969">
     <span class='ocr_line' id='line_1_43' title="bbox 252 3906 1906 3969; baseline -0.002 -5"><span class='ocrx_word' id='word_1_321' title='bbox 252 3908 482 3964; x_wconf 84' lang='lat' dir='ltr'>similes</span> <span class='ocrx_word' id='word_1_322' title='bbox 507 3922 654 3963; x_wconf 88' lang='lat' dir='ltr'>esse.</span> <span class='ocrx_word' id='word_1_323' title='bbox 682 3906 1132 3961; x_wconf 80' lang='lat' dir='ltr'>Conﬁtebantur</span> <span class='ocrx_word' id='word_1_324' title='bbox 1149 3906 1457 3960; x_wconf 69' lang='lat' dir='ltr'>daemones</span> <span class='ocrx_word' id='word_1_325' title='bbox 1490 3906 1697 3960; x_wconf 87' lang='lat' dir='ltr'>Filium</span> <span class='ocrx_word' id='word_1_326' title='bbox 1713 3906 1906 3969; x_wconf 88' lang='lat' dir='ltr'>Dei,et</span> 
     </span>
    </p>
   </div>
   <div class='ocr_carea' id='block_1_44' title="bbox 250 3994 1905 4065">
    <p class='ocr_par' dir='ltr' id='par_1_44' title="bbox 250 3994 1905 4065">
     <span class='ocr_line' id='line_1_44' title="bbox 250 3994 1905 4065; baseline -0.002 -13"><span class='ocrx_word' id='word_1_327' title='bbox 250 3997 556 4061; x_wconf 89' lang='lat' dir='ltr'>dicebant,</span> <span class='ocrx_word' id='word_1_328' title='bbox 592 3994 741 4061; x_wconf 87' lang='lat' dir='ltr'>Quid</span> <span class='ocrx_word' id='word_1_329' title='bbox 766 3994 916 4049; x_wconf 84' lang='lat' dir='ltr'>nobis</span> <span class='ocrx_word' id='word_1_330' title='bbox 941 4001 989 4049; x_wconf 91' lang='lat' dir='ltr'>et</span> <span class='ocrx_word' id='word_1_331' title='bbox 1020 3994 1125 4048; x_wconf 84' lang='lat' dir='ltr'>tibi</span> <span class='ocrx_word' id='word_1_332' title='bbox 1151 3994 1374 4064; x_wconf 81' lang='lat' dir='ltr'>(Matth.</span> <span class='ocrx_word' id='word_1_333' title='bbox 1406 4011 1523 4058; x_wconf 87' lang='lat' dir='ltr'>vm,</span> <span class='ocrx_word' id='word_1_334' title='bbox 1552 3997 1641 4065; x_wconf 83' lang='lat'>29)</span> <span class='ocrx_word' id='word_1_335' title='bbox 1663 3994 1690 4049; x_wconf 82' lang='lat'><strong>?</strong></span> <span class='ocrx_word' id='word_1_336' title='bbox 1740 4000 1796 4050; x_wconf 90' lang='lat' dir='ltr'>et</span> <span class='ocrx_word' id='word_1_337' title='bbox 1821 4009 1905 4048; x_wconf 57' lang='lat' dir='ltr'>re.</span> 
     </span>
    </p>
   </div>
   <div class='ocr_carea' id='block_1_45' title="bbox 250 4082 1903 4160">
    <p class='ocr_par' dir='ltr' id='par_1_45' title="bbox 250 4082 1903 4160">
     <span class='ocr_line' id='line_1_45' title="bbox 250 4082 1903 4160; baseline -0.002 -18"><span class='ocrx_word' id='word_1_338' title='bbox 250 4087 648 4160; x_wconf 87' lang='lat' dir='ltr'>pellebantur.</span> <span class='ocrx_word' id='word_1_339' title='bbox 673 4083 1069 4149; x_wconf 85' lang='lat' dir='ltr'>Confitemini,</span> <span class='ocrx_word' id='word_1_340' title='bbox 1098 4084 1619 4154; x_wconf 87' lang='lat' dir='ltr'>etamplectimini.</span> <span class='ocrx_word' id='word_1_341' title='bbox 1638 4082 1720 4138; x_wconf 91' lang='lat' dir='ltr'>Illi</span> <span class='ocrx_word' id='word_1_342' title='bbox 1745 4083 1903 4139; x_wconf 91' lang='lat' dir='ltr'>enim</span> 
     </span>
    </p>
   </div>
   <div class='ocr_carea' id='block_1_46' title="bbox 251 4172 1903 4244">
    <p class='ocr_par' dir='ltr' id='par_1_46' title="bbox 251 4172 1903 4244">
     <span class='ocr_line' id='line_1_46' title="bbox 251 4172 1903 4244; baseline -0.002 -14"><span class='ocrx_word' id='word_1_343' title='bbox 251 4174 547 4231; x_wconf 87' lang='lat' dir='ltr'>timebant</span> <span class='ocrx_word' id='word_1_344' title='bbox 576 4173 651 4228; x_wconf 92' lang='lat' dir='ltr'>de</span> <span class='ocrx_word' id='word_1_345' title='bbox 690 4172 1103 4244; x_wconf 86' lang='lat' dir='ltr'>iniquitatibus</span> <span class='ocrx_word' id='word_1_346' title='bbox 1146 4174 1271 4227; x_wconf 87' lang='lat' dir='ltr'>suis</span> <span class='ocrx_word' id='word_1_347' title='bbox 1304 4192 1315 4237; x_wconf 86' lang='lat'><strong>;</strong></span> <span class='ocrx_word' id='word_1_348' title='bbox 1346 4188 1451 4227; x_wconf 90' lang='lat' dir='ltr'>vos</span> <span class='ocrx_word' id='word_1_349' title='bbox 1482 4179 1677 4227; x_wconf 89' lang='lat' dir='ltr'>amate</span> <span class='ocrx_word' id='word_1_350' title='bbox 1703 4172 1903 4227; x_wconf 90' lang='lat' dir='ltr'>dimis-</span> 
     </span>
    </p>
   </div>
   <div class='ocr_carea' id='block_1_47' title="bbox 250 4260 1906 4334">
    <p class='ocr_par' dir='ltr' id='par_1_47' title="bbox 250 4260 1906 4334">
     <span class='ocr_line' id='line_1_47' title="bbox 250 4260 1906 4334; baseline -0.002 -15"><span class='ocrx_word' id='word_1_351' title='bbox 250 4279 451 4319; x_wconf 84' lang='lat' dir='ltr'>sorem</span> <span class='ocrx_word' id='word_1_352' title='bbox 486 4261 870 4334; x_wconf 90' lang='lat' dir='ltr'>iniquitatum</span> <span class='ocrx_word' id='word_1_353' title='bbox 904 4260 1720 4333; x_wconf 90' lang='lat' dir='ltr'>vestrarum.Sedquomodo</span> <span class='ocrx_word' id='word_1_354' title='bbox 1747 4266 1906 4331; x_wconf 87' lang='lat' dir='ltr'>pote-</span> 
     </span>
    </p>
   </div>
   <div class='ocr_carea' id='block_1_48' title="bbox 250 4350 1906 4416">
    <p class='ocr_par' dir='ltr' id='par_1_48' title="bbox 250 4350 1906 4416">
     <span class='ocr_line' id='line_1_48' title="bbox 250 4350 1906 4416; baseline -0.002 -7"><span class='ocrx_word' id='word_1_355' title='bbox 250 4354 442 4409; x_wconf 80' lang='lat' dir='ltr'>rimus</span> <span class='ocrx_word' id='word_1_356' title='bbox 475 4367 679 4407; x_wconf 89' lang='lat' dir='ltr'>amare</span> <span class='ocrx_word' id='word_1_357' title='bbox 718 4350 927 4416; x_wconf 90' lang='lat' dir='ltr'>Deum,</span> <span class='ocrx_word' id='word_1_358' title='bbox 964 4350 1012 4405; x_wconf 90' lang='lat' dir='ltr'>si</span> <span class='ocrx_word' id='word_1_359' title='bbox 1042 4366 1321 4406; x_wconf 90' lang='lat' dir='ltr'>amamus</span> <span class='ocrx_word' id='word_1_360' title='bbox 1354 4350 1650 4405; x_wconf 90' lang='lat' dir='ltr'>mundum</span> <span class='ocrx_word' id='word_1_361' title='bbox 1681 4351 1709 4406; x_wconf 73' lang='lat' dir='ltr'>‘l</span> <span class='ocrx_word' id='word_1_362' title='bbox 1737 4353 1906 4405; x_wconf 87' lang='lat' dir='ltr'>Parat</span> 
     </span>
    </p>
   </div>
   <div class='ocr_carea' id='block_1_49' title="bbox 251 4439 1905 4509">
    <p class='ocr_par' dir='ltr' id='par_1_49' title="bbox 251 4439 1905 4509">
     <span class='ocr_line' id='line_1_49' title="bbox 251 4439 1905 4509; baseline -0.003 -13"><span class='ocrx_word' id='word_1_363' title='bbox 251 4456 365 4496; x_wconf 90' lang='lat' dir='ltr'>nos</span> <span class='ocrx_word' id='word_1_364' title='bbox 396 4455 540 4509; x_wconf 88' lang='lat' dir='ltr'>ergo</span> <span class='ocrx_word' id='word_1_365' title='bbox 581 4439 900 4495; x_wconf 90' lang='lat' dir='ltr'>inhabitari</span> <span class='ocrx_word' id='word_1_366' title='bbox 930 4439 1274 4494; x_wconf 64' lang='lat' dir='ltr'>charitate‘.</span> <span class='ocrx_word' id='word_1_367' title='bbox 1323 4439 1446 4493; x_wconf 90' lang='lat' dir='ltr'>Duo</span> <span class='ocrx_word' id='word_1_368' title='bbox 1482 4444 1620 4493; x_wconf 89' lang='lat' dir='ltr'>sunt</span> <span class='ocrx_word' id='word_1_369' title='bbox 1648 4453 1905 4504; x_wconf 91' lang='lat' dir='ltr'>amores,</span> 
     </span>
    </p>
   </div>
   <div class='ocr_carea' id='block_1_50' title="bbox 253 4527 1910 4599">
    <p class='ocr_par' dir='ltr' id='par_1_50' title="bbox 253 4527 1910 4599">
     <span class='ocr_line' id='line_1_50' title="bbox 253 4527 1910 4599; baseline -0.001 -14"><span class='ocrx_word' id='word_1_370' title='bbox 253 4530 467 4585; x_wconf 88' lang='lat' dir='ltr'>mundi</span> <span class='ocrx_word' id='word_1_371' title='bbox 500 4534 557 4585; x_wconf 86' lang='lat' dir='ltr'>et</span> <span class='ocrx_word' id='word_1_372' title='bbox 590 4529 688 4583; x_wconf 90' lang='lat' dir='ltr'>Dei</span> <span class='ocrx_word' id='word_1_373' title='bbox 718 4545 729 4582; x_wconf 89' lang='lat'>:</span> <span class='ocrx_word' id='word_1_374' title='bbox 762 4529 810 4583; x_wconf 91' lang='lat' dir='ltr'>si</span> <span class='ocrx_word' id='word_1_375' title='bbox 844 4528 1051 4583; x_wconf 89' lang='lat' dir='ltr'>mundi</span> <span class='ocrx_word' id='word_1_376' title='bbox 1082 4543 1252 4583; x_wconf 91' lang='lat' dir='ltr'>amor</span> <span class='ocrx_word' id='word_1_377' title='bbox 1273 4527 1517 4593; x_wconf 90' lang='lat' dir='ltr'>habitet,</span> <span class='ocrx_word' id='word_1_378' title='bbox 1538 4535 1760 4582; x_wconf 90' lang='lat' dir='ltr'>nonest</span> <span class='ocrx_word' id='word_1_379' title='bbox 1788 4543 1910 4599; x_wconf 88' lang='lat' dir='ltr'>qua</span> 
     </span>
    </p>
   </div>
   <div class='ocr_carea' id='block_1_51' title="bbox 251 4616 1911 4681">
    <p class='ocr_par' dir='ltr' id='par_1_51' title="bbox 251 4616 1911 4681">
     <span class='ocr_line' id='line_1_51' title="bbox 251 4616 1911 4681; baseline -0.002 -6"><span class='ocrx_word' id='word_1_380' title='bbox 251 4620 434 4675; x_wconf 87' lang='lat' dir='ltr'>intret</span> <span class='ocrx_word' id='word_1_381' title='bbox 462 4633 635 4673; x_wconf 87' lang='lat' dir='ltr'>amor</span> <span class='ocrx_word' id='word_1_382' title='bbox 670 4618 766 4673; x_wconf 87' lang='lat' dir='ltr'>Dei</span> <span class='ocrx_word' id='word_1_383' title='bbox 801 4635 813 4673; x_wconf 92' lang='lat'><strong>:</strong></span> <span class='ocrx_word' id='word_1_384' title='bbox 847 4617 1084 4672; x_wconf 86' lang='lat' dir='ltr'>recedat</span> <span class='ocrx_word' id='word_1_385' title='bbox 1122 4632 1292 4672; x_wconf 90' lang='lat' dir='ltr'>amor</span> <span class='ocrx_word' id='word_1_386' title='bbox 1338 4616 1565 4681; x_wconf 90' lang='lat' dir='ltr'>mundi,</span> <span class='ocrx_word' id='word_1_387' title='bbox 1602 4622 1657 4672; x_wconf 91' lang='lat' dir='ltr'>et</span> <span class='ocrx_word' id='word_1_388' title='bbox 1686 4616 1911 4672; x_wconf 83' lang='lat' dir='ltr'>habitet</span> 
     </span>
    </p>
   </div>
   <div class='ocr_carea' id='block_1_52' title="bbox 252 4705 1907 4777">
    <p class='ocr_par' dir='ltr' id='par_1_52' title="bbox 252 4705 1907 4777">
     <span class='ocr_line' id='line_1_52' title="bbox 252 4705 1907 4777; baseline -0.004 -13"><span class='ocrx_word' id='word_1_389' title='bbox 252 4709 353 4764; x_wconf 90' lang='lat' dir='ltr'>Dei</span> <span class='ocrx_word' id='word_1_390' title='bbox 385 4705 1415 4777; x_wconf 79' lang='lat' dir='ltr'>;melioraccipiatlocum.Amabas</span> <span class='ocrx_word' id='word_1_391' title='bbox 1434 4705 1753 4771; x_wconf 90' lang='lat' dir='ltr'>mundum,</span> <span class='ocrx_word' id='word_1_392' title='bbox 1787 4705 1907 4761; x_wconf 91' lang='lat' dir='ltr'>noli</span> 
     </span>
    </p>
   </div>
   <div class='ocr_carea' id='block_1_53' title="bbox 247 4795 1911 4855">
    <p class='ocr_par' dir='ltr' id='par_1_53' title="bbox 247 4795 1911 4855">
     <span class='ocr_line' id='line_1_53' title="bbox 247 4795 1911 4855; baseline -0.002 -2"><span class='ocrx_word' id='word_1_393' title='bbox 247 4813 458 4855; x_wconf 86' lang='lat' dir='ltr'>amare</span> <span class='ocrx_word' id='word_1_394' title='bbox 488 4796 787 4852; x_wconf 89' lang='lat' dir='ltr'>mundum</span> <span class='ocrx_word' id='word_1_395' title='bbox 818 4812 831 4850; x_wconf 94' lang='lat'>:</span> <span class='ocrx_word' id='word_1_396' title='bbox 866 4811 1002 4850; x_wconf 88' lang='lat' dir='ltr'>cum</span> <span class='ocrx_word' id='word_1_397' title='bbox 1028 4795 1374 4850; x_wconf 86' lang='lat' dir='ltr'>exhauseris</span> <span class='ocrx_word' id='word_1_398' title='bbox 1398 4810 1497 4849; x_wconf 88' lang='lat' dir='ltr'>cor</span> <span class='ocrx_word' id='word_1_399' title='bbox 1520 4800 1688 4850; x_wconf 91' lang='lat' dir='ltr'>tuum</span> <span class='ocrx_word' id='word_1_400' title='bbox 1704 4809 1911 4849; x_wconf 88' lang='lat' dir='ltr'>amore</span> 
     </span>
    </p>
   </div>
   <div class='ocr_carea' id='block_1_54' title="bbox 250 4882 1912 4956">
    <p class='ocr_par' dir='ltr' id='par_1_54' title="bbox 250 4882 1912 4956">
     <span class='ocr_line' id='line_1_54' title="bbox 250 4882 1912 4956; baseline -0.003 -14"><span class='ocrx_word' id='word_1_401' title='bbox 250 4886 1057 4949; x_wconf 85' lang='lat' dir='ltr'>terreno,hauriesamorem</span> <span class='ocrx_word' id='word_1_402' title='bbox 1083 4883 1389 4950; x_wconf 86' lang='lat' dir='ltr'>divinum;</span> <span class='ocrx_word' id='word_1_403' title='bbox 1421 4891 1477 4939; x_wconf 90' lang='lat' dir='ltr'>et</span> <span class='ocrx_word' id='word_1_404' title='bbox 1506 4884 1710 4956; x_wconf 87' lang='lat' dir='ltr'>incipit</span> <span class='ocrx_word' id='word_1_405' title='bbox 1744 4882 1912 4939; x_wconf 90' lang='lat' dir='ltr'>habi-</span> 
     </span>
    </p>
   </div>
   <div class='ocr_carea' id='block_1_55' title="bbox 250 4964 1908 5046">
    <p class='ocr_par' dir='ltr' id='par_1_55' title="bbox 250 4964 1908 5046">
     <span class='ocr_line' id='line_1_55' title="bbox 250 4964 1908 5046; baseline -0.003 -14"><span class='ocrx_word' id='word_1_406' title='bbox 250 4982 376 5033; x_wconf 86' lang='lat' dir='ltr'>tare</span> <span class='ocrx_word' id='word_1_407' title='bbox 385 4976 518 5046; x_wconf 89' lang='lat' dir='ltr'>jam</span> <span class='ocrx_word' id='word_1_408' title='bbox 533 4973 895 5039; x_wconf 89' lang='lat' dir='ltr'>charitas,de</span> <span class='ocrx_word' id='word_1_409' title='bbox 912 4988 1035 5044; x_wconf 89' lang='lat' dir='ltr'>qua</span> <span class='ocrx_word' id='word_1_410' title='bbox 1049 4964 1191 5027; x_wconf 85' lang='lat' dir='ltr'>nihil</span> <span class='ocrx_word' id='word_1_411' title='bbox 1209 4973 1347 5029; x_wconf 89' lang='lat' dir='ltr'>mali</span> <span class='ocrx_word' id='word_1_412' title='bbox 1363 4978 1551 5044; x_wconf 90' lang='lat' dir='ltr'>potest</span> <span class='ocrx_word' id='word_1_413' title='bbox 1566 4974 1908 5045; x_wconf 90' lang='lat' dir='ltr'>procedere.</span> 
     </span>
    </p>
   </div>
   <div class='ocr_carea' id='block_1_56' title="bbox 252 5061 1914 5134">
    <p class='ocr_par' dir='ltr' id='par_1_56' title="bbox 252 5061 1914 5134">
     <span class='ocr_line' id='line_1_56' title="bbox 252 5061 1914 5134; baseline -0.004 -13"><span class='ocrx_word' id='word_1_414' title='bbox 252 5065 473 5121; x_wconf 80' lang='lat' dir='ltr'>Audite</span> <span class='ocrx_word' id='word_1_415' title='bbox 485 5061 1142 5134; x_wconf 82' lang='lat' dir='ltr'>ergoverbapurgantis</span> <span class='ocrx_word' id='word_1_416' title='bbox 1158 5062 1357 5118; x_wconf 91' lang='lat' dir='ltr'>modo.</span> <span class='ocrx_word' id='word_1_417' title='bbox 1390 5063 1567 5127; x_wconf 90' lang='lat' dir='ltr'>Quasi</span> <span class='ocrx_word' id='word_1_418' title='bbox 1589 5078 1801 5132; x_wconf 89' lang='lat' dir='ltr'>agrum</span> <span class='ocrx_word' id='word_1_419' title='bbox 1828 5062 1914 5116; x_wconf 87' lang='lat' dir='ltr'>in-</span> 
     </span>
    </p>
   </div>
   <div class='ocr_carea' id='block_1_57' title="bbox 254 5150 1912 5222">
    <p class='ocr_par' dir='ltr' id='par_1_57' title="bbox 254 5150 1912 5222">
     <span class='ocr_line' id='line_1_57' title="bbox 254 5150 1912 5222; baseline -0.004 -12"><span class='ocrx_word' id='word_1_420' title='bbox 254 5151 976 5211; x_wconf 87' lang='lat' dir='ltr'>venitcordahominnm:</span> <span class='ocrx_word' id='word_1_421' title='bbox 1011 5152 1115 5205; x_wconf 90' lang='lat' dir='ltr'>sed</span> <span class='ocrx_word' id='word_1_422' title='bbox 1142 5150 1451 5222; x_wconf 91' lang='lat' dir='ltr'>quomodo</span> <span class='ocrx_word' id='word_1_423' title='bbox 1491 5151 1715 5206; x_wconf 89' lang='lat' dir='ltr'>invenit</span> <span class='ocrx_word' id='word_1_424' title='bbox 1746 5150 1772 5205; x_wconf 59' lang='grc' dir='ltr'><em>δί</em></span> <span class='ocrx_word' id='word_1_425' title='bbox 1806 5150 1912 5206; x_wconf 92' lang='lat' dir='ltr'>Sil-</span> 
     </span>
    </p>
   </div>
   <div class='ocr_carea' id='block_1_58' title="bbox 256 5238 1917 5311">
    <p class='ocr_par' dir='ltr' id='par_1_58' title="bbox 256 5238 1917 5311">
     <span class='ocr_line' id='line_1_58' title="bbox 256 5238 1917 5311; baseline -0.003 -11"><span class='ocrx_word' id='word_1_426' title='bbox 256 5259 395 5300; x_wconf 86' lang='lat' dir='ltr'>vam</span> <span class='ocrx_word' id='word_1_427' title='bbox 439 5242 690 5305; x_wconf 87' lang='lat' dir='ltr'>invenit,</span> <span class='ocrx_word' id='word_1_428' title='bbox 716 5239 1042 5311; x_wconf 82' lang='lat' dir='ltr'>exstirpat;</span> <span class='ocrx_word' id='word_1_429' title='bbox 1079 5238 1124 5293; x_wconf 94' lang='lat' dir='ltr'>si</span> <span class='ocrx_word' id='word_1_430' title='bbox 1148 5254 1359 5309; x_wconf 90' lang='lat' dir='ltr'>agrum</span> <span class='ocrx_word' id='word_1_431' title='bbox 1392 5245 1711 5310; x_wconf 84' lang='lat' dir='ltr'>purgatum</span> <span class='ocrx_word' id='word_1_432' title='bbox 1746 5239 1917 5295; x_wconf 91' lang='lat' dir='ltr'>inve-</span> 
     </span>
    </p>
   </div>
   <div class='ocr_carea' id='block_1_59' title="bbox 320 5436 1915 5500">
    <p class='ocr_par' dir='ltr' id='par_1_59' title="bbox 320 5436 1915 5500">
     <span class='ocr_line' id='line_1_59' title="bbox 320 5436 1915 5500; baseline -0.004 -9"><span class='ocrx_word' id='word_1_433' title='bbox 320 5446 333 5472; x_wconf 87' lang='grc'>¹</span> <span class='ocrx_word' id='word_1_434' title='bbox 368 5441 455 5491; x_wconf 84' lang='lat' dir='ltr'>Er.</span> <span class='ocrx_word' id='word_1_435' title='bbox 488 5455 501 5485; x_wconf 88' lang='lat'>:</span> <span class='ocrx_word' id='word_1_436' title='bbox 528 5437 624 5487; x_wconf 88' lang='lat' dir='ltr'>Sed</span> <span class='ocrx_word' id='word_1_437' title='bbox 658 5436 906 5500; x_wconf 87' lang='lat' dir='ltr'>quomodo</span> <span class='ocrx_word' id='word_1_438' title='bbox 932 5437 1213 5497; x_wconf 83' lang='lat' dir='ltr'>poterimus</span> <span class='ocrx_word' id='word_1_439' title='bbox 1233 5436 1599 5493; x_wconf 87' lang='lat' dir='ltr'>amareDeum,</span> <span class='ocrx_word' id='word_1_440' title='bbox 1622 5438 1668 5484; x_wconf 87' lang='lat' dir='ltr'>si</span> <span class='ocrx_word' id='word_1_441' title='bbox 1697 5450 1915 5484; x_wconf 55' lang='lat' dir='ltr'>amarius</span> 
     </span>
    </p>
   </div>
   <div class='ocr_carea' id='block_1_60' title="bbox 258 5500 1919 5559">
    <p class='ocr_par' dir='ltr' id='par_1_60' title="bbox 258 5500 1919 5559">
     <span class='ocr_line' id='line_1_60' title="bbox 258 5500 1919 5559; baseline -0.005 -5"><span class='ocrx_word' id='word_1_442' title='bbox 258 5505 513 5554; x_wconf 82' lang='lat' dir='ltr'>mundum</span> <span class='ocrx_word' id='word_1_443' title='bbox 538 5502 565 5549; x_wconf 73' lang='lat'><strong><em>7</em></strong></span> <span class='ocrx_word' id='word_1_444' title='bbox 582 5500 645 5550; x_wconf 87' lang='lat' dir='ltr'>Si</span> <span class='ocrx_word' id='word_1_445' title='bbox 689 5514 919 5548; x_wconf 86' lang='lat' dir='ltr'>amamus</span> <span class='ocrx_word' id='word_1_446' title='bbox 963 5500 1226 5555; x_wconf 85' lang='lat' dir='ltr'>mundum,</span> <span class='ocrx_word' id='word_1_447' title='bbox 1254 5504 1459 5559; x_wconf 83' lang='lat' dir='ltr'>separat</span> <span class='ocrx_word' id='word_1_448' title='bbox 1484 5513 1574 5546; x_wconf 89' lang='lat' dir='ltr'>nos</span> <span class='ocrx_word' id='word_1_449' title='bbox 1611 5514 1641 5546; x_wconf 92' lang='lat' dir='ltr'>a</span> <span class='ocrx_word' id='word_1_450' title='bbox 1668 5500 1919 5547; x_wconf 85' lang='lat' dir='ltr'>eharitate</span> 
     </span>
    </p>
   </div>
   <div class='ocr_carea' id='block_1_61' title="bbox 260 5561 1917 5628">
    <p class='ocr_par' dir='ltr' id='par_1_61' title="bbox 260 5561 1917 5628">
     <span class='ocr_line' id='line_1_61' title="bbox 260 5561 1917 5628; baseline -0.005 -11"><span class='ocrx_word' id='word_1_451' title='bbox 260 5568 375 5617; x_wconf 87' lang='lat' dir='ltr'>Dei.</span> <span class='ocrx_word' id='word_1_452' title='bbox 412 5564 607 5628; x_wconf 87' lang='lat' dir='ltr'>Lugd.,</span> <span class='ocrx_word' id='word_1_453' title='bbox 643 5564 688 5611; x_wconf 89' lang='lat' dir='ltr'>si</span> <span class='ocrx_word' id='word_1_454' title='bbox 720 5576 951 5628; x_wconf 79' lang='lat' dir='ltr'>amamus</span> <span class='ocrx_word' id='word_1_455' title='bbox 986 5562 1231 5628; x_wconf 45' lang='lat' dir='ltr'>[nandum</span> <span class='ocrx_word' id='word_1_456' title='bbox 1259 5562 1284 5608; x_wconf 73' lang='lat'><strong><em>?</em></strong></span> <span class='ocrx_word' id='word_1_457' title='bbox 1310 5561 1372 5612; x_wconf 87' lang='lat' dir='ltr'>Si</span> <span class='ocrx_word' id='word_1_458' title='bbox 1401 5564 1917 5628; x_wconf 71' lang='lat' dir='ltr'>amamus-mundum,</span> 
     </span>
    </p>
   </div>
   <div class='ocr_carea' id='block_1_62' title="bbox 258 5624 1921 5693">
    <p class='ocr_par' dir='ltr' id='par_1_62' title="bbox 258 5624 1921 5693">
     <span class='ocr_line' id='line_1_62' title="bbox 258 5624 1921 5693; baseline -0.004 -14"><span class='ocrx_word' id='word_1_459' title='bbox 258 5634 468 5693; x_wconf 83' lang='lat' dir='ltr'>separat</span> <span class='ocrx_word' id='word_1_460' title='bbox 490 5624 587 5676; x_wconf 61' lang='lat' dir='ltr'>nos</span> <span class='ocrx_word' id='word_1_461' title='bbox 619 5625 938 5693; x_wconf 73' lang='lat' dir='ltr'>a_charitate</span> <span class='ocrx_word' id='word_1_462' title='bbox 972 5624 1085 5673; x_wconf 89' lang='lat' dir='ltr'>Dei.</span> <span class='ocrx_word' id='word_1_463' title='bbox 1121 5626 1286 5673; x_wconf 89' lang='lat' dir='ltr'>Parat</span> <span class='ocrx_word' id='word_1_464' title='bbox 1328 5638 1419 5672; x_wconf 92' lang='lat' dir='ltr'>nos</span> <span class='ocrx_word' id='word_1_465' title='bbox 1457 5638 1575 5687; x_wconf 91' lang='lat' dir='ltr'>ergo</span> <span class='ocrx_word' id='word_1_466' title='bbox 1621 5624 1921 5673; x_wconf 81' lang='lat' dir='ltr'>inhabitare</span> 
     </span>
    </p>
   </div>
   <div class='ocr_carea' id='block_1_63' title="bbox 260 5689 693 5745">
    <p class='ocr_par' dir='ltr' id='par_1_63' title="bbox 260 5689 693 5745">
     <span class='ocr_line' id='line_1_63' title="bbox 260 5689 693 5745; baseline -0.021 -1"><span class='ocrx_word' id='word_1_467' title='bbox 260 5689 585 5745; x_wconf 64' lang='lat' dir='ltr'>siiaritatem.</span> <span class='ocrx_word' id='word_1_468' title='bbox 626 5689 693 5737; x_wconf 77' lang='grc' dir='ltr'>Μ.</span> 
     </span>
    </p>
   </div>
   <div class='ocr_carea' id='block_1_64' title="bbox 324 5749 1553 5823">
    <p class='ocr_par' dir='ltr' id='par_1_64' title="bbox 324 5749 1553 5823">
     <span class='ocr_line' id='line_1_64' title="bbox 324 5749 1553 5823; baseline -0.006 -15"><span class='ocrx_word' id='word_1_469' title='bbox 324 5757 396 5823; x_wconf 71' lang='lat' dir='ltr'>te)</span> <span class='ocrx_word' id='word_1_470' title='bbox 432 5754 556 5806; x_wconf 80' lang='lat' dir='ltr'>Non</span> <span class='ocrx_word' id='word_1_471' title='bbox 577 5751 777 5816; x_wconf 84' lang='lat' dir='ltr'>repetit</span> <span class='ocrx_word' id='word_1_472' title='bbox 802 5750 859 5800; x_wconf 86' lang='lat' dir='ltr'>in</span> <span class='ocrx_word' id='word_1_473' title='bbox 877 5749 1127 5814; x_wconf 85' lang='lat' dir='ltr'>Vulgata,</span> <span class='ocrx_word' id='word_1_474' title='bbox 1160 5761 1261 5803; x_wconf 85' lang='lat' dir='ltr'>nec</span> <span class='ocrx_word' id='word_1_475' title='bbox 1277 5749 1335 5803; x_wconf 86' lang='lat' dir='ltr'>in</span> <span class='ocrx_word' id='word_1_476' title='bbox 1356 5762 1553 5816; x_wconf 69' lang='lat' dir='ltr'>graeco.</span> 
     </span>
    </p>
   </div>
   <div class='ocr_carea' id='block_1_65' title="bbox 554 5839 1063 5902">
    <p class='ocr_par' dir='ltr' id='par_1_65' title="bbox 554 5839 1063 5902">
     <span class='ocr_line' id='line_1_65' title="bbox 554 5839 1063 5902; baseline -0.01 -1"><span class='ocrx_word' id='word_1_477' title='bbox 554 5842 801 5902; x_wconf 56' lang='lat' dir='ltr'>Peraea.</span> <span class='ocrx_word' id='word_1_478' title='bbox 830 5839 1063 5901; x_wconf 67' lang='lat' dir='ltr'><strong>XXXV.</strong></span> 
     </span>
    </p>
   </div>
   <div class='ocr_carea' id='block_1_66' title="bbox 1488 210 2399 281">
    <p class='ocr_par' dir='ltr' id='par_1_66' title="bbox 1488 210 2399 281">
     <span class='ocr_line' id='line_1_66' title="bbox 1488 210 2399 281; baseline 0.01 -10"><span class='ocrx_word' id='word_1_479' title='bbox 1488 210 1910 272; x_wconf 80' lang='lat' dir='ltr'>TRACTA&#39;I‘US</span> <span class='ocrx_word' id='word_1_480' title='bbox 1950 216 2012 271; x_wconf 89' lang='lat' dir='ltr'>ll.</span> <span class='ocrx_word' id='word_1_481' title='bbox 2054 216 2283 277; x_wconf 86' lang='lat' dir='ltr'>CAPUT</span> <span class='ocrx_word' id='word_1_482' title='bbox 2324 225 2399 281; x_wconf 90' lang='grc'>11.</span> 
     </span>
    </p>
   </div>
   <div class='ocr_carea' id='block_1_67' title="bbox 3506 232 3645 290">
    <p class='ocr_par' dir='ltr' id='par_1_67' title="bbox 3506 232 3645 290">
     <span class='ocr_line' id='line_1_67' title="bbox 3506 232 3645 290; baseline 0 0"><span class='ocrx_word' id='word_1_483' title='bbox 3506 232 3645 290; x_wconf 64' lang='grc'>1994</span> 
     </span>
    </p>
   </div>
   <div class='ocr_carea' id='block_1_68' title="bbox 1999 344 3641 420">
    <p class='ocr_par' dir='ltr' id='par_1_68' title="bbox 1999 344 3641 420">
     <span class='ocr_line' id='line_1_68' title="bbox 1999 344 3641 420; baseline 0.013 -23"><span class='ocrx_word' id='word_1_484' title='bbox 1999 344 2101 410; x_wconf 89' lang='lat' dir='ltr'>nit,</span> <span class='ocrx_word' id='word_1_485' title='bbox 2135 346 2383 416; x_wconf 89' lang='lat' dir='ltr'>plantat.</span> <span class='ocrx_word' id='word_1_486' title='bbox 2421 350 2686 407; x_wconf 82' lang='lat' dir='ltr'>Plantare</span> <span class='ocrx_word' id='word_1_487' title='bbox 2717 353 3249 420; x_wconf 88' lang='lat' dir='ltr'>ibivultarborem,</span> <span class='ocrx_word' id='word_1_488' title='bbox 3272 358 3641 418; x_wconf 83' lang='lat' dir='ltr'>charitatem.</span> 
     </span>
    </p>
   </div>
   <div class='ocr_carea' id='block_1_69' title="bbox 2000 435 3644 514">
    <p class='ocr_par' dir='ltr' id='par_1_69' title="bbox 2000 435 3644 514">
     <span class='ocr_line' id='line_1_69' title="bbox 2000 435 3644 514; baseline 0.012 -27"><span class='ocrx_word' id='word_1_489' title='bbox 2000 435 2065 487; x_wconf 83' lang='lat' dir='ltr'>Et</span> <span class='ocrx_word' id='word_1_490' title='bbox 2112 451 2296 506; x_wconf 85' lang='lat' dir='ltr'>quam</span> <span class='ocrx_word' id='word_1_491' title='bbox 2330 440 2539 495; x_wconf 90' lang='lat' dir='ltr'>silvam</span> <span class='ocrx_word' id='word_1_492' title='bbox 2574 442 2689 496; x_wconf 84' lang='lat' dir='ltr'>vult</span> <span class='ocrx_word' id='word_1_493' title='bbox 2721 443 3087 514; x_wconf 79' lang='lat' dir='ltr'>exstirpare?</span> <span class='ocrx_word' id='word_1_494' title='bbox 3116 450 3390 501; x_wconf 84' lang='lat' dir='ltr'>Amorem</span> <span class='ocrx_word' id='word_1_495' title='bbox 3414 451 3644 509; x_wconf 89' lang='lat' dir='ltr'>mundi.</span> 
     </span>
    </p>
   </div>
   <div class='ocr_carea' id='block_1_70' title="bbox 1999 522 3643 603">
    <p class='ocr_par' dir='ltr' id='par_1_70' title="bbox 1999 522 3643 603">
     <span class='ocr_line' id='line_1_70' title="bbox 1999 522 3643 603; baseline 0.01 -29"><span class='ocrx_word' id='word_1_496' title='bbox 1999 522 2153 576; x_wconf 85' lang='lat' dir='ltr'>Audi</span> <span class='ocrx_word' id='word_1_497' title='bbox 2184 525 2632 597; x_wconf 87' lang='lat' dir='ltr'>exstirpatorem</span> <span class='ocrx_word' id='word_1_498' title='bbox 2667 528 2844 584; x_wconf 64' lang='lat' dir='ltr'>silvae.</span> <span class='ocrx_word' id='word_1_499' title='bbox 2877 530 3065 586; x_wconf 81' lang='lat' dir='ltr'>Nolite</span> <span class='ocrx_word' id='word_1_500' title='bbox 3104 532 3334 603; x_wconf 88' lang='lat' dir='ltr'>diligere</span> <span class='ocrx_word' id='word_1_501' title='bbox 3364 536 3643 601; x_wconf 85' lang='lat' dir='ltr'>mundum,</span> 
     </span>
    </p>
   </div>
   <div class='ocr_carea' id='block_1_71' title="bbox 1999 610 3651 696">
    <p class='ocr_par' dir='ltr' id='par_1_71' title="bbox 1999 610 3651 696">
     <span class='ocr_line' id='line_1_71' title="bbox 1999 610 3651 696; baseline 0.008 -31"><span class='ocrx_word' id='word_1_502' title='bbox 1999 610 2111 665; x_wconf 90' lang='lat' dir='ltr'>hoc</span> <span class='ocrx_word' id='word_1_503' title='bbox 2127 612 2289 669; x_wconf 91' lang='lat' dir='ltr'>enim</span> <span class='ocrx_word' id='word_1_504' title='bbox 2316 616 2603 687; x_wconf 84' lang='lat' dir='ltr'>sequitur,</span> <span class='ocrx_word' id='word_1_505' title='bbox 2618 634 2784 688; x_wconf 88' lang='lat' dir='ltr'>neque</span> <span class='ocrx_word' id='word_1_506' title='bbox 2803 636 2863 672; x_wconf 89' lang='lat' dir='ltr'>ea</span> <span class='ocrx_word' id='word_1_507' title='bbox 2879 637 2995 689; x_wconf 71' lang='lat' dir='ltr'>quae</span> <span class='ocrx_word' id='word_1_508' title='bbox 3011 629 3133 675; x_wconf 91' lang='lat' dir='ltr'>sunt</span> <span class='ocrx_word' id='word_1_509' title='bbox 3150 622 3207 675; x_wconf 88' lang='lat' dir='ltr'>in</span> <span class='ocrx_word' id='word_1_510' title='bbox 3230 624 3444 678; x_wconf 85' lang='lat' dir='ltr'>mundo.</span> <span class='ocrx_word' id='word_1_511' title='bbox 3460 626 3651 696; x_wconf 85' lang='lat' dir='ltr'>Siquis</span> 
     </span>
    </p>
   </div>
   <div class='ocr_carea' id='block_1_72' title="bbox 1996 699 3507 784">
    <p class='ocr_par' dir='ltr' id='par_1_72' title="bbox 1996 699 3507 784">
     <span class='ocr_line' id='line_1_72' title="bbox 1996 699 3507 784; baseline 0.012 -32"><span class='ocrx_word' id='word_1_512' title='bbox 1996 699 2253 755; x_wconf 77' lang='lat' dir='ltr'>dilexerit</span> <span class='ocrx_word' id='word_1_513' title='bbox 2280 704 2554 770; x_wconf 88' lang='lat' dir='ltr'>mundum,</span> <span class='ocrx_word' id='word_1_514' title='bbox 2583 706 2803 761; x_wconf 83' lang='lat' dir='ltr'>dilectio</span> <span class='ocrx_word' id='word_1_515' title='bbox 2830 708 3021 764; x_wconf 82' lang='lat' dir='ltr'>Patris</span> <span class='ocrx_word' id='word_1_516' title='bbox 3054 727 3155 765; x_wconf 87' lang='lat' dir='ltr'>non</span> <span class='ocrx_word' id='word_1_517' title='bbox 3188 720 3261 766; x_wconf 90' lang='lat' dir='ltr'>est</span> <span class='ocrx_word' id='word_1_518' title='bbox 3287 713 3342 766; x_wconf 86' lang='lat' dir='ltr'>in</span> <span class='ocrx_word' id='word_1_519' title='bbox 3376 714 3507 784; x_wconf 81' lang='lat' dir='ltr'>ipso.</span> 
     </span>
    </p>
   </div>
   <div class='ocr_carea' id='block_1_73' title="bbox 2070 791 3653 866">
    <p class='ocr_par' dir='ltr' id='par_1_73' title="bbox 2070 791 3653 866">
     <span class='ocr_line' id='line_1_73' title="bbox 2070 791 3653 866; baseline 0.009 -23"><span class='ocrx_word' id='word_1_520' title='bbox 2070 792 2123 844; x_wconf 89' lang='lat'>9.</span> <span class='ocrx_word' id='word_1_521' title='bbox 2144 791 2399 845; x_wconf 78' lang='lat' dir='ltr'>Audistis</span> <span class='ocrx_word' id='word_1_522' title='bbox 2416 794 2560 864; x_wconf 90' lang='lat' dir='ltr'>quia</span> <span class='ocrx_word' id='word_1_523' title='bbox 2592 794 2643 847; x_wconf 89' lang='lat' dir='ltr'>si</span> <span class='ocrx_word' id='word_1_524' title='bbox 2670 795 2795 863; x_wconf 86' lang='lat' dir='ltr'>quis</span> <span class='ocrx_word' id='word_1_525' title='bbox 2823 796 3081 851; x_wconf 74' lang='lat' dir='ltr'>dilexerit</span> <span class='ocrx_word' id='word_1_526' title='bbox 3126 799 3403 866; x_wconf 86' lang='lat' dir='ltr'>mundum,</span> <span class='ocrx_word' id='word_1_527' title='bbox 3437 801 3653 857; x_wconf 83' lang='lat' dir='ltr'>dilectio</span> 
     </span>
    </p>
   </div>
   <div class='ocr_carea' id='block_1_74' title="bbox 1998 876 3653 955">
    <p class='ocr_par' dir='ltr' id='par_1_74' title="bbox 1998 876 3653 955">
     <span class='ocr_line' id='line_1_74' title="bbox 1998 876 3653 955; baseline 0.01 -26"><span class='ocrx_word' id='word_1_528' title='bbox 1998 876 2189 931; x_wconf 83' lang='lat' dir='ltr'>Patris</span> <span class='ocrx_word' id='word_1_529' title='bbox 2215 896 2317 933; x_wconf 86' lang='lat' dir='ltr'>non</span> <span class='ocrx_word' id='word_1_530' title='bbox 2345 888 2421 934; x_wconf 90' lang='lat' dir='ltr'>est</span> <span class='ocrx_word' id='word_1_531' title='bbox 2450 881 2507 935; x_wconf 89' lang='lat' dir='ltr'>in</span> <span class='ocrx_word' id='word_1_532' title='bbox 2538 884 2669 952; x_wconf 85' lang='lat' dir='ltr'>ipso.</span> <span class='ocrx_word' id='word_1_533' title='bbox 2705 886 2782 938; x_wconf 88' lang='lat' dir='ltr'>Ne</span> <span class='ocrx_word' id='word_1_534' title='bbox 2796 885 2930 955; x_wconf 87' lang='lat' dir='ltr'>quis</span> <span class='ocrx_word' id='word_1_535' title='bbox 2944 886 3176 941; x_wconf 88' lang='lat' dir='ltr'>dicatid</span> <span class='ocrx_word' id='word_1_536' title='bbox 3205 888 3383 943; x_wconf 90' lang='lat' dir='ltr'>corde</span> <span class='ocrx_word' id='word_1_537' title='bbox 3422 907 3530 944; x_wconf 90' lang='lat' dir='ltr'>suo</span> <span class='ocrx_word' id='word_1_538' title='bbox 3548 890 3653 946; x_wconf 83' lang='lat' dir='ltr'>fal-</span> 
     </span>
    </p>
   </div>
   <div class='ocr_carea' id='block_1_75' title="bbox 2000 970 3653 1049">
    <p class='ocr_par' dir='ltr' id='par_1_75' title="bbox 2000 970 3653 1049">
     <span class='ocr_line' id='line_1_75' title="bbox 2000 970 3653 1049; baseline 0.009 -30"><span class='ocrx_word' id='word_1_539' title='bbox 2000 982 2132 1021; x_wconf 89' lang='lat' dir='ltr'>sum</span> <span class='ocrx_word' id='word_1_540' title='bbox 2161 983 2287 1024; x_wconf 89' lang='lat' dir='ltr'>esse</span> <span class='ocrx_word' id='word_1_541' title='bbox 2328 970 2460 1034; x_wconf 91' lang='lat' dir='ltr'>hoc,</span> <span class='ocrx_word' id='word_1_542' title='bbox 2499 970 2749 1027; x_wconf 87' lang='lat' dir='ltr'>fratres:</span> <span class='ocrx_word' id='word_1_543' title='bbox 2786 974 2940 1029; x_wconf 92' lang='lat' dir='ltr'>Deus</span> <span class='ocrx_word' id='word_1_544' title='bbox 2970 974 3130 1039; x_wconf 90' lang='lat' dir='ltr'>dicit,</span> <span class='ocrx_word' id='word_1_545' title='bbox 3168 992 3271 1047; x_wconf 91' lang='lat' dir='ltr'>per</span> <span class='ocrx_word' id='word_1_546' title='bbox 3306 980 3653 1049; x_wconf 81' lang='lat' dir='ltr'>Apostolum</span> 
     </span>
    </p>
   </div>
   <div class='ocr_carea' id='block_1_76' title="bbox 2000 1056 3651 1139">
    <p class='ocr_par' dir='ltr' id='par_1_76' title="bbox 2000 1056 3651 1139">
     <span class='ocr_line' id='line_1_76' title="bbox 2000 1056 3651 1139; baseline 0.007 -29"><span class='ocrx_word' id='word_1_547' title='bbox 2000 1056 2250 1125; x_wconf 89' lang='lat' dir='ltr'>Spiritus</span> <span class='ocrx_word' id='word_1_548' title='bbox 2284 1066 2525 1114; x_wconf 87' lang='lat' dir='ltr'>sanctus</span> <span class='ocrx_word' id='word_1_549' title='bbox 2561 1060 2795 1116; x_wconf 90' lang='lat' dir='ltr'>locutus</span> <span class='ocrx_word' id='word_1_550' title='bbox 2847 1068 2951 1125; x_wconf 91' lang='lat' dir='ltr'>est,</span> <span class='ocrx_word' id='word_1_551' title='bbox 2996 1064 3140 1119; x_wconf 91' lang='lat' dir='ltr'>nihil</span> <span class='ocrx_word' id='word_1_552' title='bbox 3189 1066 3411 1123; x_wconf 89' lang='lat' dir='ltr'>verius.</span> <span class='ocrx_word' id='word_1_553' title='bbox 3452 1067 3515 1121; x_wconf 89' lang='lat' dir='ltr'>Si</span> <span class='ocrx_word' id='word_1_554' title='bbox 3534 1069 3651 1139; x_wconf 88' lang='lat' dir='ltr'>quis</span> 
     </span>
    </p>
   </div>
   <div class='ocr_carea' id='block_1_77' title="bbox 1997 1143 3652 1227">
    <p class='ocr_par' dir='ltr' id='par_1_77' title="bbox 1997 1143 3652 1227">
     <span class='ocr_line' id='line_1_77' title="bbox 1997 1143 3652 1227; baseline 0.01 -30"><span class='ocrx_word' id='word_1_555' title='bbox 1997 1143 2255 1200; x_wconf 71' lang='lat' dir='ltr'>dilexerit</span> <span class='ocrx_word' id='word_1_556' title='bbox 2304 1148 2581 1214; x_wconf 88' lang='lat' dir='ltr'>mundum,</span> <span class='ocrx_word' id='word_1_557' title='bbox 2631 1150 2850 1206; x_wconf 84' lang='lat' dir='ltr'>dilectio</span> <span class='ocrx_word' id='word_1_558' title='bbox 2888 1152 3081 1207; x_wconf 86' lang='lat' dir='ltr'>Patrio</span> <span class='ocrx_word' id='word_1_559' title='bbox 3128 1170 3233 1208; x_wconf 86' lang='lat' dir='ltr'>non</span> <span class='ocrx_word' id='word_1_560' title='bbox 3278 1163 3350 1209; x_wconf 88' lang='lat' dir='ltr'>est</span> <span class='ocrx_word' id='word_1_561' title='bbox 3400 1157 3459 1210; x_wconf 88' lang='lat' dir='ltr'>in</span> <span class='ocrx_word' id='word_1_562' title='bbox 3518 1158 3652 1227; x_wconf 86' lang='lat' dir='ltr'>ipso.</span> 
     </span>
    </p>
   </div>
   <div class='ocr_carea' id='block_1_78' title="bbox 2000 1233 3649 1310">
    <p class='ocr_par' dir='ltr' id='par_1_78' title="bbox 2000 1233 3649 1310">
     <span class='ocr_line' id='line_1_78' title="bbox 2000 1233 3649 1310; baseline 0.009 -24"><span class='ocrx_word' id='word_1_563' title='bbox 2000 1233 2327 1290; x_wconf 86' lang='lat' dir='ltr'>Vishabere</span> <span class='ocrx_word' id='word_1_564' title='bbox 2358 1237 2739 1294; x_wconf 89' lang='lat' dir='ltr'>dilectionem</span> <span class='ocrx_word' id='word_1_565' title='bbox 2761 1241 2965 1310; x_wconf 83' lang='lat' dir='ltr'>Patris,</span> <span class='ocrx_word' id='word_1_566' title='bbox 3001 1247 3061 1297; x_wconf 87' lang='lat' dir='ltr'>ut</span> <span class='ocrx_word' id='word_1_567' title='bbox 3089 1243 3169 1296; x_wconf 86' lang='lat' dir='ltr'>sis</span> <span class='ocrx_word' id='word_1_568' title='bbox 3201 1243 3465 1299; x_wconf 72' lang='lat' dir='ltr'>cohaeres</span> <span class='ocrx_word' id='word_1_569' title='bbox 3496 1246 3649 1301; x_wconf 84' lang='lat' dir='ltr'>Filii?</span> 
     </span>
    </p>
   </div>
   <div class='ocr_carea' id='block_1_79' title="bbox 2002 1322 3650 1393">
    <p class='ocr_par' dir='ltr' id='par_1_79' title="bbox 2002 1322 3650 1393">
     <span class='ocr_line' id='line_1_79' title="bbox 2002 1322 3650 1393; baseline 0.009 -17"><span class='ocrx_word' id='word_1_570' title='bbox 2002 1322 2127 1377; x_wconf 87' lang='lat' dir='ltr'>Noli</span> <span class='ocrx_word' id='word_1_571' title='bbox 2154 1323 2397 1393; x_wconf 87' lang='lat' dir='ltr'>diligere</span> <span class='ocrx_word' id='word_1_572' title='bbox 2442 1327 2757 1382; x_wconf 91' lang='lat' dir='ltr'>mundum.</span> <span class='ocrx_word' id='word_1_573' title='bbox 2813 1329 3065 1384; x_wconf 85' lang='lat' dir='ltr'>Exclude</span> <span class='ocrx_word' id='word_1_574' title='bbox 3114 1332 3338 1387; x_wconf 89' lang='lat' dir='ltr'>malum</span> <span class='ocrx_word' id='word_1_575' title='bbox 3382 1350 3650 1391; x_wconf 87' lang='lat' dir='ltr'>amorem</span> 
     </span>
    </p>
   </div>
   <div class='ocr_carea' id='block_1_80' title="bbox 2004 1412 3646 1485">
    <p class='ocr_par' dir='ltr' id='par_1_80' title="bbox 2004 1412 3646 1485">
     <span class='ocr_line' id='line_1_80' title="bbox 2004 1412 3646 1485; baseline 0.007 -19"><span class='ocrx_word' id='word_1_576' title='bbox 2004 1412 2231 1481; x_wconf 91' lang='lat' dir='ltr'>mundi,</span> <span class='ocrx_word' id='word_1_577' title='bbox 2268 1420 2329 1468; x_wconf 90' lang='lat' dir='ltr'>ut</span> <span class='ocrx_word' id='word_1_578' title='bbox 2358 1414 2661 1485; x_wconf 91' lang='lat' dir='ltr'>implearis</span> <span class='ocrx_word' id='word_1_579' title='bbox 2694 1432 2898 1471; x_wconf 91' lang='lat' dir='ltr'>amore</span> <span class='ocrx_word' id='word_1_580' title='bbox 2924 1420 3046 1474; x_wconf 91' lang='lat' dir='ltr'>Dei.</span> <span class='ocrx_word' id='word_1_581' title='bbox 3069 1419 3182 1474; x_wconf 92' lang='lat' dir='ltr'>Vas</span> <span class='ocrx_word' id='word_1_582' title='bbox 3213 1436 3294 1485; x_wconf 92' lang='lat' dir='ltr'>es,</span> <span class='ocrx_word' id='word_1_583' title='bbox 3320 1422 3427 1475; x_wconf 88' lang='lat' dir='ltr'>sed</span> <span class='ocrx_word' id='word_1_584' title='bbox 3450 1423 3646 1477; x_wconf 86' lang='lat' dir='ltr'>adhuc</span> 
     </span>
    </p>
   </div>
   <div class='ocr_carea' id='block_1_81' title="bbox 2002 1500 3650 1581">
    <p class='ocr_par' dir='ltr' id='par_1_81' title="bbox 2002 1500 3650 1581">
     <span class='ocr_line' id='line_1_81' title="bbox 2002 1500 3650 1581; baseline 0.008 -27"><span class='ocrx_word' id='word_1_585' title='bbox 2002 1500 2215 1571; x_wconf 90' lang='lat' dir='ltr'>plenus</span> <span class='ocrx_word' id='word_1_586' title='bbox 2242 1518 2304 1557; x_wconf 92' lang='lat' dir='ltr'>es</span> <span class='ocrx_word' id='word_1_587' title='bbox 2337 1519 2351 1568; x_wconf 86' lang='lat'><strong>;</strong></span> <span class='ocrx_word' id='word_1_588' title='bbox 2386 1502 2739 1576; x_wconf 89' lang='lat' dir='ltr'>fundequod</span> <span class='ocrx_word' id='word_1_589' title='bbox 2754 1505 2961 1569; x_wconf 89' lang='lat' dir='ltr'>habes,</span> <span class='ocrx_word' id='word_1_590' title='bbox 2992 1512 3054 1561; x_wconf 89' lang='lat' dir='ltr'>ut</span> <span class='ocrx_word' id='word_1_591' title='bbox 3076 1507 3513 1581; x_wconf 90' lang='lat' dir='ltr'>accipiasquod</span> <span class='ocrx_word' id='word_1_592' title='bbox 3529 1527 3650 1566; x_wconf 90' lang='lat' dir='ltr'>non</span> 
     </span>
    </p>
   </div>
   <div class='ocr_carea' id='block_1_82' title="bbox 2000 1589 3650 1669">
    <p class='ocr_par' dir='ltr' id='par_1_82' title="bbox 2000 1589 3650 1669">
     <span class='ocr_line' id='line_1_82' title="bbox 2000 1589 3650 1669; baseline 0.006 -25"><span class='ocrx_word' id='word_1_593' title='bbox 2000 1589 2212 1647; x_wconf 90' lang='lat' dir='ltr'>habes.</span> <span class='ocrx_word' id='word_1_594' title='bbox 2247 1593 2410 1647; x_wconf 88' lang='lat' dir='ltr'>Certe</span> <span class='ocrx_word' id='word_1_595' title='bbox 2445 1592 2572 1662; x_wconf 89' lang='lat' dir='ltr'>jam</span> <span class='ocrx_word' id='word_1_596' title='bbox 2610 1595 2799 1649; x_wconf 76' lang='lat' dir='ltr'>renati</span> <span class='ocrx_word' id='word_1_597' title='bbox 2848 1600 2985 1649; x_wconf 88' lang='lat' dir='ltr'>sunt</span> <span class='ocrx_word' id='word_1_598' title='bbox 3037 1610 3107 1650; x_wconf 86' lang='lat' dir='ltr'>ex</span> <span class='ocrx_word' id='word_1_599' title='bbox 3140 1612 3301 1667; x_wconf 91' lang='lat' dir='ltr'>aqua</span> <span class='ocrx_word' id='word_1_600' title='bbox 3331 1605 3386 1652; x_wconf 91' lang='lat' dir='ltr'>et</span> <span class='ocrx_word' id='word_1_601' title='bbox 3429 1599 3650 1669; x_wconf 90' lang='lat' dir='ltr'>Spiritu</span> 
     </span>
    </p>
   </div>
   <div class='ocr_carea' id='block_1_83' title="bbox 2002 1679 3654 1755">
    <p class='ocr_par' dir='ltr' id='par_1_83' title="bbox 2002 1679 3654 1755">
     <span class='ocr_line' id='line_1_83' title="bbox 2002 1679 3654 1755; baseline 0.007 -22"><span class='ocrx_word' id='word_1_602' title='bbox 2002 1679 2210 1735; x_wconf 89' lang='lat' dir='ltr'>fratres</span> <span class='ocrx_word' id='word_1_603' title='bbox 2241 1680 2425 1735; x_wconf 85' lang='lat' dir='ltr'>nostri</span> <span class='ocrx_word' id='word_1_604' title='bbox 2454 1697 2467 1746; x_wconf 91' lang='lat'><strong>;</strong></span> <span class='ocrx_word' id='word_1_605' title='bbox 2502 1687 2555 1737; x_wconf 92' lang='lat' dir='ltr'>et</span> <span class='ocrx_word' id='word_1_606' title='bbox 2586 1698 2694 1737; x_wconf 90' lang='lat' dir='ltr'>nos</span> <span class='ocrx_word' id='word_1_607' title='bbox 2726 1687 2860 1737; x_wconf 90' lang='lat' dir='ltr'>ante</span> <span class='ocrx_word' id='word_1_608' title='bbox 2880 1684 3101 1755; x_wconf 86' lang='lat' dir='ltr'>aliquot</span> <span class='ocrx_word' id='word_1_609' title='bbox 3122 1701 3315 1741; x_wconf 86' lang='lat' dir='ltr'>annos</span> <span class='ocrx_word' id='word_1_610' title='bbox 3342 1688 3528 1743; x_wconf 87' lang='lat' dir='ltr'>renati</span> <span class='ocrx_word' id='word_1_611' title='bbox 3556 1706 3654 1743; x_wconf 90' lang='lat' dir='ltr'>su-</span> 
     </span>
    </p>
   </div>
   <div class='ocr_carea' id='block_1_84' title="bbox 2005 1770 3653 1841">
    <p class='ocr_par' dir='ltr' id='par_1_84' title="bbox 2005 1770 3653 1841">
     <span class='ocr_line' id='line_1_84' title="bbox 2005 1770 3653 1841; baseline 0.007 -19"><span class='ocrx_word' id='word_1_612' title='bbox 2005 1785 2141 1822; x_wconf 88' lang='lat' dir='ltr'>mus</span> <span class='ocrx_word' id='word_1_613' title='bbox 2174 1784 2242 1823; x_wconf 90' lang='lat' dir='ltr'>ex</span> <span class='ocrx_word' id='word_1_614' title='bbox 2266 1785 2424 1841; x_wconf 87' lang='lat' dir='ltr'>aqua</span> <span class='ocrx_word' id='word_1_615' title='bbox 2442 1775 2496 1825; x_wconf 91' lang='lat' dir='ltr'>et</span> <span class='ocrx_word' id='word_1_616' title='bbox 2523 1772 2759 1841; x_wconf 88' lang='lat' dir='ltr'>Spiritu.</span> <span class='ocrx_word' id='word_1_617' title='bbox 2788 1770 3016 1826; x_wconf 90' lang='lat' dir='ltr'>Bonum</span> <span class='ocrx_word' id='word_1_618' title='bbox 3037 1780 3126 1827; x_wconf 90' lang='lat' dir='ltr'>est</span> <span class='ocrx_word' id='word_1_619' title='bbox 3144 1775 3318 1829; x_wconf 89' lang='lat' dir='ltr'>nobis</span> <span class='ocrx_word' id='word_1_620' title='bbox 3339 1781 3401 1831; x_wconf 88' lang='lat' dir='ltr'>ut</span> <span class='ocrx_word' id='word_1_621' title='bbox 3419 1792 3538 1831; x_wconf 90' lang='lat' dir='ltr'>non</span> <span class='ocrx_word' id='word_1_622' title='bbox 3562 1778 3653 1833; x_wconf 81' lang='lat' dir='ltr'>di-</span> 
     </span>
    </p>
   </div>
   <div class='ocr_carea' id='block_1_85' title="bbox 2002 1858 3654 1926">
    <p class='ocr_par' dir='ltr' id='par_1_85' title="bbox 2002 1858 3654 1926">
     <span class='ocr_line' id='line_1_85' title="bbox 2002 1858 3654 1926; baseline 0.006 -14"><span class='ocrx_word' id='word_1_623' title='bbox 2002 1858 2263 1926; x_wconf 91' lang='lat' dir='ltr'>ligamus</span> <span class='ocrx_word' id='word_1_624' title='bbox 2294 1858 2611 1923; x_wconf 91' lang='lat' dir='ltr'>mundum,</span> <span class='ocrx_word' id='word_1_625' title='bbox 2645 1875 2718 1914; x_wconf 90' lang='lat' dir='ltr'>ne</span> <span class='ocrx_word' id='word_1_626' title='bbox 2751 1867 3102 1916; x_wconf 90' lang='lat' dir='ltr'>remaneant</span> <span class='ocrx_word' id='word_1_627' title='bbox 3128 1862 3187 1917; x_wconf 88' lang='lat' dir='ltr'>in</span> <span class='ocrx_word' id='word_1_628' title='bbox 3238 1864 3411 1919; x_wconf 90' lang='lat' dir='ltr'>nobis</span> <span class='ocrx_word' id='word_1_629' title='bbox 3445 1866 3654 1923; x_wconf 88' lang='lat' dir='ltr'>Sacra-</span> 
     </span>
    </p>
   </div>
   <div class='ocr_carea' id='block_1_86' title="bbox 2006 1946 3656 2016">
    <p class='ocr_par' dir='ltr' id='par_1_86' title="bbox 2006 1946 3656 2016">
     <span class='ocr_line' id='line_1_86' title="bbox 2006 1946 3656 2016; baseline 0.007 -16"><span class='ocrx_word' id='word_1_630' title='bbox 2006 1949 2208 2000; x_wconf 88' lang='lat' dir='ltr'>menta</span> <span class='ocrx_word' id='word_1_631' title='bbox 2221 1946 2290 2001; x_wconf 90' lang='lat' dir='ltr'>ad</span> <span class='ocrx_word' id='word_1_632' title='bbox 2306 1946 2901 2016; x_wconf 86' lang='lat' dir='ltr'>damnationem,non</span> <span class='ocrx_word' id='word_1_633' title='bbox 2914 1950 3277 2007; x_wconf 85' lang='lat' dir='ltr'>ﬁrmamenta</span> <span class='ocrx_word' id='word_1_634' title='bbox 3290 1953 3365 2009; x_wconf 91' lang='lat' dir='ltr'>ad</span> <span class='ocrx_word' id='word_1_635' title='bbox 3382 1954 3656 2011; x_wconf 88' lang='lat' dir='ltr'>salutem.</span> 
     </span>
    </p>
   </div>
   <div class='ocr_carea' id='block_1_87' title="bbox 2008 2036 3654 2113">
    <p class='ocr_par' dir='ltr' id='par_1_87' title="bbox 2008 2036 3654 2113">
     <span class='ocr_line' id='line_1_87' title="bbox 2008 2036 3654 2113; baseline 0.007 -25"><span class='ocrx_word' id='word_1_636' title='bbox 2008 2036 2471 2091; x_wconf 84' lang='lat' dir='ltr'>Firmamentum</span> <span class='ocrx_word' id='word_1_637' title='bbox 2486 2036 2691 2093; x_wconf 89' lang='lat' dir='ltr'>salutis</span> <span class='ocrx_word' id='word_1_638' title='bbox 2705 2043 2808 2103; x_wconf 90' lang='lat' dir='ltr'>est,</span> <span class='ocrx_word' id='word_1_639' title='bbox 2820 2039 3037 2094; x_wconf 91' lang='lat' dir='ltr'>habere</span> <span class='ocrx_word' id='word_1_640' title='bbox 3051 2040 3314 2097; x_wconf 89' lang='lat' dir='ltr'>radicem</span> <span class='ocrx_word' id='word_1_641' title='bbox 3330 2043 3654 2113; x_wconf 87' lang='lat' dir='ltr'>charitatis,</span> 
     </span>
    </p>
   </div>
   <div class='ocr_carea' id='block_1_88' title="bbox 2004 2124 3656 2197">
    <p class='ocr_par' dir='ltr' id='par_1_88' title="bbox 2004 2124 3656 2197">
     <span class='ocr_line' id='line_1_88' title="bbox 2004 2124 3656 2197; baseline 0.008 -19"><span class='ocrx_word' id='word_1_642' title='bbox 2004 2124 2224 2179; x_wconf 84' lang='lat' dir='ltr'>habere</span> <span class='ocrx_word' id='word_1_643' title='bbox 2254 2126 2529 2181; x_wconf 89' lang='lat' dir='ltr'>virtutem</span> <span class='ocrx_word' id='word_1_644' title='bbox 2552 2128 2938 2197; x_wconf 88' lang='lat' dir='ltr'>pietatis,non</span> <span class='ocrx_word' id='word_1_645' title='bbox 2969 2128 3461 2189; x_wconf 84' lang='lat' dir='ltr'>formamsolam.</span> <span class='ocrx_word' id='word_1_646' title='bbox 3498 2136 3656 2193; x_wconf 89' lang='lat' dir='ltr'>Bona</span> 
     </span>
    </p>
   </div>
   <div class='ocr_carea' id='block_1_89' title="bbox 2003 2211 3655 2288">
    <p class='ocr_par' dir='ltr' id='par_1_89' title="bbox 2003 2211 3655 2288">
     <span class='ocr_line' id='line_1_89' title="bbox 2003 2211 3655 2288; baseline 0.007 -21"><span class='ocrx_word' id='word_1_647' title='bbox 2003 2211 2218 2279; x_wconf 89' lang='lat' dir='ltr'>forma,</span> <span class='ocrx_word' id='word_1_648' title='bbox 2251 2220 2459 2269; x_wconf 88' lang='lat' dir='ltr'>sancta</span> <span class='ocrx_word' id='word_1_649' title='bbox 2490 2215 2682 2271; x_wconf 90' lang='lat' dir='ltr'>forma</span> <span class='ocrx_word' id='word_1_650' title='bbox 2711 2216 2843 2271; x_wconf 90' lang='lat' dir='ltr'>:sed</span> <span class='ocrx_word' id='word_1_651' title='bbox 2858 2217 3005 2288; x_wconf 91' lang='lat' dir='ltr'>quid</span> <span class='ocrx_word' id='word_1_652' title='bbox 3036 2219 3189 2273; x_wconf 91' lang='lat' dir='ltr'>valet</span> <span class='ocrx_word' id='word_1_653' title='bbox 3220 2219 3432 2285; x_wconf 90' lang='lat' dir='ltr'>forma,</span> <span class='ocrx_word' id='word_1_654' title='bbox 3456 2222 3502 2275; x_wconf 91' lang='lat' dir='ltr'>si</span> <span class='ocrx_word' id='word_1_655' title='bbox 3534 2239 3655 2279; x_wconf 90' lang='lat' dir='ltr'>non</span> 
     </span>
    </p>
   </div>
   <div class='ocr_carea' id='block_1_90' title="bbox 2007 2303 3652 2379">
    <p class='ocr_par' dir='ltr' id='par_1_90' title="bbox 2007 2303 3652 2379">
     <span class='ocr_line' id='line_1_90' title="bbox 2007 2303 3652 2379; baseline 0.006 -23"><span class='ocrx_word' id='word_1_656' title='bbox 2007 2308 2201 2359; x_wconf 90' lang='lat' dir='ltr'>teneat</span> <span class='ocrx_word' id='word_1_657' title='bbox 2216 2303 2893 2360; x_wconf 79' lang='lat' dir='ltr'>radicem?Sarmentum</span> <span class='ocrx_word' id='word_1_658' title='bbox 2908 2306 3221 2377; x_wconf 71' lang='lat' dir='ltr'>praecisum</span> <span class='ocrx_word' id='word_1_659' title='bbox 3240 2322 3438 2364; x_wconf 90' lang='lat' dir='ltr'>nonne</span> <span class='ocrx_word' id='word_1_660' title='bbox 3454 2310 3652 2379; x_wconf 89' lang='lat' dir='ltr'>ignem</span> 
     </span>
    </p>
   </div>
   <div class='ocr_carea' id='block_1_91' title="bbox 2006 2392 3654 2462">
    <p class='ocr_par' dir='ltr' id='par_1_91' title="bbox 2006 2392 3654 2462">
     <span class='ocr_line' id='line_1_91' title="bbox 2006 2392 3654 2462; baseline 0.006 -17"><span class='ocrx_word' id='word_1_661' title='bbox 2006 2392 2252 2447; x_wconf 89' lang='lat' dir='ltr'>mittitur</span> <span class='ocrx_word' id='word_1_662' title='bbox 2277 2392 2305 2447; x_wconf 59' lang='grc' dir='ltr'>εἶ</span> <span class='ocrx_word' id='word_1_663' title='bbox 2341 2392 2501 2447; x_wconf 89' lang='lat' dir='ltr'>Habe</span> <span class='ocrx_word' id='word_1_664' title='bbox 2535 2392 2813 2457; x_wconf 87' lang='lat' dir='ltr'>forinam,</span> <span class='ocrx_word' id='word_1_665' title='bbox 2848 2394 2951 2449; x_wconf 87' lang='lat' dir='ltr'>sed</span> <span class='ocrx_word' id='word_1_666' title='bbox 2992 2394 3050 2449; x_wconf 91' lang='lat' dir='ltr'>in</span> <span class='ocrx_word' id='word_1_667' title='bbox 3082 2396 3301 2452; x_wconf 88' lang='lat' dir='ltr'>radice.</span> <span class='ocrx_word' id='word_1_668' title='bbox 3338 2400 3654 2462; x_wconf 92' lang='lat' dir='ltr'>Quomodo</span> 
     </span>
    </p>
   </div>
   <div class='ocr_carea' id='block_1_92' title="bbox 2008 2481 3649 2546">
    <p class='ocr_par' dir='ltr' id='par_1_92' title="bbox 2008 2481 3649 2546">
     <span class='ocr_line' id='line_1_92' title="bbox 2008 2481 3649 2546; baseline 0.005 -9"><span class='ocrx_word' id='word_1_669' title='bbox 2008 2487 2204 2537; x_wconf 87' lang='lat' dir='ltr'>autem</span> <span class='ocrx_word' id='word_1_670' title='bbox 2237 2481 2610 2545; x_wconf 88' lang='lat' dir='ltr'>radicamini,</span> <span class='ocrx_word' id='word_1_671' title='bbox 2658 2488 2716 2537; x_wconf 87' lang='lat' dir='ltr'>ut</span> <span class='ocrx_word' id='word_1_672' title='bbox 2745 2498 2861 2537; x_wconf 90' lang='lat' dir='ltr'>non</span> <span class='ocrx_word' id='word_1_673' title='bbox 2887 2484 3269 2540; x_wconf 88' lang='lat' dir='ltr'>eradicemini</span> <span class='ocrx_word' id='word_1_674' title='bbox 3302 2485 3330 2540; x_wconf 74' lang='lat' dir='ltr'>i‘</span> <span class='ocrx_word' id='word_1_675' title='bbox 3372 2488 3649 2546; x_wconf 91' lang='lat' dir='ltr'>Tenendo</span> 
     </span>
    </p>
   </div>
   <div class='ocr_carea' id='block_1_93' title="bbox 2008 2570 3655 2640">
    <p class='ocr_par' dir='ltr' id='par_1_93' title="bbox 2008 2570 3655 2640">
     <span class='ocr_line' id='line_1_93' title="bbox 2008 2570 3655 2640; baseline 0.005 -17"><span class='ocrx_word' id='word_1_676' title='bbox 2008 2570 2379 2633; x_wconf 90' lang='lat' dir='ltr'>charitatem,</span> <span class='ocrx_word' id='word_1_677' title='bbox 2406 2570 3024 2640; x_wconf 90' lang='lat' dir='ltr'>sicutdicitapostolus</span> <span class='ocrx_word' id='word_1_678' title='bbox 3039 2572 3277 2640; x_wconf 88' lang='lat' dir='ltr'>Paulus,</span> <span class='ocrx_word' id='word_1_679' title='bbox 3300 2575 3365 2628; x_wconf 88' lang='lat' dir='ltr'>In</span> <span class='ocrx_word' id='word_1_680' title='bbox 3386 2576 3655 2632; x_wconf 85' lang='lat' dir='ltr'>charitate</span> 
     </span>
    </p>
   </div>
   <div class='ocr_carea' id='block_1_94' title="bbox 2008 2658 3657 2732">
    <p class='ocr_par' dir='ltr' id='par_1_94' title="bbox 2008 2658 3657 2732">
     <span class='ocr_line' id='line_1_94' title="bbox 2008 2658 3657 2732; baseline 0.005 -19"><span class='ocrx_word' id='word_1_681' title='bbox 2008 2658 2248 2713; x_wconf 86' lang='lat' dir='ltr'>radicati</span> <span class='ocrx_word' id='word_1_682' title='bbox 2276 2666 2322 2712; x_wconf 88' lang='lat' dir='ltr'>et</span> <span class='ocrx_word' id='word_1_683' title='bbox 2350 2658 2574 2729; x_wconf 79' lang='lat' dir='ltr'>fundati</span> <span class='ocrx_word' id='word_1_684' title='bbox 2604 2659 2921 2729; x_wconf 86' lang='lat' dir='ltr'>(Ephes.1u,</span> <span class='ocrx_word' id='word_1_685' title='bbox 2949 2661 3055 2732; x_wconf 83' lang='lat' dir='ltr'>t7).</span> <span class='ocrx_word' id='word_1_686' title='bbox 3077 2662 3657 2726; x_wconf 88' lang='lat' dir='ltr'>Quomodoibiradi-</span> 
     </span>
    </p>
   </div>
   <div class='ocr_carea' id='block_1_95' title="bbox 2009 2746 3656 2812">
    <p class='ocr_par' dir='ltr' id='par_1_95' title="bbox 2009 2746 3656 2812">
     <span class='ocr_line' id='line_1_95' title="bbox 2009 2746 3656 2812; baseline 0.005 -10"><span class='ocrx_word' id='word_1_687' title='bbox 2009 2746 2694 2812; x_wconf 87' lang='lat' dir='ltr'>cebiturcharitas,inter</span> <span class='ocrx_word' id='word_1_688' title='bbox 2725 2751 2891 2803; x_wconf 88' lang='lat' dir='ltr'>tanta</span> <span class='ocrx_word' id='word_1_689' title='bbox 2920 2748 3141 2805; x_wconf 90' lang='lat' dir='ltr'>silvosa</span> <span class='ocrx_word' id='word_1_690' title='bbox 3156 2752 3377 2807; x_wconf 88' lang='lat' dir='ltr'>amoris</span> <span class='ocrx_word' id='word_1_691' title='bbox 3393 2754 3597 2809; x_wconf 89' lang='lat' dir='ltr'>mundi</span> <span class='ocrx_word' id='word_1_692' title='bbox 3627 2754 3656 2810; x_wconf 72' lang='lat' dir='ltr'>‘i</span> 
     </span>
    </p>
   </div>
   <div class='ocr_carea' id='block_1_96' title="bbox 2012 2837 3653 2911">
    <p class='ocr_par' dir='ltr' id='par_1_96' title="bbox 2012 2837 3653 2911">
     <span class='ocr_line' id='line_1_96' title="bbox 2012 2837 3653 2911; baseline 0.004 -19"><span class='ocrx_word' id='word_1_693' title='bbox 2012 2838 2341 2908; x_wconf 85' lang='lat' dir='ltr'>Exstirpate</span> <span class='ocrx_word' id='word_1_694' title='bbox 2392 2837 2590 2892; x_wconf 91' lang='lat' dir='ltr'>silvas.</span> <span class='ocrx_word' id='word_1_695' title='bbox 2630 2840 2906 2908; x_wconf 83' lang='lat' dir='ltr'>Magnum</span> <span class='ocrx_word' id='word_1_696' title='bbox 2946 2856 3150 2895; x_wconf 84' lang='lat' dir='ltr'>semen</span> <span class='ocrx_word' id='word_1_697' title='bbox 3196 2842 3441 2911; x_wconf 89' lang='lat' dir='ltr'>posituri</span> <span class='ocrx_word' id='word_1_698' title='bbox 3475 2845 3653 2911; x_wconf 89' lang='lat' dir='ltr'>estis;</span> 
     </span>
    </p>
   </div>
   <div class='ocr_carea' id='block_1_97' title="bbox 2010 2926 3662 2997">
    <p class='ocr_par' dir='ltr' id='par_1_97' title="bbox 2010 2926 3662 2997">
     <span class='ocr_line' id='line_1_97' title="bbox 2010 2926 3662 2997; baseline 0.005 -16"><span class='ocrx_word' id='word_1_699' title='bbox 2010 2942 2130 2982; x_wconf 91' lang='lat' dir='ltr'>non</span> <span class='ocrx_word' id='word_1_700' title='bbox 2163 2927 2231 2981; x_wconf 93' lang='lat' dir='ltr'>sit</span> <span class='ocrx_word' id='word_1_701' title='bbox 2265 2927 2319 2980; x_wconf 91' lang='lat' dir='ltr'>in</span> <span class='ocrx_word' id='word_1_702' title='bbox 2338 2942 2483 2995; x_wconf 90' lang='lat' dir='ltr'>agro</span> <span class='ocrx_word' id='word_1_703' title='bbox 2509 2926 2673 2997; x_wconf 87' lang='lat' dir='ltr'>quod</span> <span class='ocrx_word' id='word_1_704' title='bbox 2697 2926 2908 2982; x_wconf 81' lang='lat' dir='ltr'>etfocet</span> <span class='ocrx_word' id='word_1_705' title='bbox 2929 2944 3153 2984; x_wconf 87' lang='lat' dir='ltr'>semen.</span> <span class='ocrx_word' id='word_1_706' title='bbox 3172 2930 3304 2985; x_wconf 74' lang='lat' dir='ltr'>Haec</span> <span class='ocrx_word' id='word_1_707' title='bbox 3320 2938 3456 2986; x_wconf 90' lang='lat' dir='ltr'>sunt</span> <span class='ocrx_word' id='word_1_708' title='bbox 3479 2933 3662 2989; x_wconf 90' lang='lat' dir='ltr'>verba</span> 
     </span>
    </p>
   </div>
   <div class='ocr_carea' id='block_1_98' title="bbox 2011 3014 3666 3088">
    <p class='ocr_par' dir='ltr' id='par_1_98' title="bbox 2011 3014 3666 3088">
     <span class='ocr_line' id='line_1_98' title="bbox 2011 3014 3666 3088; baseline 0.004 -19"><span class='ocrx_word' id='word_1_709' title='bbox 2011 3014 2395 3085; x_wconf 86' lang='lat' dir='ltr'>exstirpantia</span> <span class='ocrx_word' id='word_1_710' title='bbox 2417 3030 2553 3085; x_wconf 90' lang='lat' dir='ltr'>quee</span> <span class='ocrx_word' id='word_1_711' title='bbox 2576 3015 2752 3068; x_wconf 80' lang='lat' dir='ltr'>dixit:</span> <span class='ocrx_word' id='word_1_712' title='bbox 2784 3015 2970 3069; x_wconf 84' lang='lat' dir='ltr'>Nolite</span> <span class='ocrx_word' id='word_1_713' title='bbox 2998 3017 3227 3088; x_wconf 87' lang='lat' dir='ltr'>diligere</span> <span class='ocrx_word' id='word_1_714' title='bbox 3260 3020 3540 3088; x_wconf 86' lang='lat' dir='ltr'>mundum,</span> <span class='ocrx_word' id='word_1_715' title='bbox 3578 3039 3666 3076; x_wconf 82' lang='lat' dir='ltr'>ne-</span> 
     </span>
    </p>
   </div>
   <div class='ocr_carea' id='block_1_99' title="bbox 2008 3103 3661 3177">
    <p class='ocr_par' dir='ltr' id='par_1_99' title="bbox 2008 3103 3661 3177">
     <span class='ocr_line' id='line_1_99' title="bbox 2008 3103 3661 3177; baseline 0.005 -20"><span class='ocrx_word' id='word_1_716' title='bbox 2008 3120 2105 3175; x_wconf 91' lang='lat' dir='ltr'>que</span> <span class='ocrx_word' id='word_1_717' title='bbox 2134 3120 2194 3157; x_wconf 89' lang='lat' dir='ltr'>ea</span> <span class='ocrx_word' id='word_1_718' title='bbox 2232 3121 2350 3173; x_wconf 66' lang='lat' dir='ltr'>qua:</span> <span class='ocrx_word' id='word_1_719' title='bbox 2379 3110 2503 3157; x_wconf 90' lang='lat' dir='ltr'>sunt</span> <span class='ocrx_word' id='word_1_720' title='bbox 2534 3104 2590 3155; x_wconf 87' lang='lat' dir='ltr'>in</span> <span class='ocrx_word' id='word_1_721' title='bbox 2619 3103 2831 3157; x_wconf 88' lang='lat' dir='ltr'>mundo.</span> <span class='ocrx_word' id='word_1_722' title='bbox 2860 3104 2922 3158; x_wconf 89' lang='lat' dir='ltr'>Si</span> <span class='ocrx_word' id='word_1_723' title='bbox 2950 3108 3070 3175; x_wconf 86' lang='lat' dir='ltr'>quis</span> <span class='ocrx_word' id='word_1_724' title='bbox 3098 3107 3361 3163; x_wconf 76' lang='lat' dir='ltr'>dilexerit</span> <span class='ocrx_word' id='word_1_725' title='bbox 3384 3110 3661 3177; x_wconf 87' lang='lat' dir='ltr'>mundum,</span> 
     </span>
    </p>
   </div>
   <div class='ocr_carea' id='block_1_100' title="bbox 2010 3192 2923 3247">
    <p class='ocr_par' dir='ltr' id='par_1_100' title="bbox 2010 3192 2923 3247">
     <span class='ocr_line' id='line_1_100' title="bbox 2010 3192 2923 3247; baseline -0.001 0"><span class='ocrx_word' id='word_1_726' title='bbox 2010 3210 2114 3247; x_wconf 85' lang='lat' dir='ltr'>non</span> <span class='ocrx_word' id='word_1_727' title='bbox 2146 3200 2220 3247; x_wconf 90' lang='lat' dir='ltr'>est</span> <span class='ocrx_word' id='word_1_728' title='bbox 2259 3193 2498 3247; x_wconf 88' lang='lat' dir='ltr'>charitas</span> <span class='ocrx_word' id='word_1_729' title='bbox 2534 3192 2724 3245; x_wconf 82' lang='lat' dir='ltr'>Patris</span> <span class='ocrx_word' id='word_1_730' title='bbox 2758 3193 2812 3245; x_wconf 88' lang='lat' dir='ltr'>in</span> <span class='ocrx_word' id='word_1_731' title='bbox 2846 3210 2923 3246; x_wconf 90' lang='lat' dir='ltr'>eo.</span> 
     </span>
    </p>
   </div>
   <div class='ocr_carea' id='block_1_101' title="bbox 2086 3282 3663 3352">
    <p class='ocr_par' dir='ltr' id='par_1_101' title="bbox 2086 3282 3663 3352">
     <span class='ocr_line' id='line_1_101' title="bbox 2086 3282 3663 3352; baseline 0.002 -14"><span class='ocrx_word' id='word_1_732' title='bbox 2086 3287 2171 3338; x_wconf 82' lang='grc'>10.</span> <span class='ocrx_word' id='word_1_733' title='bbox 2214 3282 2357 3347; x_wconf 86' lang='lat' dir='ltr'>Quia</span> <span class='ocrx_word' id='word_1_734' title='bbox 2380 3298 2528 3335; x_wconf 85' lang='lat' dir='ltr'>omne</span> <span class='ocrx_word' id='word_1_735' title='bbox 2576 3282 2713 3352; x_wconf 87' lang='lat' dir='ltr'>quod</span> <span class='ocrx_word' id='word_1_736' title='bbox 2744 3282 2802 3335; x_wconf 86' lang='lat' dir='ltr'>in</span> <span class='ocrx_word' id='word_1_737' title='bbox 2835 3283 3033 3336; x_wconf 86' lang='lat' dir='ltr'>mundo</span> <span class='ocrx_word' id='word_1_738' title='bbox 3080 3290 3177 3347; x_wconf 88' lang='lat' dir='ltr'>est,</span> <span class='ocrx_word' id='word_1_739' title='bbox 3228 3284 3555 3340; x_wconf 85' lang='lat' dir='ltr'>desiderium</span> <span class='ocrx_word' id='word_1_740' title='bbox 3589 3297 3663 3342; x_wconf 91' lang='lat' dir='ltr'>est</span> 
     </span>
    </p>
   </div>
   <div class='ocr_carea' id='block_1_102' title="bbox 2008 3371 3664 3439">
    <p class='ocr_par' dir='ltr' id='par_1_102' title="bbox 2008 3371 3664 3439">
     <span class='ocr_line' id='line_1_102' title="bbox 2008 3371 3664 3439; baseline 0.002 -13"><span class='ocrx_word' id='word_1_741' title='bbox 2008 3373 2275 3437; x_wconf 83' lang='lat' dir='ltr'>carnis,et</span> <span class='ocrx_word' id='word_1_742' title='bbox 2306 3371 2629 3426; x_wconf 84' lang='lat' dir='ltr'>desiderium</span> <span class='ocrx_word' id='word_1_743' title='bbox 2661 3371 2954 3435; x_wconf 86' lang='lat' dir='ltr'>oculorum,</span> <span class='ocrx_word' id='word_1_744' title='bbox 2988 3379 3037 3427; x_wconf 92' lang='lat' dir='ltr'>et</span> <span class='ocrx_word' id='word_1_745' title='bbox 3060 3372 3284 3427; x_wconf 86' lang='lat' dir='ltr'>ambitio</span> <span class='ocrx_word' id='word_1_746' title='bbox 3312 3376 3520 3439; x_wconf 65' lang='lat' dir='ltr'>seaculi,</span> <span class='ocrx_word' id='word_1_747' title='bbox 3557 3376 3664 3431; x_wconf 88' lang='lat' dir='ltr'>tria</span> 
     </span>
    </p>
   </div>
   <div class='ocr_carea' id='block_1_103' title="bbox 2008 3461 3660 3531">
    <p class='ocr_par' dir='ltr' id='par_1_103' title="bbox 2008 3461 3660 3531">
     <span class='ocr_line' id='line_1_103' title="bbox 2008 3461 3660 3531; baseline 0.001 -16"><span class='ocrx_word' id='word_1_748' title='bbox 2008 3461 2178 3527; x_wconf 82' lang='lat' dir='ltr'>dixit,</span> <span class='ocrx_word' id='word_1_749' title='bbox 2203 3477 2319 3531; x_wconf 71' lang='lat' dir='ltr'>qua:</span> <span class='ocrx_word' id='word_1_750' title='bbox 2348 3478 2451 3514; x_wconf 85' lang='lat' dir='ltr'>non</span> <span class='ocrx_word' id='word_1_751' title='bbox 2480 3468 2605 3515; x_wconf 89' lang='lat' dir='ltr'>sunt</span> <span class='ocrx_word' id='word_1_752' title='bbox 2637 3477 2701 3514; x_wconf 72' lang='lat' dir='ltr'>ex</span> <span class='ocrx_word' id='word_1_753' title='bbox 2729 3461 2925 3525; x_wconf 84' lang='lat' dir='ltr'>Patre,</span> <span class='ocrx_word' id='word_1_754' title='bbox 2947 3461 3044 3514; x_wconf 84' lang='lat' dir='ltr'>sed</span> <span class='ocrx_word' id='word_1_755' title='bbox 3068 3479 3141 3515; x_wconf 70' lang='lat' dir='ltr'>ex</span> <span class='ocrx_word' id='word_1_756' title='bbox 3172 3462 3370 3516; x_wconf 87' lang='lat' dir='ltr'>mundo</span> <span class='ocrx_word' id='word_1_757' title='bbox 3410 3471 3557 3517; x_wconf 86' lang='lat' dir='ltr'>sunt.</span> <span class='ocrx_word' id='word_1_758' title='bbox 3586 3465 3660 3518; x_wconf 87' lang='lat' dir='ltr'>Et</span> 
     </span>
    </p>
   </div>
   <div class='ocr_carea' id='block_1_104' title="bbox 2008 3550 3658 3623">
    <p class='ocr_par' dir='ltr' id='par_1_104' title="bbox 2008 3550 3658 3623">
     <span class='ocr_line' id='line_1_104' title="bbox 2008 3550 3658 3623; baseline 0.002 -20"><span class='ocrx_word' id='word_1_759' title='bbox 2008 3550 2235 3604; x_wconf 88' lang='lat' dir='ltr'>mundus</span> <span class='ocrx_word' id='word_1_760' title='bbox 2256 3552 2457 3604; x_wconf 87' lang='lat' dir='ltr'>transit</span> <span class='ocrx_word' id='word_1_761' title='bbox 2484 3557 2531 3604; x_wconf 89' lang='lat' dir='ltr'>et</span> <span class='ocrx_word' id='word_1_762' title='bbox 2561 3550 2826 3603; x_wconf 82' lang='lat' dir='ltr'>desideria</span> <span class='ocrx_word' id='word_1_763' title='bbox 2854 3556 2967 3619; x_wconf 80' lang='lat' dir='ltr'>ejus</span> <span class='ocrx_word' id='word_1_764' title='bbox 2991 3567 3008 3604; x_wconf 91' lang='lat'><strong><em>:</em></strong></span> <span class='ocrx_word' id='word_1_765' title='bbox 3030 3553 3121 3621; x_wconf 81' lang='lat' dir='ltr'>qui</span> <span class='ocrx_word' id='word_1_766' title='bbox 3146 3558 3329 3606; x_wconf 85' lang='lat' dir='ltr'>autem</span> <span class='ocrx_word' id='word_1_767' title='bbox 3354 3553 3544 3623; x_wconf 86' lang='lat' dir='ltr'>fecerit</span> <span class='ocrx_word' id='word_1_768' title='bbox 3574 3569 3658 3607; x_wconf 89' lang='lat' dir='ltr'>vo-</span> 
     </span>
    </p>
   </div>
   <div class='ocr_carea' id='block_1_105' title="bbox 2008 3638 3660 3711">
    <p class='ocr_par' dir='ltr' id='par_1_105' title="bbox 2008 3638 3660 3711">
     <span class='ocr_line' id='line_1_105' title="bbox 2008 3638 3660 3711; baseline 0.002 -18"><span class='ocrx_word' id='word_1_769' title='bbox 2008 3638 2265 3694; x_wconf 73' lang='lat' dir='ltr'>luntatem</span> <span class='ocrx_word' id='word_1_770' title='bbox 2299 3640 2416 3704; x_wconf 87' lang='lat' dir='ltr'>Dei,</span> <span class='ocrx_word' id='word_1_771' title='bbox 2443 3646 2618 3693; x_wconf 88' lang='lat' dir='ltr'>manet</span> <span class='ocrx_word' id='word_1_772' title='bbox 2652 3639 2709 3692; x_wconf 87' lang='lat' dir='ltr'>in</span> <span class='ocrx_word' id='word_1_773' title='bbox 2741 3647 3031 3708; x_wconf 68' lang='lat' dir='ltr'>aeternum,</span> <span class='ocrx_word' id='word_1_774' title='bbox 3083 3640 3220 3694; x_wconf 87' lang='lat' dir='ltr'>sicut</span> <span class='ocrx_word' id='word_1_775' title='bbox 3252 3647 3300 3694; x_wconf 91' lang='lat' dir='ltr'>et</span> <span class='ocrx_word' id='word_1_776' title='bbox 3343 3642 3451 3711; x_wconf 82' lang='lat' dir='ltr'>ipse</span> <span class='ocrx_word' id='word_1_777' title='bbox 3484 3649 3660 3697; x_wconf 85' lang='lat' dir='ltr'>manet</span> 
     </span>
    </p>
   </div>
   <div class='ocr_carea' id='block_1_106' title="bbox 2009 3728 3663 3800">
    <p class='ocr_par' dir='ltr' id='par_1_106' title="bbox 2009 3728 3663 3800">
     <span class='ocr_line' id='line_1_106' title="bbox 2009 3728 3663 3800; baseline 0.002 -18"><span class='ocrx_word' id='word_1_778' title='bbox 2009 3729 2068 3782; x_wconf 89' lang='lat' dir='ltr'>in</span> <span class='ocrx_word' id='word_1_779' title='bbox 2098 3736 2375 3783; x_wconf 78' lang='lat' dir='ltr'>aeternum.</span> <span class='ocrx_word' id='word_1_780' title='bbox 2413 3728 2605 3790; x_wconf 87' lang='lat' dir='ltr'>Quare</span> <span class='ocrx_word' id='word_1_781' title='bbox 2654 3744 2773 3783; x_wconf 92' lang='lat' dir='ltr'>non</span> <span class='ocrx_word' id='word_1_782' title='bbox 2817 3744 3010 3783; x_wconf 90' lang='lat' dir='ltr'>amem</span> <span class='ocrx_word' id='word_1_783' title='bbox 3050 3729 3213 3800; x_wconf 92' lang='lat' dir='ltr'>quod</span> <span class='ocrx_word' id='word_1_784' title='bbox 3250 3729 3383 3783; x_wconf 89' lang='lat' dir='ltr'>fecit</span> <span class='ocrx_word' id='word_1_785' title='bbox 3429 3732 3608 3784; x_wconf 75' lang='lat' dir='ltr'>Deus&#39;</span> <span class='ocrx_word' id='word_1_786' title='bbox 3636 3733 3663 3786; x_wconf 88' lang='lat'><strong>?</strong></span> 
     </span>
    </p>
   </div>
   <div class='ocr_carea' id='block_1_107' title="bbox 2009 3816 3662 3888">
    <p class='ocr_par' dir='ltr' id='par_1_107' title="bbox 2009 3816 3662 3888">
     <span class='ocr_line' id='line_1_107' title="bbox 2009 3816 3662 3888; baseline 0.003 -18"><span class='ocrx_word' id='word_1_787' title='bbox 2009 3817 2162 3881; x_wconf 87' lang='lat' dir='ltr'>Quid</span> <span class='ocrx_word' id='word_1_788' title='bbox 2180 3816 2307 3871; x_wconf 89' lang='lat' dir='ltr'>vis?</span> <span class='ocrx_word' id='word_1_789' title='bbox 2325 3821 2522 3870; x_wconf 90' lang='lat' dir='ltr'>utrum</span> <span class='ocrx_word' id='word_1_790' title='bbox 2541 3832 2745 3872; x_wconf 88' lang='lat' dir='ltr'>amare</span> <span class='ocrx_word' id='word_1_791' title='bbox 2762 3818 3140 3888; x_wconf 89' lang='lat' dir='ltr'>temporalia,</span> <span class='ocrx_word' id='word_1_792' title='bbox 3161 3822 3215 3873; x_wconf 92' lang='lat' dir='ltr'>et</span> <span class='ocrx_word' id='word_1_793' title='bbox 3244 3820 3492 3873; x_wconf 88' lang='lat' dir='ltr'>transire</span> <span class='ocrx_word' id='word_1_794' title='bbox 3526 3836 3662 3875; x_wconf 89' lang='lat' dir='ltr'>cum</span> 
     </span>
    </p>
   </div>
   <div class='ocr_carea' id='block_1_108' title="bbox 2010 3904 3660 3975">
    <p class='ocr_par' dir='ltr' id='par_1_108' title="bbox 2010 3904 3660 3975">
     <span class='ocr_line' id='line_1_108' title="bbox 2010 3904 3660 3975; baseline 0.001 -16"><span class='ocrx_word' id='word_1_795' title='bbox 2010 3909 2278 3975; x_wconf 87' lang='lat' dir='ltr'>tempore</span> <span class='ocrx_word' id='word_1_796' title='bbox 2313 3920 2326 3969; x_wconf 90' lang='lat'><strong>;</strong></span> <span class='ocrx_word' id='word_1_797' title='bbox 2361 3920 2436 3959; x_wconf 88' lang='lat' dir='ltr'>an</span> <span class='ocrx_word' id='word_1_798' title='bbox 2472 3904 2765 3959; x_wconf 89' lang='lat' dir='ltr'>mundum</span> <span class='ocrx_word' id='word_1_799' title='bbox 2799 3922 2917 3960; x_wconf 92' lang='lat' dir='ltr'>non</span> <span class='ocrx_word' id='word_1_800' title='bbox 2956 3922 3180 3971; x_wconf 89' lang='lat' dir='ltr'>amare,</span> <span class='ocrx_word' id='word_1_801' title='bbox 3210 3913 3263 3961; x_wconf 91' lang='lat' dir='ltr'>et</span> <span class='ocrx_word' id='word_1_802' title='bbox 3293 3906 3349 3961; x_wconf 90' lang='lat' dir='ltr'>in</span> <span class='ocrx_word' id='word_1_803' title='bbox 3375 3912 3660 3962; x_wconf 74' lang='lat' dir='ltr'>aeternum</span> 
     </span>
    </p>
   </div>
   <div class='ocr_carea' id='block_1_109' title="bbox 2011 3993 3667 4066">
    <p class='ocr_par' dir='ltr' id='par_1_109' title="bbox 2011 3993 3667 4066">
     <span class='ocr_line' id='line_1_109' title="bbox 2011 3993 3667 4066; baseline 0.001 -16"><span class='ocrx_word' id='word_1_804' title='bbox 2011 3994 2205 4050; x_wconf 91' lang='lat' dir='ltr'>vivere</span> <span class='ocrx_word' id='word_1_805' title='bbox 2236 4010 2372 4049; x_wconf 91' lang='lat' dir='ltr'>cum</span> <span class='ocrx_word' id='word_1_806' title='bbox 2417 3996 2529 4048; x_wconf 92' lang='lat' dir='ltr'>Deo</span> <span class='ocrx_word' id='word_1_807' title='bbox 2560 3993 2588 4047; x_wconf 71' lang='lat' dir='ltr'>‘P</span> <span class='ocrx_word' id='word_1_808' title='bbox 2634 3996 2845 4049; x_wconf 81' lang='lat' dir='ltr'>Rerum</span> <span class='ocrx_word' id='word_1_809' title='bbox 2882 3996 3301 4066; x_wconf 89' lang='lat' dir='ltr'>temporalium</span> <span class='ocrx_word' id='word_1_810' title='bbox 3321 3996 3667 4052; x_wconf 88' lang='lat' dir='ltr'>ﬂuviustra-</span> 
     </span>
    </p>
   </div>
   <div class='ocr_carea' id='block_1_110' title="bbox 2010 4083 3661 4154">
    <p class='ocr_par' dir='ltr' id='par_1_110' title="bbox 2010 4083 3661 4154">
     <span class='ocr_line' id='line_1_110' title="bbox 2010 4083 3661 4154; baseline 0.001 -15"><span class='ocrx_word' id='word_1_811' title='bbox 2010 4083 2548 4154; x_wconf 79' lang='lat' dir='ltr'>hitzsedtanquam</span> <span class='ocrx_word' id='word_1_812' title='bbox 2580 4084 2737 4139; x_wconf 91' lang='lat' dir='ltr'>circa</span> <span class='ocrx_word' id='word_1_813' title='bbox 2768 4083 3020 4140; x_wconf 89' lang='lat' dir='ltr'>ﬂuvium</span> <span class='ocrx_word' id='word_1_814' title='bbox 3054 4086 3234 4141; x_wconf 90' lang='lat' dir='ltr'>arbor</span> <span class='ocrx_word' id='word_1_815' title='bbox 3258 4093 3402 4143; x_wconf 90' lang='lat' dir='ltr'>nata</span> <span class='ocrx_word' id='word_1_816' title='bbox 3433 4094 3519 4141; x_wconf 86' lang='lat' dir='ltr'>est</span> <span class='ocrx_word' id='word_1_817' title='bbox 3550 4088 3661 4141; x_wconf 94' lang='lat' dir='ltr'>Do-</span> 
     </span>
    </p>
   </div>
   <div class='ocr_carea' id='block_1_111' title="bbox 2014 4173 3665 4246">
    <p class='ocr_par' dir='ltr' id='par_1_111' title="bbox 2014 4173 3665 4246">
     <span class='ocr_line' id='line_1_111' title="bbox 2014 4173 3665 4246; baseline 0.001 -19"><span class='ocrx_word' id='word_1_818' title='bbox 2014 4173 2212 4228; x_wconf 89' lang='lat' dir='ltr'>minus</span> <span class='ocrx_word' id='word_1_819' title='bbox 2258 4179 2455 4227; x_wconf 86' lang='lat' dir='ltr'>noster</span> <span class='ocrx_word' id='word_1_820' title='bbox 2486 4174 2649 4227; x_wconf 80' lang='lat' dir='ltr'>Jesus</span> <span class='ocrx_word' id='word_1_821' title='bbox 2679 4174 2969 4229; x_wconf 85' lang='lat' dir='ltr'>Christus.</span> <span class='ocrx_word' id='word_1_822' title='bbox 3022 4178 3361 4246; x_wconf 77' lang='lat' dir='ltr'>Assumpsit</span> <span class='ocrx_word' id='word_1_823' title='bbox 3397 4191 3665 4241; x_wconf 89' lang='lat' dir='ltr'>carnem,</span> 
     </span>
    </p>
   </div>
   <div class='ocr_carea' id='block_1_112' title="bbox 2014 4263 3660 4328">
    <p class='ocr_par' dir='ltr' id='par_1_112' title="bbox 2014 4263 3660 4328">
     <span class='ocr_line' id='line_1_112' title="bbox 2014 4263 3660 4328; baseline -0.001 -10"><span class='ocrx_word' id='word_1_824' title='bbox 2014 4270 2285 4318; x_wconf 87' lang='lat' dir='ltr'>mortuus</span> <span class='ocrx_word' id='word_1_825' title='bbox 2306 4269 2409 4328; x_wconf 90' lang='lat' dir='ltr'>est,</span> <span class='ocrx_word' id='word_1_826' title='bbox 2443 4264 2781 4325; x_wconf 86' lang='lat' dir='ltr'>resurrexit,</span> <span class='ocrx_word' id='word_1_827' title='bbox 2821 4266 3087 4318; x_wconf 81' lang='lat' dir='ltr'>ascendit</span> <span class='ocrx_word' id='word_1_828' title='bbox 3119 4265 3177 4319; x_wconf 91' lang='lat' dir='ltr'>in</span> <span class='ocrx_word' id='word_1_829' title='bbox 3197 4265 3435 4318; x_wconf 67' lang='lat' dir='ltr'>caelum.</span> <span class='ocrx_word' id='word_1_830' title='bbox 3463 4263 3660 4317; x_wconf 91' lang='lat' dir='ltr'>Voluit</span> 
     </span>
    </p>
   </div>
   <div class='ocr_carea' id='block_1_113' title="bbox 2013 4351 3665 4424">
    <p class='ocr_par' dir='ltr' id='par_1_113' title="bbox 2013 4351 3665 4424">
     <span class='ocr_line' id='line_1_113' title="bbox 2013 4351 3665 4424; baseline -0.001 -17"><span class='ocrx_word' id='word_1_831' title='bbox 2013 4369 2074 4407; x_wconf 88' lang='lat' dir='ltr'>se</span> <span class='ocrx_word' id='word_1_832' title='bbox 2103 4352 2560 4424; x_wconf 89' lang='lat' dir='ltr'>quodammodo</span> <span class='ocrx_word' id='word_1_833' title='bbox 2587 4353 2743 4406; x_wconf 90' lang='lat' dir='ltr'>circa</span> <span class='ocrx_word' id='word_1_834' title='bbox 2772 4351 3019 4405; x_wconf 84' lang='lat' dir='ltr'>ﬂuvium</span> <span class='ocrx_word' id='word_1_835' title='bbox 3049 4352 3469 4421; x_wconf 89' lang='lat' dir='ltr'>temporalium</span> <span class='ocrx_word' id='word_1_836' title='bbox 3497 4352 3665 4422; x_wconf 86' lang='lat' dir='ltr'>plan-</span> 
     </span>
    </p>
   </div>
   <div class='ocr_carea' id='block_1_114' title="bbox 2013 4439 3661 4512">
    <p class='ocr_par' dir='ltr' id='par_1_114' title="bbox 2013 4439 3661 4512">
     <span class='ocr_line' id='line_1_114' title="bbox 2013 4439 3661 4512; baseline -0.003 -15"><span class='ocrx_word' id='word_1_837' title='bbox 2013 4443 2409 4512; x_wconf 84' lang='lat' dir='ltr'>tare.Raperis</span> <span class='ocrx_word' id='word_1_838' title='bbox 2428 4442 2488 4495; x_wconf 90' lang='lat' dir='ltr'>in</span> <span class='ocrx_word' id='word_1_839' title='bbox 2503 4439 2798 4510; x_wconf 77' lang='lat' dir='ltr'>praeceps?</span> <span class='ocrx_word' id='word_1_840' title='bbox 2815 4445 2942 4492; x_wconf 88' lang='lat' dir='ltr'>tene</span> <span class='ocrx_word' id='word_1_841' title='bbox 2958 4439 3401 4509; x_wconf 82' lang='lat' dir='ltr'>lignum.Volvit</span> <span class='ocrx_word' id='word_1_842' title='bbox 3425 4444 3475 4494; x_wconf 93' lang='lat' dir='ltr'>te</span> <span class='ocrx_word' id='word_1_843' title='bbox 3491 4454 3661 4494; x_wconf 90' lang='lat' dir='ltr'>amor</span> 
     </span>
    </p>
   </div>
   <div class='ocr_carea' id='block_1_115' title="bbox 2014 4528 3667 4597">
    <p class='ocr_par' dir='ltr' id='par_1_115' title="bbox 2014 4528 3667 4597">
     <span class='ocr_line' id='line_1_115' title="bbox 2014 4528 3667 4597; baseline -0.003 -11"><span class='ocrx_word' id='word_1_844' title='bbox 2014 4531 2274 4586; x_wconf 87' lang='lat' dir='ltr'>mundi?</span> <span class='ocrx_word' id='word_1_845' title='bbox 2306 4536 2433 4585; x_wconf 88' lang='lat' dir='ltr'>tene</span> <span class='ocrx_word' id='word_1_846' title='bbox 2466 4530 2779 4583; x_wconf 70' lang='lat' dir='ltr'>Christum.</span> <span class='ocrx_word' id='word_1_847' title='bbox 2810 4528 3049 4597; x_wconf 87' lang='lat' dir='ltr'>Propter</span> <span class='ocrx_word' id='word_1_848' title='bbox 3089 4533 3140 4581; x_wconf 92' lang='lat' dir='ltr'>te</span> <span class='ocrx_word' id='word_1_849' title='bbox 3172 4528 3360 4581; x_wconf 87' lang='lat' dir='ltr'>factus</span> <span class='ocrx_word' id='word_1_850' title='bbox 3404 4532 3491 4582; x_wconf 86' lang='lat' dir='ltr'>est</span> <span class='ocrx_word' id='word_1_851' title='bbox 3523 4532 3667 4581; x_wconf 92' lang='lat' dir='ltr'>tem-</span> 
     </span>
    </p>
   </div>
   <div class='ocr_carea' id='block_1_116' title="bbox 2014 4615 3668 4691">
    <p class='ocr_par' dir='ltr' id='par_1_116' title="bbox 2014 4615 3668 4691">
     <span class='ocr_line' id='line_1_116' title="bbox 2014 4615 3668 4691; baseline -0.004 -16"><span class='ocrx_word' id='word_1_852' title='bbox 2014 4620 2257 4691; x_wconf 85' lang='lat' dir='ltr'>poralis,</span> <span class='ocrx_word' id='word_1_853' title='bbox 2294 4625 2352 4674; x_wconf 94' lang='lat' dir='ltr'>ut</span> <span class='ocrx_word' id='word_1_854' title='bbox 2380 4624 2440 4673; x_wconf 94' lang='lat' dir='ltr'>tu</span> <span class='ocrx_word' id='word_1_855' title='bbox 2469 4617 2577 4671; x_wconf 83' lang='lat' dir='ltr'>tias</span> <span class='ocrx_word' id='word_1_856' title='bbox 2610 4624 2861 4670; x_wconf 64' lang='lat' dir='ltr'>aeternus</span> <span class='ocrx_word' id='word_1_857' title='bbox 2895 4633 2912 4680; x_wconf 90' lang='lat'><em>;</em></span> <span class='ocrx_word' id='word_1_858' title='bbox 2949 4615 3096 4686; x_wconf 85' lang='lat' dir='ltr'>quia</span> <span class='ocrx_word' id='word_1_859' title='bbox 3126 4622 3181 4670; x_wconf 92' lang='lat' dir='ltr'>et</span> <span class='ocrx_word' id='word_1_860' title='bbox 3219 4615 3311 4670; x_wconf 89' lang='lat' dir='ltr'>ille</span> <span class='ocrx_word' id='word_1_861' title='bbox 3357 4616 3439 4670; x_wconf 90' lang='lat' dir='ltr'>sic</span> <span class='ocrx_word' id='word_1_862' title='bbox 3477 4615 3668 4670; x_wconf 87' lang='lat' dir='ltr'>factus</span> 
     </span>
    </p>
   </div>
   <div class='ocr_carea' id='block_1_117' title="bbox 2011 4704 3662 4777">
    <p class='ocr_par' dir='ltr' id='par_1_117' title="bbox 2011 4704 3662 4777">
     <span class='ocr_line' id='line_1_117' title="bbox 2011 4704 3662 4777; baseline -0.002 -14"><span class='ocrx_word' id='word_1_863' title='bbox 2011 4714 2098 4764; x_wconf 81' lang='lat' dir='ltr'>est</span> <span class='ocrx_word' id='word_1_864' title='bbox 2126 4707 2490 4777; x_wconf 86' lang='lat' dir='ltr'>temporalis,</span> <span class='ocrx_word' id='word_1_865' title='bbox 2516 4711 2575 4759; x_wconf 90' lang='lat' dir='ltr'>ut</span> <span class='ocrx_word' id='word_1_866' title='bbox 2595 4709 3150 4759; x_wconf 64' lang='lat' dir='ltr'>maneretmternus.</span> <span class='ocrx_word' id='word_1_867' title='bbox 3170 4705 3432 4760; x_wconf 84' lang='lat' dir='ltr'>Accessit</span> <span class='ocrx_word' id='word_1_868' title='bbox 3456 4704 3535 4759; x_wconf 89' lang='lat' dir='ltr'>illi</span> <span class='ocrx_word' id='word_1_869' title='bbox 3555 4704 3662 4759; x_wconf 84' lang='lat' dir='ltr'>ali-</span> 
     </span>
    </p>
   </div>
   <div class='ocr_carea' id='block_1_118' title="bbox 2012 4792 3671 4867">
    <p class='ocr_par' dir='ltr' id='par_1_118' title="bbox 2012 4792 3671 4867">
     <span class='ocr_line' id='line_1_118' title="bbox 2012 4792 3671 4867; baseline -0.001 -18"><span class='ocrx_word' id='word_1_870' title='bbox 2012 4796 2159 4867; x_wconf 86' lang='lat' dir='ltr'>quid</span> <span class='ocrx_word' id='word_1_871' title='bbox 2205 4810 2275 4849; x_wconf 91' lang='lat' dir='ltr'>ex</span> <span class='ocrx_word' id='word_1_872' title='bbox 2310 4800 2594 4865; x_wconf 89' lang='lat' dir='ltr'>tempore,</span> <span class='ocrx_word' id='word_1_873' title='bbox 2640 4808 2760 4847; x_wconf 91' lang='lat' dir='ltr'>non</span> <span class='ocrx_word' id='word_1_874' title='bbox 2816 4792 3069 4847; x_wconf 89' lang='lat' dir='ltr'>decessit</span> <span class='ocrx_word' id='word_1_875' title='bbox 3107 4810 3177 4848; x_wconf 91' lang='lat' dir='ltr'>ex</span> <span class='ocrx_word' id='word_1_876' title='bbox 3212 4795 3554 4849; x_wconf 68' lang='lat' dir='ltr'>aeternitate.</span> <span class='ocrx_word' id='word_1_877' title='bbox 3587 4796 3671 4848; x_wconf 89' lang='lat' dir='ltr'>&#39;l‘u</span> 
     </span>
    </p>
   </div>
   <div class='ocr_carea' id='block_1_119' title="bbox 2014 4883 3674 4955">
    <p class='ocr_par' dir='ltr' id='par_1_119' title="bbox 2014 4883 3674 4955">
     <span class='ocr_line' id='line_1_119' title="bbox 2014 4883 3674 4955; baseline -0.003 -15"><span class='ocrx_word' id='word_1_878' title='bbox 2014 4890 2214 4940; x_wconf 89' lang='lat' dir='ltr'>autem</span> <span class='ocrx_word' id='word_1_879' title='bbox 2237 4883 2582 4955; x_wconf 87' lang='lat' dir='ltr'>temporalis</span> <span class='ocrx_word' id='word_1_880' title='bbox 2624 4886 2812 4936; x_wconf 81' lang='lat' dir='ltr'>natus</span> <span class='ocrx_word' id='word_1_881' title='bbox 2843 4899 2923 4951; x_wconf 89' lang='lat' dir='ltr'>es,</span> <span class='ocrx_word' id='word_1_882' title='bbox 2958 4888 3013 4937; x_wconf 91' lang='lat' dir='ltr'>et</span> <span class='ocrx_word' id='word_1_883' title='bbox 3043 4898 3148 4953; x_wconf 89' lang='lat' dir='ltr'>per</span> <span class='ocrx_word' id='word_1_884' title='bbox 3188 4888 3500 4953; x_wconf 89' lang='lat' dir='ltr'>peccatum</span> <span class='ocrx_word' id='word_1_885' title='bbox 3532 4888 3674 4936; x_wconf 89' lang='lat' dir='ltr'>tem-</span> 
     </span>
    </p>
   </div>
   <div class='ocr_carea' id='block_1_120' title="bbox 2013 4972 3676 5046">
    <p class='ocr_par' dir='ltr' id='par_1_120' title="bbox 2013 4972 3676 5046">
     <span class='ocr_line' id='line_1_120' title="bbox 2013 4972 3676 5046; baseline -0.004 -17"><span class='ocrx_word' id='word_1_886' title='bbox 2013 4972 2235 5046; x_wconf 91' lang='lat' dir='ltr'>poralis</span> <span class='ocrx_word' id='word_1_887' title='bbox 2259 4972 2448 5028; x_wconf 88' lang='lat' dir='ltr'>factus</span> <span class='ocrx_word' id='word_1_888' title='bbox 2474 4988 2537 5027; x_wconf 94' lang='lat' dir='ltr'>es</span> <span class='ocrx_word' id='word_1_889' title='bbox 2568 4988 2580 5026; x_wconf 89' lang='lat'><strong>:</strong></span> <span class='ocrx_word' id='word_1_890' title='bbox 2617 4978 2678 5026; x_wconf 92' lang='lat' dir='ltr'>tu</span> <span class='ocrx_word' id='word_1_891' title='bbox 2710 4972 2904 5027; x_wconf 88' lang='lat' dir='ltr'>factus</span> <span class='ocrx_word' id='word_1_892' title='bbox 2936 4988 2997 5026; x_wconf 90' lang='lat' dir='ltr'>es</span> <span class='ocrx_word' id='word_1_893' title='bbox 3035 4974 3382 5043; x_wconf 91' lang='lat' dir='ltr'>temporalis</span> <span class='ocrx_word' id='word_1_894' title='bbox 3412 4987 3514 5041; x_wconf 89' lang='lat' dir='ltr'>per</span> <span class='ocrx_word' id='word_1_895' title='bbox 3542 4985 3676 5038; x_wconf 90' lang='lat' dir='ltr'>pec-</span> 
     </span>
    </p>
   </div>
   <div class='ocr_carea' id='block_1_121' title="bbox 2014 5057 3673 5132">
    <p class='ocr_par' dir='ltr' id='par_1_121' title="bbox 2014 5057 3673 5132">
     <span class='ocr_line' id='line_1_121' title="bbox 2014 5057 3673 5132; baseline -0.005 -13"><span class='ocrx_word' id='word_1_896' title='bbox 2014 5069 2234 5127; x_wconf 87' lang='lat' dir='ltr'>catum,</span> <span class='ocrx_word' id='word_1_897' title='bbox 2269 5062 2362 5116; x_wconf 92' lang='lat' dir='ltr'>ille</span> <span class='ocrx_word' id='word_1_898' title='bbox 2395 5061 3039 5132; x_wconf 84' lang='lat' dir='ltr'>factusesttemporalis</span> <span class='ocrx_word' id='word_1_899' title='bbox 3065 5077 3169 5131; x_wconf 91' lang='lat' dir='ltr'>per</span> <span class='ocrx_word' id='word_1_900' title='bbox 3198 5057 3673 5115; x_wconf 90' lang='lat' dir='ltr'>misericordiam</span> 
     </span>
    </p>
   </div>
   <div class='ocr_carea' id='block_1_122' title="bbox 2012 5146 3679 5220">
    <p class='ocr_par' dir='ltr' id='par_1_122' title="bbox 2012 5146 3679 5220">
     <span class='ocr_line' id='line_1_122' title="bbox 2012 5146 3679 5220; baseline -0.004 -14"><span class='ocrx_word' id='word_1_901' title='bbox 2012 5150 2347 5206; x_wconf 87' lang='lat' dir='ltr'>dimittendi</span> <span class='ocrx_word' id='word_1_902' title='bbox 2372 5156 2631 5220; x_wconf 89' lang='lat' dir='ltr'>peccata.</span> <span class='ocrx_word' id='word_1_903' title='bbox 2652 5152 2952 5215; x_wconf 90' lang='lat' dir='ltr'>Quantum</span> <span class='ocrx_word' id='word_1_904' title='bbox 2971 5151 3229 5215; x_wconf 90' lang='lat' dir='ltr'>interest,</span> <span class='ocrx_word' id='word_1_905' title='bbox 3248 5146 3521 5201; x_wconf 88' lang='lat' dir='ltr'>cumduo</span> <span class='ocrx_word' id='word_1_906' title='bbox 3538 5150 3679 5200; x_wconf 89' lang='lat' dir='ltr'>sunt</span> 
     </span>
    </p>
   </div>
   <div class='ocr_carea' id='block_1_123' title="bbox 2014 5234 3679 5306">
    <p class='ocr_par' dir='ltr' id='par_1_123' title="bbox 2014 5234 3679 5306">
     <span class='ocr_line' id='line_1_123' title="bbox 2014 5234 3679 5306; baseline -0.005 -11"><span class='ocrx_word' id='word_1_907' title='bbox 2014 5241 2343 5303; x_wconf 86' lang='lat' dir='ltr'>incarcere,</span> <span class='ocrx_word' id='word_1_908' title='bbox 2370 5240 2518 5293; x_wconf 90' lang='lat' dir='ltr'>inter</span> <span class='ocrx_word' id='word_1_909' title='bbox 2546 5254 2714 5292; x_wconf 91' lang='lat' dir='ltr'>reum</span> <span class='ocrx_word' id='word_1_910' title='bbox 2743 5243 2798 5291; x_wconf 91' lang='lat' dir='ltr'>et</span> <span class='ocrx_word' id='word_1_911' title='bbox 2830 5238 3193 5292; x_wconf 87' lang='lat' dir='ltr'>visitatorem</span> <span class='ocrx_word' id='word_1_912' title='bbox 3226 5236 3412 5306; x_wconf 88' lang='lat' dir='ltr'>ipsius</span> <span class='ocrx_word' id='word_1_913' title='bbox 3445 5234 3471 5288; x_wconf 81' lang='lat'><strong>?</strong></span> <span class='ocrx_word' id='word_1_914' title='bbox 3492 5237 3679 5289; x_wconf 88' lang='lat' dir='ltr'>Homo</span> 
     </span>
    </p>
   </div>
   <div class='ocr_carea' id='block_1_124' title="bbox 2012 5321 3683 5399">
    <p class='ocr_par' dir='ltr' id='par_1_124' title="bbox 2012 5321 3683 5399">
     <span class='ocr_line' id='line_1_124' title="bbox 2012 5321 3683 5399; baseline -0.006 -15"><span class='ocrx_word' id='word_1_915' title='bbox 2012 5330 2173 5385; x_wconf 91' lang='lat' dir='ltr'>enim</span> <span class='ocrx_word' id='word_1_916' title='bbox 2216 5327 2539 5399; x_wconf 86' lang='lat' dir='ltr'>aliquando</span> <span class='ocrx_word' id='word_1_917' title='bbox 2570 5325 2823 5379; x_wconf 87' lang='lat' dir='ltr'>venitad</span> <span class='ocrx_word' id='word_1_918' title='bbox 2870 5325 3131 5379; x_wconf 91' lang='lat' dir='ltr'>amicum</span> <span class='ocrx_word' id='word_1_919' title='bbox 3170 5339 3368 5389; x_wconf 86' lang='lat' dir='ltr'>suum,</span> <span class='ocrx_word' id='word_1_920' title='bbox 3403 5328 3460 5377; x_wconf 91' lang='lat' dir='ltr'>et</span> <span class='ocrx_word' id='word_1_921' title='bbox 3502 5321 3683 5377; x_wconf 88' lang='lat' dir='ltr'>intrat</span> 
     </span>
    </p>
   </div>
   <div class='ocr_carea' id='block_1_125' title="bbox 2018 5410 3685 5479">
    <p class='ocr_par' dir='ltr' id='par_1_125' title="bbox 2018 5410 3685 5479">
     <span class='ocr_line' id='line_1_125' title="bbox 2018 5410 3685 5479; baseline -0.005 -7"><span class='ocrx_word' id='word_1_922' title='bbox 2018 5419 2250 5473; x_wconf 85' lang='lat' dir='ltr'>visitare</span> <span class='ocrx_word' id='word_1_923' title='bbox 2270 5432 2426 5479; x_wconf 91' lang='lat' dir='ltr'>eum,</span> <span class='ocrx_word' id='word_1_924' title='bbox 2457 5422 2509 5469; x_wconf 87' lang='lat' dir='ltr'>et</span> <span class='ocrx_word' id='word_1_925' title='bbox 2532 5414 2713 5469; x_wconf 89' lang='lat' dir='ltr'>ambo</span> <span class='ocrx_word' id='word_1_926' title='bbox 2737 5415 2795 5467; x_wconf 92' lang='lat' dir='ltr'>iu</span> <span class='ocrx_word' id='word_1_927' title='bbox 2818 5428 3051 5467; x_wconf 89' lang='lat' dir='ltr'>carcere</span> <span class='ocrx_word' id='word_1_928' title='bbox 3068 5412 3343 5465; x_wconf 90' lang='lat' dir='ltr'>videntur</span> <span class='ocrx_word' id='word_1_929' title='bbox 3375 5428 3388 5476; x_wconf 92' lang='lat'><strong>;</strong></span> <span class='ocrx_word' id='word_1_930' title='bbox 3414 5410 3517 5465; x_wconf 90' lang='lat' dir='ltr'>sed</span> <span class='ocrx_word' id='word_1_931' title='bbox 3535 5411 3685 5465; x_wconf 89' lang='lat' dir='ltr'>mul-</span> 
     </span>
    </p>
   </div>
   <div class='ocr_carea' id='block_1_126' title="bbox 2021 5500 3679 5572">
    <p class='ocr_par' dir='ltr' id='par_1_126' title="bbox 2021 5500 3679 5572">
     <span class='ocr_line' id='line_1_126' title="bbox 2021 5500 3679 5572; baseline -0.004 -9"><span class='ocrx_word' id='word_1_932' title='bbox 2021 5511 2144 5563; x_wconf 89' lang='lat' dir='ltr'>tum</span> <span class='ocrx_word' id='word_1_933' title='bbox 2158 5502 2705 5559; x_wconf 90' lang='lat' dir='ltr'>distantetdistincti</span> <span class='ocrx_word' id='word_1_934' title='bbox 2721 5502 3054 5557; x_wconf 89' lang='lat' dir='ltr'>sunt.lllum</span> <span class='ocrx_word' id='word_1_935' title='bbox 3074 5517 3261 5557; x_wconf 88' lang='lat' dir='ltr'>causa</span> <span class='ocrx_word' id='word_1_936' title='bbox 3274 5500 3679 5572; x_wconf 91' lang='lat' dir='ltr'>premit,illum</span> 
     </span>
    </p>
   </div>
   <div class='ocr_carea' id='block_1_127' title="bbox 2080 5678 3684 5739">
    <p class='ocr_par' dir='ltr' id='par_1_127' title="bbox 2080 5678 3684 5739">
     <span class='ocr_line' id='line_1_127' title="bbox 2080 5678 3684 5739; baseline -0.002 -7"><span class='ocrx_word' id='word_1_937' title='bbox 2080 5684 2237 5732; x_wconf 68' lang='lat' dir='ltr'>1Am.</span> <span class='ocrx_word' id='word_1_938' title='bbox 2274 5681 2395 5732; x_wconf 89' lang='lat' dir='ltr'>Bad.</span> <span class='ocrx_word' id='word_1_939' title='bbox 2433 5685 2486 5729; x_wconf 82' lang='lat' dir='ltr'>et</span> <span class='ocrx_word' id='word_1_940' title='bbox 2534 5694 2727 5729; x_wconf 87' lang='lat' dir='ltr'>novem</span> <span class='ocrx_word' id='word_1_941' title='bbox 2765 5678 2885 5728; x_wconf 81' lang='lat' dir='ltr'>Mss.</span> <span class='ocrx_word' id='word_1_942' title='bbox 2932 5682 3117 5729; x_wconf 83' lang='lat' dir='ltr'>carent</span> <span class='ocrx_word' id='word_1_943' title='bbox 3152 5678 3237 5728; x_wconf 87' lang='lat' dir='ltr'>his</span> <span class='ocrx_word' id='word_1_944' title='bbox 3278 5678 3479 5739; x_wconf 88' lang='lat' dir='ltr'>verbis,</span> <span class='ocrx_word' id='word_1_945' title='bbox 3512 5678 3684 5739; x_wconf 84' lang='lat' dir='ltr'>Quare</span> 
     </span>
    </p>
   </div>
   <div class='ocr_carea' id='block_1_128' title="bbox 2020 5742 2867 5810">
    <p class='ocr_par' dir='ltr' id='par_1_128' title="bbox 2020 5742 2867 5810">
     <span class='ocr_line' id='line_1_128' title="bbox 2020 5742 2867 5810; baseline -0.008 -12"><span class='ocrx_word' id='word_1_946' title='bbox 2020 5761 2126 5798; x_wconf 79' lang='lat' dir='ltr'>non</span> <span class='ocrx_word' id='word_1_947' title='bbox 2151 5760 2317 5797; x_wconf 86' lang='lat' dir='ltr'>amem</span> <span class='ocrx_word' id='word_1_948' title='bbox 2338 5744 2472 5810; x_wconf 84' lang='lat' dir='ltr'>quod</span> <span class='ocrx_word' id='word_1_949' title='bbox 2504 5744 2624 5809; x_wconf 79' lang='lat' dir='ltr'>fecit</span> <span class='ocrx_word' id='word_1_950' title='bbox 2668 5744 2806 5793; x_wconf 88' lang='lat' dir='ltr'>Deus</span> <span class='ocrx_word' id='word_1_951' title='bbox 2841 5742 2867 5791; x_wconf 75' lang='grc'><strong><em>9</em></strong></span> 
     </span>
    </p>
   </div>
   <div class='ocr_carea' id='block_1_129' title="bbox 2870 5830 3394 5908">
    <p class='ocr_par' dir='ltr' id='par_1_129' title="bbox 2870 5830 3394 5908">
     <span class='ocr_line' id='line_1_129' title="bbox 2870 5830 3394 5908; baseline -0.01 -15"><span class='ocrx_word' id='word_1_952' title='bbox 2870 5830 3394 5908; x_wconf 67' lang='lat' dir='ltr'>(Soizante-trois.)</span> 
     </span>
    </p>
   </div>
   <div class='ocr_carea' id='block_1_130' title="bbox 4096 472 4107 1055">
    <p class='ocr_par' dir='ltr' id='par_1_130' title="bbox 4096 472 4107 1055">
     <span class='ocr_line' id='line_1_130' title="bbox 4096 472 4107 1055; baseline 1.273 -12"><span class='ocrx_word' id='word_1_953' title='bbox 4096 806 4105 1033; x_wconf 54' lang='grc' dir='ltr'>ι</span> 
     </span>
    </p>
   </div>
  </div>
