4164 6184
583 141 722 195 1995

581 265 928 323 humanitas
982 262 1248 324 adduxit.
1297 263 1390 319 Sic
1442 261 1504 316 in
1550 262 1658 316 ista
1701 261 2079 325 mortalitate,
2119 275 2232 315 nos

577 364 747 411 reatu
772 354 1124 411 tenebamur
1153 373 1164 417 ;
1194 351 1289 406 ille
1320 348 1727 405 misericordia
1769 348 2110 404 descendit:
2142 347 2232 401 in-

576 446 754 499 travit
783 443 859 499 ad
892 441 1193 514 captivum
1219 440 1580 509 redemptor,
1600 453 1721 492 non
1752 452 2094 509 oppressor.
2122 438 2232 491 Do-

571 536 775 589 minus
822 548 927 604 pro
978 531 1151 586 nobis
1181 528 1541 596 sanguinem
1573 544 1752 582 suum
1782 527 1954 593 fudit,
1978 526 2231 581 redemit

572 638 701 685 nos,
728 619 981 677 mutavit
1013 634 1184 690 spem
1202 615 1710 672 nostram.Adhuc
1726 619 2039 687 portamus
2074 630 2228 669 mor-

568 711 856 767 talitatem
885 709 1102 771 carnis,
1133 713 1187 762 et
1209 706 1283 761 de
1302 704 1501 760 futura
1520 704 1971 760 immortalitate
2000 718 2228 774 praesu-

569 802 838 855 mimus:
891 801 950 851 et
991 797 1047 850 in
1107 796 1257 849 mari
1309 793 1692 859 ﬂuctuamus,
1754 792 1861 848 sed
1892 792 2227 848 anchoram

569 889 693 960 spei
720 888 779 942 in
808 892 962 942 terra
987 886 1116 955 jam
1151 883 1413 937 tiximus.

645 977 727 1031 11.
764 974 875 1031 Sed
889 989 1010 1029 non
1024 972 1345 1043 diligamus
1360 969 1680 1040 mundum,
1711 985 1906 1041 neque
1932 985 2147 1042 eaquae
2163 969 2223 1024 in

568 1066 800 1141 mundo
828 1068 985 1117 sunt.
1012 1064 1148 1126 Quae
1181 1061 1339 1115 enim
1367 1061 1423 1113 in
1461 1059 1690 1114 mundo
1718 1065 1873 1123 sunt,
1900 1058 2225 1113 desiderium

568 1156 753 1209 carnis
782 1160 876 1219 est,
908 1160 956 1206 et
988 1150 1317 1205 desiderium
1343 1149 1647 1213 oculorum,
1679 1156 1726 1203 et
1757 1148 1981 1203 ambitio
2009 1148 2221 1202 saeculi.

568 1245 700 1300 Tria
722 1247 859 1298 sunt
886 1244 996 1296 ista
1028 1257 1041 1294 :
1070 1256 1143 1294 ne
1170 1240 1304 1310 quis
1329 1238 1476 1293 forte
1515 1238 1692 1307 dicat,
1729 1239 1869 1302 Quae
1902 1238 1962 1291 in
1995 1237 2223 1293 mundo

569 1338 726 1397 sunt,
754 1335 907 1387 Deus
941 1330 1095 1395 fecit,
1127 1329 1187 1382 id
1215 1334 1324 1398 est,
1350 1327 1569 1382 caelum
1597 1332 1904 1394 etterram,
1926 1342 2111 1392 mare,
2132 1342 2223 1382 so-

564 1422 705 1487 lem,
734 1421 963 1485 lunam,
996 1418 1215 1484 stellas,
1265 1418 1466 1471 omnia
1509 1421 1865 1470 ornamenta
1908 1415 2218 1471 caelorum.

567 1512 710 1576 Quae
742 1515 880 1564 sunt
904 1512 1263 1563 ornamenta
1288 1506 1471 1559 maris
1501 1504 2219 1575 iOmniarepentia.Qum

562 1607 731 1657 terrae
762 1598 789 1652 εἴ
817 1596 1135 1660 Animalia,
1167 1596 1439 1657 arbores,
1485 1593 1769 1649 volatilia.
1800 1595 1920 1650 lsta
1974 1599 2113 1649 sunt
2156 1597 2218 1648 in

562 1689 815 1753 mundo,
843 1688 995 1742 Deus
1016 1685 1114 1741 illa
1130 1683 1283 1739 fecit.
1303 1685 1496 1749 Quare
1523 1694 1664 1753 ergo
1693 1698 1813 1737 non
1828 1698 2028 1738 amem
2051 1683 2215 1754 quod

562 1778 713 1832 Deus
743 1777 872 1831 fecit
906 1775 932 1829 εἰ
965 1773 1325 1847 SpiritusDei
1351 1773 1425 1827 sit
1445 1773 1508 1828 in
1537 1777 1612 1837 te,
1638 1772 1914 1828 utvideas
1936 1771 2215 1843 quiahaac

560 1866 769 1923 omnia
794 1866 958 1920 bona
977 1869 1113 1918 sunt
1144 1880 1157 1917 :
1195 1862 1301 1916 sed
1328 1878 1413 1916 vae
1440 1861 1542 1916 tibi
1576 1862 1623 1915 si
1645 1861 1940 1919 amaveris
1954 1861 2213 1927 condita,

559 1961 615 2013 et
641 1954 976 2011 deserueris
1015 1952 1407 2007 conditorem.
1458 1949 1712 2004 Pulchra
1748 1956 1885 2004 sunt
1928 1950 2072 2017 tibi;
2107 1950 2215 2003 sed

557 2050 785 2117 quanto
816 2049 906 2098 est
930 2041 1023 2096 ille
1043 2038 1910 2112 pulchriorquiistaformavit?
1943 2042 2004 2093 tn
2032 2039 2215 2095 endat

558 2132 830 2190 Charitas
860 2138 1073 2187 vestra.
1102 2126 1607 2184 Similitudinibus
1634 2129 1791 2185 enim
1828 2128 2068 2198 potestis
2097 2126 2213 2182 ins-

560 2224 670 2278 trui
702 2238 715 2276 :
745 2236 819 2276 ne
844 2219 1131 2290 subrepat
1145 2218 1314 2274 vobis
1344 2223 1612 2283 satanas,
1645 2216 1851 2271 dicens
1866 2216 2032 2288 quod
2065 2215 2215 2272 solet.

557 2312 772 2377 dicere,
801 2310 952 2365 Bene
978 2308 1148 2364 vobis
1173 2307 1247 2362 sit
1276 2307 1337 2362 in
1360 2313 1633 2362 creatura
1652 2305 1784 2373 Dei;
1809 2320 1995 2377 quare
2020 2305 2121 2361 illa
2134 2304 2213 2361 te-

556 2404 655 2465 cit,
689 2399 804 2455 nisi
837 2399 1061 2453 utbeue
1078 2394 2207 2465 vobissit?Etinebriantur,etpereunt,

557 2495 614 2545 et
641 2488 1075 2544 obliviscuntur
1105 2488 1443 2541 Creatorem
1476 2499 1656 2538 suum
1689 2501 1701 2537 :
1735 2484 1882 2537 dum
1910 2498 2030 2537 non
2062 2487 2210 2538 tem-

558 2580 856 2649 peranter,
890 2574 994 2629 sed
1026 2574 1243 2645 cupide
1276 2579 1521 2627 utuntur
1547 2571 1780 2636 creatis,
1808 2573 2048 2626 Creator
2068 2587 2212 2627 con-

557 2666 856 2721 temnitur.
882 2665 961 2717 De
993 2663 1211 2717 talibus
1241 2661 1384 2715 dicit
1421 2660 1742 2731 ApOstolus
1777 2679 1789 2717 :
1839 2659 2133 2715 Coluerunt
2162 2667 2210 2715 et

554 2756 865 2809 servierunt
888 2759 1153 2807 creatura:
1161 2750 1347 2820 potius
1367 2766 1523 2819 quam
1554 2750 1831 2817 Creatori,
1861 2750 1953 2819 qui
1968 2756 2043 2803 est
2064 2748 2211 2803 bene-

552 2845 731 2899 dictus
756 2844 813 2896 in
830 2841 1027 2897 macula
1050 2840 1226 2910 (Rom.
1256 2855 1295 2906 ι,
1318 2840 1433 2909 25).
1488 2842 1614 2894 Non
1645 2847 1698 2892 te
1746 2837 2024 2908 prohibet
2052 2839 2209 2892 Deus

555 2948 760 2988 amare
790 2931 925 2995 ista,
962 2930 1061 2984 sed
1094 2944 1214 2983 non
1234 2926 1479 2995 diligere
1510 2927 1587 2981 ad
1621 2925 2083 2991 beatitudinem;
2106 2925 2212 2981 sed

556 3021 894 3093 approbare
909 3017 1222 3075 etlaudare
1242 3022 1298 3072 ut
1331 3032 1498 3071 ames
1514 3016 1873 3071 Creatorem.
1908 3016 2211 3080 Quemad-

556 3109 827 3173 modum,
856 3108 1086 3172 fratres,
1107 3107 1153 3160 si
1181 3121 1438 3177 sponsus
1466 3104 1681 3161 faceret
1703 3120 1943 3175 sponsae
1968 3121 2090 3159 suae
2110 3120 2211 3160 an-

556 3198 1281 3267 nulum,etillaacceptum
1299 3193 1592 3249 annulum
1611 3193 2207 3265 plusdiligeretquam

554 3286 1052 3360 sponsumquiilli
1080 3284 1215 3340 fecit
1237 3284 1527 3339 annulum
1558 3298 1787 3345 ;nonne
1815 3282 1873 3336 in
1895 3283 2027 3353 ipso
2048 3284 2209 3339 dono

554 3379 760 3449 sponsi
790 3376 1063 3432 adultera
1088 3374 1291 3429 anima
1312 3371 1877 3444 deprehenderetur,
1924 3373 2207 3443 quamvis

548 3468 662 3523 hoc
683 3463 1092 3536 amaretquod
1114 3463 1278 3517 dedit
1304 3476 1568 3532 sponsus
1589 3460 1616 3514 ?
1640 3461 1803 3515 Certe
1835 3460 1947 3515 hoc
1972 3467 2204 3516 amaret

549 3556 715 3629 quod
736 3554 899 3610 dedit
922 3569 1181 3625 sponsus
1205 3568 1217 3605 :
1242 3558 1440 3606 tamen
1464 3550 1509 3604 si
1537 3548 2017 3613 diceret,Sufticit
2047 3548 2207 3604 mihi

550 3642 1088 3713 annulusiste,jam
1114 3640 1266 3695 illius
1287 3640 1503 3695 faciem
1546 3638 1686 3693 nolo
1716 3638 1915 3693 videre
1946 3660 1956 3702 ;
2010 3638 2213 3710 qualis

549 3741 705 3787 esset
725 3732 908 3796 “IQuis
931 3730 1455 3785 nondetestaretur
1473 3730 1629 3783 hanc
1656 3728 1983 3783 amentiam
2013 3728 2042 3779 ‘2
2071 3727 2211 3799 quis

550 3838 673 3877 non
704 3821 1106 3875 adulterinum
1141 3819 1413 3872 animum
1442 3819 1817 3872 convinceret
1837 3817 1866 3869 ?
1894 3818 2077 3873 Amas
2110 3833 2212 3873 au—

550 3926 685 3966 rum
718 3925 826 3979 pro
866 3909 1009 3972 viro,
1053 3924 1218 3963 amas
1249 3906 1543 3961 annulum
1576 3922 1682 3977 pro
1717 3922 1941 3976 sponso
1976 3922 1987 3959 :
2018 3907 2063 3960 si
2097 3905 2211 3961 hoc

551 3998 709 4054 estin
743 4004 817 4063 te,
848 4004 1076 4051 utames
1102 3994 1393 4049 annulum
1418 4011 1525 4066 pro
1553 4010 1776 4064 sponso
1820 4003 1940 4059 tuo,
1975 4002 2029 4050 et
2060 3994 2212 4049 nolis

554 4089 749 4144 videre
772 4103 1066 4158 sponsum
1086 4088 1286 4155 tuum;
1314 4084 1392 4138 ad
1412 4085 1524 4138 hoc
1555 4083 1656 4139 tibi
1672 4083 1913 4139 arrham
1941 4084 2123 4149 dedit,
2150 4090 2211 4140 ut

552 4194 674 4234 non
703 4184 755 4232 te
786 4177 1225 4247 Oppigneraret,
1255 4173 1360 4227 sed
1392 4178 1697 4228 averteret.
1727 4172 1815 4227 Ad
1862 4174 1975 4229 hoc
2006 4174 2210 4245 utique

562 4267 798 4323 arrham
826 4267 929 4321 dat
959 4280 1236 4335 sponsus,
1270 4264 1416 4317 utin
1447 4262 1619 4317 arrha
1659 4279 1766 4317 sua
1805 4261 1931 4333 ipse
1956 4270 2208 4319 ametur.

559 4360 712 4426 Ergo
738 4356 900 4411 dedit
930 4355 1032 4410 tibi
1062 4353 1574 4417 Deusomniaista,
1592 4350 1910 4407 amaillum
1936 4352 2204 4423 quifecit.

557 4446 694 4501 Plus
734 4451 818 4501 est
846 4444 1010 4517 quod
1040 4443 1140 4498 tibi
1167 4441 1294 4497 vult
1322 4442 1487 4510 dare,
1520 4442 1577 4495 id
1624 4447 1730 4506 est,
1784 4441 2071 4511 seipsum,
2103 4442 2208 4513 qui

553 4536 664 4591 ista
678 4535 828 4590 fecit.
860 4532 1445 4589 Siautemamaveris
1460 4530 1607 4597 haec,
1638 4529 2031 4603 quamvisilla
2052 4532 2207 4585 Deus

552 4625 772 4692 fecerit,
799 4631 855 4678 et
882 4623 1211 4693 neglexeris
1252 4623 1611 4687 Creatorem,
1629 4627 1685 4676 et
1715 4621 2006 4675 amaveris
2034 4636 2206 4674 mun-

550 4715 941 4778 dum;nonne
957 4720 1093 4767 tuus
1124 4727 1295 4767 amor
1323 4709 1695 4766 adulterinus
1720 4710 2097 4780 deputabitur
2124 4711 2139 4745 ¹
2174 4710 2201 4764 ?

620 4804 707 4856 i2.
741 4802 989 4859 Mundus
1020 4802 1179 4856 enim
1211 4800 1549 4872 appellatur
1578 4814 1700 4853 non
1750 4798 1946 4854 solum
1976 4800 2087 4854 ista
2117 4798 2203 4855 fa-

543 4892 710 4949 brica
740 4907 925 4963 quam
951 4890 1269 4955 fecitDeus,
1289 4888 1505 4943 caelum
1530 4892 1586 4942 et
1607 4894 1777 4951 terra,
1796 4902 1981 4951 mare,
1998 4888 2198 4943 visibi-

541 4983 624 5038 lia
657 4989 713 5038 et
739 4978 1061 5037 invisibilia
1095 4995 1105 5031 :
1139 4978 1245 5033 sed
1272 4978 1636 5033 habitatores
1671 4976 1884 5031 mundi
1931 4978 2195 5033 mundus

540 5078 849 5135 vocantur,
882 5070 1192 5143 quomodo
1218 5069 1436 5123 domus
1468 5071 1713 5122 vocatur
1759 5073 1815 5121 et
1858 5066 2108 5136 parietes
2140 5072 2195 5123 et

539 5164 961 5220 inhabitantes.
1011 5162 1077 5215 Et
1116 5158 1443 5230 aliquando
1473 5156 1793 5211 laudamus
1831 5156 2106 5223 domum,
2139 5161 2193 5213 et

539 5255 950 5325 vituperamus
974 5249 1394 5305 inhabitantes.
1423 5247 1681 5301 Dicimus
1704 5246 1886 5312 enim,
1912 5248 2070 5303 Bona
2088 5247 2192 5302 do-

539 5360 675 5397 mus
702 5360 715 5409 ;
748 5344 889 5414 quia
917 5344 1285 5396 marmorata
1312 5343 1399 5393 est
1433 5343 1488 5392 et
1516 5336 1758 5408 pulchre
1780 5336 2057 5409 laqueata
2090 5352 2101 5389 :
2135 5341 2192 5393 et

536 5433 702 5487 aliter
726 5431 1009 5493 dicimus,
1037 5430 1199 5486 Bona
1229 5428 1448 5484 domus
1476 5444 1494 5495 ;
1530 5442 1709 5482 nemo
1741 5426 1823 5481 ibi
1854 5428 2073 5497 patitur
2102 5428 2189 5483 in-

590 5640 603 5665 ι
635 5633 840 5689 Mss.,et
861 5634 1114 5682 amaveris
1130 5633 1395 5693 mundum,
1418 5632 1689 5694 delinquis,
1707 5632 1824 5681 Am.
1842 5631 1973 5682 Bad.
2001 5632 2108 5692 Er.,
2132 5639 2179 5685 et

524 5697 781 5755 amaucris
797 5694 1063 5752 mundum,
1080 5695 1275 5746 amittis
1290 5694 1583 5747 Creatorem
1598 5696 1687 5760 qui
1703 5695 1823 5761 fecit
1840 5696 2111 5750 mundum.

1330 134 1399 189 IN
1439 133 1845 204 EPISTOLAM
1884 132 2181 189 JOANNIS
2224 132 2319 187 AD
2360 131 2712 201 PARTHOS,
2756 135 2817 191 S.
2862 134 3243 192 AUGUSTINI

3800 154 3897 213 l9‘36

2335 256 2579 329 juriam,
2614 261 2791 317 nullae
2806 264 3052 333 rapinas,
3066 262 3244 318 nullae
3258 266 3655 333 oppressiones
3679 272 3749 328 ibi
3773 276 3903 337 ﬁunt.

2342 348 2520 404 Modo
2547 365 2667 405 non
2716 352 2969 422 parietes
3014 352 3359 416 laudamus,
3396 352 3493 407 sed
3546 354 3905 424 inhabitatores

2326 438 2632 507 parietum
2655 439 2900 495 :domus
2919 446 3121 496 tamen
3138 445 3405 506 vocatur,
3427 442 3543 498 sive
3572 444 3680 515 illa,
3698 451 3801 507 sive
3816 453 3907 511 illa.

2337 526 2555 582 Omnes
2569 528 2727 582 enim
2742 528 3054 584 dilectores
3070 528 3304 593 mundi,
3324 530 3467 600 quia
3481 531 3757 593 dilectione
3776 541 3909 599 inha-

2333 614 2528 671 bitant
2594 617 2941 685 mundum;
2986 618 3145 673 sicut
3194 618 3417 673 caelum
3459 620 3760 683 inhabitant
3798 646 3913 702 quo-

2335 719 2469 759 rum
2497 721 2737 761 sursum
2761 712 2851 761 est
2880 722 3001 770 cor,
3050 712 3107 762 et
3132 705 3444 763 ambulant
3483 725 3643 767 carne
3680 714 3729 769 in
3760 721 3909 775 terra:

2333 807 2547 848 omnes
2578 810 2721 865 ergo
2752 795 3067 851 dilectores
3113 795 3325 851 mundi
3367 798 3617 853 mundus
3655 812 3909 864 vocantur.

2330 882 2447 953 Ipsi
2470 898 2588 938 non
2607 884 2954 939 habentnisi
2971 885 3082 941 ista
3093 885 3223 948 tria,
3239 884 3594 942 desiderium
3617 893 3800 956 carnis,
3828 896 3911 951 de-

2334 971 2623 1027 siderium
2659 972 2997 1037 oculorum,
3030 978 3086 1028 et
3134 973 3530 1029 ambitionem
3563 980 3759 1034 saeculi.
3788 983 3913 1039 Desi-

2331 1060 2543 1116 derant
2570 1062 2730 1117 enim
2762 1062 3149 1128 manducare,
3184 1062 3410 1128 bibere,
3453 1068 3826 1140 concumbere,
3851 1075 3912 1128 uti

2331 1149 2737 1222 voluptatibus
2769 1151 2916 1207 istis.
2945 1152 3253 1223 Numquid
3267 1168 3391 1208 non
3418 1159 3499 1207 est
3525 1155 3580 1209 in
3599 1155 3682 1210 his
3695 1159 3912 1215 modus?

2330 1241 2442 1293 Aut
2470 1240 2717 1311 quando
2743 1240 2977 1306 dicitur,
2994 1240 3304 1296 Noliteista
3325 1241 3703 1310 diligere,hoc
3722 1246 3912 1321 dicitur,

2331 1333 2394 1383 ut
2421 1343 2541 1383 non
2568 1329 2964 1395 manducetis,
2995 1336 3097 1384 aut
3122 1344 3243 1385 non
3270 1330 3513 1397 bibatis,
3537 1332 3784 1389 autﬁlios
3819 1353 3912 1393 non

2327 1416 2645 1486 procreetis
2673 1415 2837 1472 7Non
2862 1417 2977 1473 hoc
3002 1417 3239 1473 dicitur.
3274 1417 3389 1473 Sed
3406 1421 3478 1474 sit
3503 1422 3703 1476 modus
3722 1432 3915 1495 propter

2328 1506 2687 1570 Creatorem,
2729 1510 2793 1562 ut
2830 1522 2952 1562 non
2985 1522 3088 1562 vos
3114 1506 3339 1576 illigent
3366 1508 3483 1563 ista
3517 1509 3834 1577 dilectione;
3860 1528 3916 1569 ne

2325 1594 2403 1650 ad
2428 1594 2750 1650 fruendum
2791 1596 2905 1650 hoc
2935 1596 3346 1667 ametis,quod
3360 1597 3440 1653 ad
3454 1599 3721 1654 utendum
3739 1601 3917 1658 habere

2323 1682 2573 1741 debetis.
2602 1686 2728 1739 Non
2762 1690 2962 1740 autem
2994 1685 3359 1756 probamini,
3393 1686 3506 1740 nisi
3530 1687 3757 1758 quando
3780 1689 3917 1745 vobis

2322 1772 2895 1843 proponunturduo,
2914 1773 3028 1829 hoc
3042 1781 3145 1829 aut
3157 1772 3331 1828 illud:
3353 1775 3645 1830 Justitiam
3661 1776 3758 1844 vis,
3782 1793 3845 1832 an
3858 1778 3921 1832 lu-

2322 1875 2423 1915 cra
2442 1860 2608 1917 ?Non
2637 1861 2830 1922 habeo
2852 1862 3006 1918 unde
3020 1862 3243 1927 vivam,
3262 1878 3381 1919 non
3400 1864 3589 1920 habeo
3616 1865 3755 1920 unde
3784 1882 3916 1921 man-

2320 1951 2557 2019 ducem,
2586 1966 2711 2007 non
2755 1952 2952 2007 habeo
2987 1952 3148 2007 unde
3175 1951 3414 2008 bibam.
3454 1953 3561 2009 Sed
3577 1954 3731 2025 quid,
3762 1954 3919 2010 sinon

2319 2044 2489 2111 potes
2519 2038 2739 2095 habere
2770 2041 2881 2095 ista
2898 2039 3010 2095 nisi
3042 2056 3146 2111 per
3171 2040 3547 2113 iniquitatem
3572 2041 3598 2095 ‘P
3624 2045 3803 2098 Nonne
3827 2058 3921 2098 me-

2320 2129 2435 2186 lius
2458 2145 2630 2184 amas
2642 2130 2805 2201 quod
2821 2145 2939 2185 non
2952 2130 3199 2194 amittis,
3214 2146 3404 2201 quam
3421 2131 3773 2204 iniquitatem
3792 2148 3920 2188 com-

2320 2217 2540 2273 mittis?
2560 2218 2813 2273 Lucrum
2833 2218 2962 2274 auri
2991 2219 3178 2284 vides,
3194 2220 3491 2276 damnum
3505 2221 3637 2276 tidei
3654 2237 3760 2276 non
3772 2220 3915 2276 vides.

2319 2308 2440 2363 Hoc
2477 2323 2640 2378 ergo,
2676 2308 2758 2362 ait
2795 2308 2988 2371 nobis,
3029 2308 3363 2363 desiderium
3414 2310 3597 2364 carnis
3637 2317 3726 2376 est,
3754 2310 3806 2365 id
3830 2316 3915 2378 est,

2318 2396 2680 2451 desiderium
2700 2412 2908 2453 earum
2928 2412 3125 2452 rerum
3144 2413 3279 2469 quae
3298 2399 3594 2469 pertinent
3609 2399 3680 2454 ad
3701 2414 3914 2463 carnem,

2320 2485 2470 2540 sicut
2500 2484 2671 2540 cibus
2702 2491 2759 2541 et
2791 2485 3167 2551 concubitus,
3202 2492 3261 2542 et
3280 2493 3501 2544 caetera
3531 2487 3860 2559 hujusmodi.

2394 2575 2565 2629 t3.Et
2582 2574 2903 2629 desiderium
2918 2575 3228 2631 acutorum:
3261 2577 3626 2633 desiderium
3657 2574 3917 2632 oculorum

2319 2664 2459 2719 dicit
2496 2679 2741 2719 omnem
2773 2665 3195 2721 curiositatem.
3222 2668 3351 2721 lam
3375 2683 3561 2738 quam
3578 2667 3923 2736 latepatetcu-

2319 2753 2553 2809 riositas
2591 2752 2618 2805 ?
2650 2754 2787 2824 Ipsa
2816 2753 2875 2808 in
2908 2753 3282 2824 spectaculis,
3312 2755 3371 2810 in
3412 2755 3669 2819 theatris,
3695 2755 3745 2809 in
3772 2766 3925 2809 sacra.

2316 2843 2533 2897 mentis
2554 2842 2796 2905 diaboli,
2823 2844 2881 2897 in
2906 2842 3151 2911 magicis
3168 2843 3426 2911 artibus,
3450 2845 3509 2899 in
3532 2842 3809 2899 maleﬁciis
3824 2842 3926 2912 ipsa

2318 2936 2404 2989 est
2428 2931 2759 2986 curiositas.
2787 2930 3123 3002 Aliquando
3146 2936 3332 2988 tentat
3351 2935 3540 2989 etiam
3560 2948 3749 2988 servos
3765 2930 3866 2997 Dei,
3882 2934 3929 2983 ut

2318 3018 2501 3074 velint
2520 3019 2695 3090 quasi
2714 3019 3300 3087 miraculumfacere,
3326 3027 3558 3078 tentare
3587 3027 3769 3076 utrum
3791 3032 3931 3074 exau-

2316 3108 2441 3163 diat
2468 3108 2599 3163 illos
2626 3109 2778 3163 Deus
2800 3110 2860 3163 in
2884 3108 3193 3164 miraculis
3226 3125 3241 3175 ;
3270 3112 3593 3167 curiositas
3626 3114 3730 3173 est,
3750 3108 3848 3163 hoc
3869 3109 3937 3159 est

2316 3196 2673 3251 desiderium
2696 3197 3009 3253 oculorum
3031 3213 3181 3264 ;non
3196 3206 3330 3255 esta
3355 3199 3549 3256 Patre.
3568 3199 3621 3255 Si
3636 3197 3929 3255 deditDeUS.

2316 3284 2409 3339 fac
2452 3301 2463 3351 ;
2493 3285 2705 3341 obtulit
2737 3286 2896 3341 enim
2931 3286 3187 3342 ntt'acias
3212 3300 3361 3343 :non
3397 3287 3674 3360 enimqui
3702 3300 3808 3342 non
3823 3284 3936 3338 iece-

2315 3380 2476 3441 runt,
2495 3375 2572 3430 ad
2596 3390 2853 3444 regnum
2875 3376 2976 3431 Dei
3008 3392 3130 3432 non
3154 3377 3571 3448 pertinebunt.
3600 3378 3733 3432 Cum
3761 3371 3938 3443 gaude-

2326 3463 2727 3533 rentApostoli
2750 3465 2894 3535 quia
2916 3464 3218 3520 daemonia
3239 3465 3325 3520 eis
3351 3465 3624 3537 subjecta
3637 3454 3935 3532 erant,quid

2327 3551 2410 3607 eis
2441 3552 2587 3606 dixit
2621 3554 2904 3608 Dominus
2918 3553 3214 3610 ‘INotitein
3245 3554 3342 3609 hoc
3367 3555 3631 3627 gaudere;
3658 3552 3739 3607 sed
3760 3547 3939 3623 gaudete

2322 3644 2571 3712 quoniam
2611 3642 2833 3696 nomina
2871 3650 3052 3699 vestra
3087 3644 3297 3714 scripta
3325 3652 3453 3701 sunt
3496 3647 3555 3698 in
3583 3642 3702 3698 calo
3729 3640 3863 3712 (Luc.
3890 3648 3936 3697 Χ,

2322 3733 2429 3799 20).
2456 3730 2598 3785 inde
2628 3731 2810 3788 voluit
2833 3732 3094 3802 gaudere
3119 3734 3462 3805 Apostolos,
3488 3734 3645 3789 unde
3672 3728 3871 3800 gaudes
3896 3730 3939 3778 et

2323 3824 2405 3875 tu.
2424 3820 2519 3875 Vae
2548 3820 2648 3876 tibi
2675 3821 2857 3885 enim,
2878 3820 2927 3875 si
2944 3828 3347 3878 nomentuum
3372 3838 3497 3879 non
3512 3828 3597 3878 est
3610 3821 3865 3891 scriptum
3890 3812 3936 3865 in

2321 3908 2490 3964 coelo.
2509 3909 2813 3981 Numquid
2827 3926 2913 3965 vae
2932 3910 3049 3975 tibi,
3068 3912 3119 3965 si
3135 3926 3258 3967 non
3279 3912 3662 3969 suscitaveris
3683 3898 3938 3964 mortuos?

2320 3997 2619 4069 numquid
2635 4014 2721 4053 vaa
2737 3999 2919 4065 tibi,si
2933 4014 3053 4055 non
3067 3999 3482 4057 ambulaveris
3506 4003 3567 4055 in
3592 3996 3781 4054 mari?
3803 4005 3939 4048 num-

2319 4086 2466 4158 quid
2496 4102 2586 4141 ναξ
2615 4087 2735 4158 tibi,
2770 4088 2816 4142 si
2844 4104 2966 4143 non
3011 4089 3337 4144 excluseris
3364 4088 3698 4145 daemonia?
3727 4086 3779 4141 Si
3807 4093 3942 4138 acce-

2318 4176 2460 4248 pisti
2476 4176 2633 4232 unde
2648 4176 2859 4245 facias,
2878 4182 3037 4233 utere
3051 4179 3376 4245 humiliter,
3394 4194 3517 4235 non
3544 4175 3803 4249 superbe.
3821 4173 3939 4225 Nam

2319 4265 2466 4321 etde
2506 4266 2871 4337 quibusdam
2903 4268 3446 4339 pseudoprophetis
3484 4266 3636 4324 dixit
3674 4262 3939 4325 Dominus,

2317 4354 2461 4426 quia
2483 4356 2692 4411 facturi
2719 4362 2855 4411 sunt
2877 4358 3052 4426 signa
3068 4362 3125 4412 et
3144 4358 3425 4427 prodigia
3445 4355 3667 4428 (Matth.
3689 4346 3939 4414 niv,25)-

2319 4445 2468 4513 Ergo
2481 4458 2603 4499 non
2619 4444 2694 4499 sit
2707 4444 2956 4500 ambitio
2972 4445 3242 4500 SECU“.A
3253 4446 3469 4502 mbitio
3482 4442 3677 4500 saeculi
3692 4432 3940 4510 superbia

2314 4536 2427 4588 est.
2461 4532 2693 4588 Jactare
2718 4548 2779 4589 se
2810 4533 2935 4589 vult
2960 4533 3021 4589 in
3044 4533 3415 4601 honoribus;
3444 4547 3700 4604 magnus
3734 4525 3840 4583 sibi
3874 4522 3940 4577 vi-

2312 4621 2483 4676 detur
2504 4622 2837 4685 homo,sive
2862 4622 2936 4677 de
2948 4622 3193 4689 divitiis,
3217 4623 3341 4679 sive
3372 4624 3450 4680 de
3472 4623 3669 4694 aliqua
3689 4611 3935 4692 potentia.

2387 4710 2470 4764 14.
2486 4710 2616 4767 Tria
2644 4718 2781 4766 sunt
2795 4712 2931 4776 ista,
2946 4717 3004 4767 et
3017 4712 3161 4767 nihil
3186 4712 3422 4769 invenis
3438 4712 3597 4767 unde
3614 4712 3847 4766 tentetur
3857 4716 3935 4757 cu-

2311 4799 2530 4870 piditas
2564 4800 2851 4867 humana,
2874 4801 2987 4856 nisi
3025 4807 3129 4857 aut
3149 4801 3454 4858 desiderio
3483 4799 3699 4863 carnis,
3731 4798 3827 4852 aut
3848 4790 3935 4845 de-

2308 4886 2522 4944 siderio
2546 4888 2878 4960 oculorum,
2912 4894 3017 4945 aut
3066 4889 3395 4947 ambitione
3441 4888 3668 4946 saeculi.
3712 4886 3807 4939 Per
3842 4881 3935 4935 ista

2307 4979 2417 5033 tria
2436 4983 2697 5035 tentatus
2730 4986 2816 5035 est
2844 4980 3133 5035 Dominus
3162 4998 3198 5037 a
3218 4979 3495 5036 diabolo.
3527 4974 3809 5034 Desiderio
3829 4981 3934 5023 car—

2306 5066 2398 5121 nis
2429 5071 2686 5123 tentatus
2716 5074 2804 5124 est
2827 5069 3075 5140 quando
3101 5069 3329 5129 dictum
3365 5076 3457 5125 est
3484 5069 3564 5136 ei,
3587 5068 3645 5122 Si
3669 5052 3933 5121 FitiusDa'

2301 5171 2372 5223 es,
2404 5155 2490 5210 dic
2522 5157 2794 5228 lapidibus
2820 5159 2942 5213 istis
2966 5164 3027 5213 ut
3040 5175 3209 5229 panes
3237 5160 3378 5230 ﬁant
3400 5180 3423 5228 ,-
3442 5157 3688 5230 quando
3716 5145 3929 5208 esurivit

2304 5251 2436 5316 post
2459 5246 2776 5316 jejunium.
2808 5248 2920 5303 Sed
2945 5249 3255 5321 quomodo
3271 5249 3503 5319 repulit
3521 5238 3928 5302 tentatorem,et

2296 5335 2498 5390 docuit
2522 5350 2791 5407 pugnare
2815 5335 3059 5392 militem
3091 5335 3372 5393 PAttende
3398 5334 3549 5407 quid
3575 5334 3656 5388 illi
3686 5331 3761 5386 ait
3784 5342 3798 5380 :
3821 5322 3925 5379 Non

2293 5422 2352 5477 in
2382 5424 2489 5479 solo
2518 5441 2654 5495 pane
2683 5425 2821 5479 vivit
2846 5424 3015 5492 homo,
3030 5425 3121 5479 sed
3146 5426 3204 5480 in
3228 5425 3377 5480 omni
3412 5424 3573 5479 verba
3598 5420 3715 5478 Dei.
3740 5416 3924 5473 Tenta-

2290 5516 2386 5567 tus
2406 5518 2494 5569 est
2523 5520 2578 5570 et
2603 5514 2898 5570 desiderio
2925 5514 3236 5571 oculorum
3264 5514 3336 5570 de
3370 5512 3681 5579 miraculo,
3704 5500 3921 5580 quando

2286 5601 2339 5657 ei
2370 5602 2520 5658 dixit
2551 5619 2565 5658 :
2604 5602 2765 5661 Mitte
2792 5612 2842 5661 te
2860 5603 3125 5672 deorsum,
3157 5604 3287 5677 quia
3312 5602 3581 5675 scriptum
3607 5589 3921 5667 astringe“!

2276 5691 2391 5750 suis
2415 5692 2769 5752 mandam‘tdo
2794 5701 2866 5764 te,
2893 5695 3270 5769 utsuscipiant
3280 5699 3353 5763 te,
3382 5686 3667 5768 aequandi
3684 5688 3753 5760 οῙῘ
3768 5680 3911 5743 σκάα
