4182 6198
226 216 366 274 2001

228 342 304 399 de
335 341 618 407 Ecclesia,
660 343 716 397 et
760 340 838 397 ab
889 341 1113 398 unitate
1143 341 1416 397 Ecclesiae
1459 340 1885 413 praeciduntur,

228 431 562 488 antichristi
581 435 749 486 sunt:
781 446 961 486 nemo
983 430 1209 486 dubitet
1241 449 1254 499 ;
1281 431 1407 502 ipse
1425 432 1582 486 enim
1607 430 1887 500 designa-

225 522 331 587 vit,
367 522 458 575 Ex
488 520 637 575 nobis
677 520 944 585 exierunt,
986 520 1076 575 sed
1096 538 1201 575 non
1233 528 1391 575 erant
1432 538 1498 575 ex
1530 520 1677 575 nobis
1707 535 1728 575 :
1760 538 1881 574 nam

226 610 277 665 si
324 610 562 679 fuissent
619 626 682 664 ex
713 609 884 675 nobis,
914 610 1338 680 permansissent
1369 611 1560 680 utique
1593 609 1881 664 nobiscum.

228 699 604 769 Quicumque
649 713 790 770 ergo
822 714 941 754 non
978 704 1221 755 manent
1267 699 1607 766 nobiscum,
1642 698 1745 752 sed
1786 714 1885 754 ex—

228 792 371 843 eunt
423 803 495 842 ex
540 786 735 855 nobis,
780 789 1162 844 manifestum
1207 793 1293 844 est
1340 788 1503 859 quod
1555 786 1882 843 antichristi

230 882 389 932 sunt.
424 878 489 932 Et
515 876 825 948 quomodo
844 877 1179 948 probantur
1203 876 1535 933 antichristi
1560 876 1589 932 7
1617 877 1696 931 Ex
1711 891 1883 931 men-

231 964 423 1021 dacio.
474 968 540 1021 Et
568 965 686 1037 quis
716 972 789 1021 est
814 966 1069 1032 mendax,
1101 968 1211 1021 nisi
1242 967 1335 1038 qui
1381 973 1543 1038 negat
1573 965 1709 1037 quod
1737 967 1884 1022 Iesus

228 1072 333 1109 non
368 1062 448 1111 est
491 1053 739 1109 Christus
764 1053 792 1109 ?
825 1058 1260 1125 lnterrogemus
1303 1055 1617 1112 haereticos
1654 1073 1666 1110 :
1700 1070 1880 1128 quem

227 1144 466 1199 invenis
500 1142 864 1208 haereticum,
902 1144 1007 1215 qui
1048 1150 1226 1213 negat
1270 1145 1412 1216 quia
1449 1145 1619 1199 Jesus
1650 1160 1771 1200 non
1795 1149 1883 1201 est

229 1232 495 1290 Christus
532 1233 561 1287 ?
591 1232 798 1288 Videat
836 1233 1102 1289 Charitas
1128 1238 1323 1289 vestra
1350 1249 1641 1302 magnum
1688 1248 1881 1288 sacrit-

228 1326 521 1377 mentum.
564 1318 855 1377 Attendite
885 1321 1033 1393 quid
1069 1322 1445 1394 inspiraverit
1476 1322 1650 1377 nobis
1684 1322 1884 1377 Domi-

228 1426 345 1466 nus
366 1410 767 1482 Deus,etquid
793 1410 1096 1466 insinuare
1113 1412 1287 1466 vobis
1330 1411 1526 1467 velim.
1554 1413 1698 1466 Ecce
1730 1410 1883 1465 exie-

227 1504 367 1555 runt
388 1516 422 1554 a
448 1499 644 1566 nobis,
669 1502 725 1554 et
758 1498 897 1554 facti
927 1500 1415 1557 suntDonatistaa:
1442 1500 1882 1569 interrogamus

227 1604 330 1645 eos
352 1592 562 1644 utrum
594 1590 760 1643 Iesus
801 1587 874 1644 sit
904 1587 1166 1644 Christus
1206 1604 1220 1655 ;
1282 1589 1479 1644 statim
1524 1588 1883 1645 conﬁtentur

225 1677 370 1750 quia
391 1678 560 1732 Jesus
587 1677 850 1733 Christus
882 1681 985 1732 est.
1022 1678 1077 1734 Si
1115 1693 1257 1746 ergo
1291 1677 1387 1732 ille
1427 1680 1514 1733 est
1568 1676 1882 1733 antichris-

226 1772 322 1823 tus
347 1768 450 1839 qui
489 1770 670 1835 negat
695 1766 896 1821 Jesum
926 1781 1061 1821 esse
1107 1765 1426 1829 Christum,
1466 1782 1574 1821 nec
1601 1781 1711 1822 nos
1744 1781 1881 1837 pos-

228 1861 368 1911 sunt
387 1854 470 1911 illi
493 1854 689 1909 dicere
718 1854 1117 1920 antichristos,
1150 1870 1262 1910 nec
1289 1870 1401 1910 nos
1434 1854 1561 1909 illos
1597 1870 1611 1921 ;
1644 1853 1787 1926 quia
1826 1858 1883 1910 et

225 1959 337 1999 nos
372 1942 745 2009 confitemur,
775 1947 832 1998 et
862 1942 965 2000 illi.
998 1942 1055 1998 Si
1084 1957 1226 2012 ergo
1264 1958 1373 1999 nec
1400 1943 1478 1998 illi
1505 1958 1614 1998 nos
1650 1942 1877 2008 dicunt,

227 2047 337 2088 nec
363 2047 477 2088 nos
505 2031 675 2099 illos;
721 2046 864 2102 ergo
905 2046 1014 2087 nec
1041 2030 1121 2086 illi
1167 2047 1203 2087 a
1250 2031 1428 2087 nobis
1454 2032 1737 2097 exierunt,
1771 2046 1880 2087 nec

225 2137 335 2177 nos
368 2120 447 2176 ab
491 2120 654 2192 ipsis.
703 2121 758 2176 Si
811 2136 952 2191 ergo
1006 2135 1130 2177 non
1179 2136 1215 2177 a
1263 2121 1439 2176 nobis
1468 2120 1786 2185 exivimus,
1818 2120 1879 2174 in

226 2210 452 2267 unitate
486 2225 695 2265 sumus
730 2225 743 2265 :
778 2209 825 2265 si
856 2210 913 2264 in
946 2209 1171 2265 unitate
1207 2226 1436 2275 sumus,
1478 2209 1625 2281 quid
1656 2209 1880 2266 faciunt

226 2300 282 2355 in
332 2300 446 2355 hac
484 2298 715 2355 civitate
753 2298 876 2354 duo
908 2299 1119 2355 altaria
1146 2299 1175 2355 ?
1213 2299 1360 2370 quid
1391 2298 1619 2355 faciunt
1669 2298 1879 2354 divisas

228 2388 470 2452 domus,
494 2388 680 2443 divisa
710 2387 992 2460 conjugia
1021 2387 1049 2442 ‘I
1074 2388 1218 2459 quid
1247 2387 1741 2444 facitcommunis
1763 2388 1880 2443 lec-

228 2480 409 2539 tus,et
427 2476 649 2531 divisus
663 2476 1271 2533 Christus?Admonet
1300 2492 1434 2544 nos,
1464 2476 1591 2533 vult
1609 2492 1720 2531 nos
1742 2476 1880 2532 fate-

227 2566 273 2621 ri
290 2566 457 2639 quod
476 2582 681 2622 verum
695 2571 803 2622 est.
819 2568 929 2622 Aut
948 2566 1060 2638 ipsi
1081 2583 1116 2622 a
1140 2566 1314 2621 nobis
1334 2566 1623 2630 exierunt,
1647 2570 1750 2622 aut
1771 2581 1882 2621 nos

231 2655 308 2712 ab
340 2655 503 2726 ipsis.
533 2655 643 2711 Sed
674 2654 831 2711 absit
856 2662 914 2710 ut
940 2671 1048 2710 nos
1080 2654 1157 2710 ab
1184 2656 1327 2725 ipsis
1360 2655 1690 2711 :habemus
1721 2655 1881 2710 enim

231 2749 653 2801 testamentum
666 2744 983 2800 dominicae
996 2745 1786 2810 haereditatis,recitamus,et
1804 2744 1883 2799 ibi

233 2850 341 2889 nos
368 2833 727 2895 invenimus,
757 2833 902 2888 Dabo
927 2833 1030 2887 tibi
1073 2840 1248 2902 gentes
1277 2833 1593 2888 haeridatem
1633 2840 1800 2898 tuam,
1835 2840 1885 2887 et

228 2921 609 2993 possessionem
622 2928 770 2976 tuam
788 2922 1220 2977 terminosterrae
1235 2921 1407 2991 (Psal.
1424 2938 1480 2987 ιι,
1498 2923 1574 2991 8).
1593 2924 1885 2976 Tenemus

228 3010 636 3067 haereditatem
664 3010 871 3066 Christi
900 3030 911 3068 :
941 3010 1021 3064 illi
1050 3026 1183 3065 eam
1198 3025 1319 3065 non
1339 3015 1705 3074 tenent;non
1726 3026 1883 3065 com~

231 3101 544 3156 municant
569 3100 697 3155 orbi
729 3106 1039 3167 terrarum,
1057 3116 1176 3156 non
1192 3101 1641 3156 communicant
1656 3100 1884 3154 univer-

229 3190 388 3245 sitati
426 3190 752 3260 redemptae
776 3189 1065 3258 sanguine
1100 3188 1659 3245 Domini.Habemus
1683 3189 1885 3258 ipsum

229 3278 557 3335 Dominum
588 3281 993 3346 resurgentem
1031 3293 1066 3333 a
1088 3276 1361 3341 mortuis,
1394 3277 1497 3349 qui
1520 3292 1583 3331 se
1602 3276 1886 3332 dubitan-

228 3368 379 3422 tium
412 3366 695 3421 manibus
713 3365 1141 3436 discipulorum
1158 3365 1410 3436 praebuit
1424 3365 1890 3437 palpandum.Et

228 3472 368 3512 cum
402 3455 603 3511 adhuc
633 3454 712 3509 illi
740 3454 1102 3517 dubitarent,
1123 3456 1203 3510 ait
1228 3454 1341 3509 illis
1369 3473 1381 3509 :
1414 3454 1704 3525 Oportebat
1730 3453 1891 3509 Chri-

228 3549 373 3600 stum
381 3544 505 3616 pati
514 3550 578 3604 .et
591 3558 872 3613 resurgere
898 3544 1063 3606 tertia
1087 3542 1248 3610 die,et
1269 3543 1577 3614 praedicari
1596 3544 1655 3597 in
1675 3543 1891 3597 nomine

226 3635 340 3705 eius
358 3633 621 3705 pcenitent
630 3632 737 3686 iam
755 3638 804 3687 et
822 3632 1189 3686 remissionem
1203 3631 1669 3703 peccatorum.Ubi
1682 3630 1709 3684 ?
1721 3646 1842 3699 qua
1862 3629 1890 3685 ‘t

225 3723 453 3796 quibus
469 3721 497 3775 ?
512 3722 619 3777 Per
630 3737 806 3777 omnes
824 3728 1019 3792 gentes,
1036 3722 1299 3792 incipiens
1322 3722 1387 3775 ab
1402 3720 1702 3776 Jerusalem
1727 3720 1885 3789 (Luc.

225 3828 384 3877 xxtv,
412 3814 481 3867 46
495 3818 542 3866 et
566 3811 675 3881 47).
697 3811 897 3867 Securi
929 3827 1139 3865 sumus
1161 3810 1235 3865 de
1251 3811 1471 3865 unitate
1492 3808 1882 3864 hiereditatis.

225 3899 513 3971 Quisquis
540 3899 679 3954 huic
710 3898 1040 3955 htereditati
1086 3914 1208 3955 non
1263 3897 1691 3961 communicat,
1726 3896 1885 3952 foras

222 3990 385 4047 exiit.

295 4098 350 4151 8.
380 4095 491 4152 Sed
524 4111 644 4151 non
677 4096 1095 4151 contristemur
1128 4111 1140 4149 :
1175 4096 1267 4150 Em
1298 4093 1447 4149 nobis
1478 4093 1755 4161 exierunt,
1787 4094 1883 4148 sed

220 4202 331 4239 non
381 4191 634 4239 erantex
666 4184 822 4240 nobis
849 4203 871 4239 .·
914 4201 1038 4239 nam
1076 4185 1129 4238 si
1149 4184 1391 4255 fuissent
1430 4200 1495 4238 ea:
1546 4183 1716 4251 nobis,
1756 4199 1881 4254 per-

224 4274 545 4329 mansissent
564 4275 747 4345 utique
777 4273 1066 4329 nobiscum.
1099 4273 1157 4328 Si
1175 4288 1315 4341 ergo
1337 4288 1408 4327 ex
1423 4272 1595 4327 nobis
1610 4272 1879 4328 exierunt

221 4364 556 4420 antichristi
573 4364 798 4429 sunt;si
823 4362 1324 4427 antichristisunt,
1353 4360 1676 4417 mendaces
1698 4368 1872 4431 sunt;

219 4453 268 4508 si
290 4451 617 4507 mendaces
648 4457 805 4517 sunt,
823 4457 1044 4521 negant
1063 4454 1261 4506 Jesum
1282 4466 1409 4505 esse
1433 4449 1751 4505 Christum.
1772 4452 1873 4504 lte-

214 4558 354 4598 rum
382 4540 651 4596 redimus
694 4540 770 4596 ad
802 4540 1215 4595 difﬁcultatem
1256 4538 1620 4610 quiestionis.
1667 4539 1876 4609 Singu-

217 4631 647 4700 losinterroga,
666 4630 1027 4685 conﬁtentur
1041 4631 1239 4684 Jesum
1260 4644 1393 4683 esse
1428 4628 1743 4684 Christum.
1772 4630 1875 4684 Co-

220 4724 415 4776 arctat
446 4734 555 4774 nos
601 4723 893 4790 angustus
944 4718 1274 4773 intellectus
1322 4718 1380 4772 in
1429 4718 1543 4773 hac
1577 4717 1867 4789 Epistola.

218 4809 449 4865 Videtis
482 4812 637 4863 certe
679 4808 1073 4879 quaestionem
1107 4823 1120 4872 ;
1148 4807 1276 4862 haec
1302 4806 1555 4878 quaestio
1587 4811 1642 4861 et
1674 4809 1876 4862 nos‘et

216 4900 387 4972 ipsos
412 4897 633 4967 turbat,
653 4897 699 4950 si
724 4912 844 4951 non
870 4896 1260 4965 intelligatur.
1289 4900 1401 4949 Aut
1419 4911 1528 4949 nos
1542 4911 1753 4949 sumus
1769 4910 1879 4950 an-

221 4985 498 5052 tichristi,
532 4991 634 5039 aut
656 4983 733 5039 illi
767 4989 901 5040 sunt
928 4983 1252 5040 antichristi
1282 5004 1293 5036 :
1326 4982 1406 5037 illi
1432 4999 1541 5038 nos
1570 4983 1880 5038 antichris-

217 5082 311 5131 tos
362 5077 604 5141 vocant,
654 5077 713 5127 et
740 5072 946 5127 dicunt
975 5072 1140 5144 quod
1172 5072 1461 5127 exivimus
1492 5071 1570 5126 ab
1601 5072 1682 5125 eis
1717 5088 1730 5137 ;
1766 5086 1878 5125 nos

216 5164 353 5219 illos
398 5161 671 5217 similiter
716 5178 729 5216 :
765 5162 869 5216 sed
910 5160 1247 5230 designavit
1276 5161 1404 5216 haec
1439 5160 1700 5232 Epistota
1732 5160 1880 5215 anti-

217 5253 503 5309 christos.
521 5251 897 5322 Quicumque
921 5256 1096 5320 negat
1110 5249 1272 5322 quod
1286 5250 1455 5303 Jesus
1473 5264 1592 5304 non
1609 5248 1882 5303 sitChris-

218 5347 337 5407 tus,
363 5341 499 5412 ipse
524 5344 616 5395 est
639 5338 1038 5395 antichristus.
1059 5341 1187 5394 Jam
1210 5354 1353 5408 ergo
1374 5352 1722 5409 quaeramus
1742 5336 1881 5409 quis

218 5437 403 5502 neget
438 5452 449 5496 ;
485 5435 541 5485 et
571 5444 691 5484 non
724 5429 1109 5485 attendamus
1126 5428 1203 5484 ad
1225 5428 1516 5498 linguam,
1539 5427 1638 5482 sed
1658 5426 1736 5482 ad
1764 5427 1883 5483 fac-

220 5526 300 5576 ta.
349 5521 406 5575 Si
439 5519 601 5574 enim
632 5534 844 5573 omnes
878 5518 1333 5587 interrogentur,
1367 5531 1580 5572 omnes
1615 5531 1736 5571 uno
1779 5532 1884 5572 ore

221 5609 589 5665 conﬁtentur
625 5608 824 5662 Jesum
855 5622 983 5663 esse
1010 5606 1328 5663 Christum.
1374 5605 1649 5671 Quiescat
1675 5604 1886 5677 paulu-

222 5698 350 5755 lum
383 5698 621 5766 lingua,
652 5696 836 5753 vitam
869 5696 1188 5765 interrog")
1226 5696 1281 5752 Si
1311 5695 1717 5752 invenerimus
1746 5694 1884 5761 hoc,

1445 212 1873 272 TRACTATUS
1913 211 2009 272 III.
2048 215 2281 274 CAPUT
2313 216 2389 276 II.

110 0 1093 23 —*"=*———_.—1*’
1124 0 4144 36 “Lm

3499 224 3643 282 2002

1999 342 2047 397 si
2067 342 2199 415 ipsa
2224 342 2529 416 Scriptura
2544 342 2715 399 nobis
2733 343 2936 400 dixerit
2955 344 3101 416 quia
3123 347 3360 416 negatio
3382 354 3642 407 nontan-

2000 436 2121 488 tum
2151 432 2355 503 lingua
2387 434 2470 497 ﬁt,
2490 433 2590 487 sed
2618 437 2670 487 et
2691 433 2857 488 factis
2886 451 2899 500 ;
2933 439 3085 489 certe
3116 433 3458 491 invenimus
3493 440 3641 495 mul-

1996 524 2088 576 tos
2103 522 2480 578 antichristos
2497 522 2598 594 qui
2619 538 2719 577 ore
2733 522 3084 592 proﬁtentur
3102 523 3417 591 Christum,
3446 530 3503 581 et
3515 544 3637 584 mov

1994 609 2159 665 ribus
2190 610 2543 666 dissentiunt
2576 626 2612 666 a
2642 610 2888 667 Christo.
2924 611 3029 666 Ubi
3061 612 3400 668 invenimus
3436 614 3551 669 hoc
3582 616 3642 671 in

1998 699 2295 769 Scriptura
2309 702 2336 757 ?
2352 698 2598 755 Paulum
2611 699 2751 755 audi
2766 701 3133 771 apostolum:
3170 701 3243 756 de
3271 702 3486 758 talibus
3502 720 3641 760 cum

1995 787 2353 859 loqueretur,
2379 789 2478 853 ait,
2510 788 2847 859 Conﬁtentur
2862 789 3005 844 enim
3027 806 3079 844 se
3100 807 3243 845 nosse
3268 792 3454 857 Deum,
3482 794 3642 862 factis

1991 882 2171 932 autem
2190 885 2388 949 negant
2425 879 2564 946 (Iit.
2598 894 2635 945 1,
2674 879 2775 946 16).
2808 880 3155 934 invenimus
3194 884 3250 935 et
3288 881 3455 951 ipsos
3482 883 3640 939 anti-

1992 965 2281 1022 christos:
2316 966 2585 1039 quisquis
2602 966 2766 1021 factis
2797 971 2976 1038 negat
3010 967 3638 1032 Christum,antichris-

1994 1058 2086 1110 tus
2103 1059 2211 1110 est.
2232 1058 2358 1111 Non
2383 1055 2563 1111 audio
2593 1054 2737 1127 quid
2758 1056 3060 1121 sonet,sed
3082 1056 3257 1112 video
3277 1058 3423 1128 quid
3456 1058 3635 1114 vivat.

1994 1143 2186 1214 Opera
2206 1143 2551 1215 loquuntur,
2581 1148 2637 1199 et
2666 1144 2847 1199 verba
2876 1145 3236 1216 requirimus
3259 1147 3286 1201 ‘2
3311 1146 3452 1214 Quis
3474 1147 3636 1203 enim

1994 1230 2185 1286 malus
2206 1247 2325 1286 non
2356 1233 2507 1286 bene
2534 1231 2657 1286 vult
2682 1231 2844 1303 loqui
2871 1232 2897 1288 ?
2928 1232 3041 1287 Sed
3083 1233 3232 1304 quid
3264 1234 3405 1289 dicit
3426 1234 3640 1290 talibus

1994 1320 2279 1375 Dominus
2311 1320 2338 1375 ?
2381 1320 2713 1391 Hypocritae,
2743 1320 2995 1391 quomodo
3045 1323 3271 1391 potestis
3303 1323 3437 1377 bona
3470 1323 3635 1394 loqui,

1992 1409 2244 1464 cumsitis
2270 1409 2625 1479 mali(Matth.
2651 1425 2750 1475 xu,
2778 1410 3097 1479 34)?Voces
3115 1416 3340 1466 vestras
3367 1412 3439 1467 ad
3467 1429 3640 1468 aures

1992 1514 2157 1555 meas
2184 1498 2453 1569 profertis
2481 1521 2491 1561 ;
2520 1514 2630 1568 ego
2657 1498 3040 1569 cogitationes
3083 1506 3304 1555 vestras
3329 1500 3578 1571 inspicio
3624 1520 3636 1553 :

1990 1586 2359 1642 voluntatem
2390 1586 2609 1642 malam
2644 1586 2727 1641 ibi
2769 1586 2961 1652 video,
2998 1591 3051 1642 et
3096 1587 3280 1644 falsos
3302 1588 3527 1643 fructus
3547 1605 3642 1644 os-

1992 1675 2248 1731 tenditis.
2271 1674 2409 1730 Novi
2436 1675 2580 1746 quid
2615 1674 2771 1729 unde
2800 1675 3076 1744 colligam
3126 1692 3144 1741 ;
3176 1692 3297 1732 non
3325 1677 3540 1748 colligo
3566 1678 3641 1734 de

1990 1763 2221 1819 tribulis
2254 1764 2423 1829 ﬁcus,
2457 1779 2577 1819 non
2607 1763 2826 1834 colligo
2845 1764 2917 1818 de
2947 1764 3133 1835 spinis
3157 1781 3325 1821 uvas.
3349 1769 3640 1839 Unaquae-

1987 1869 2105 1925 que
2128 1853 2284 1909 enim
2332 1853 2513 1909 arbor
2539 1870 2573 1909 a
2608 1852 2802 1908 fructu
2838 1855 3219 1923 cognoscitur
3251 1855 3357 1925 (Id.
3392 1872 3485 1921 vu,
3522 1859 3631 1926 16).

1989 1944 2175 2013 Magis
2210 1942 2471 1997 mendax
2504 1946 2590 1998 est
2646 1942 3030 1998 antichristus
3062 1943 3164 2015 qui
3197 1960 3297 2000 ore
3332 1944 3639 2016 proﬁtetur

1987 2033 2190 2087 Jesum
2209 2046 2339 2086 esse
2355 2030 2675 2095 Christum,
2697 2031 2935 2087 etfactis
2962 2038 3157 2102 negat.
3188 2032 3325 2089 Ideo
3350 2034 3635 2101 mendax,

1988 2121 2130 2193 quia
2163 2120 2320 2175 aliud
2342 2119 2625 2192 loquitur,
2659 2120 2819 2176 aliud
2843 2121 2988 2191 agit.

2059 2230 2111 2285 9.
2144 2230 2273 2285 Jam
2305 2244 2468 2298 ergo,
2511 2228 2740 2293 fratres,
2767 2229 2813 2283 si
2845 2228 3001 2285 facta
3027 2228 3452 2300 interroganda
3478 2237 3637 2303 sunt,

1988 2334 2111 2375 non
2125 2319 2318 2374 solum
2334 2318 2552 2374 multos
2565 2317 2904 2373 invenimus
2918 2318 3298 2375 antichristos
3318 2319 3479 2375 foras
3491 2320 3639 2375 exiis

1989 2407 2187 2474 se;sed
2203 2407 2421 2463 multos
2435 2406 2707 2462 nundum
2724 2406 3203 2479 manifestos,qui
3218 2408 3462 2463 minime
3476 2408 3636 2465 foras

1989 2498 2277 2553 exierunt.
2312 2498 2613 2568 Quotquot
2648 2497 2804 2551 enim
2838 2496 3019 2552 habet
3053 2496 3311 2552 Ecclesia
3340 2496 3636 2568 perjuros,

1990 2585 2386 2649 fraudatores,
2418 2584 2742 2649 maleﬁcos,
2774 2584 3192 2653 sortilegorum
3234 2585 3637 2656 inquisitores,

1991 2674 3430 2744 adulteros,ebriosos,f(Bneratores,mangones,et
3444 2675 3640 2731 omnia

1992 2781 2127 2839 qum
2160 2779 2475 2819 numerare
2499 2779 2618 2819 non
2651 2764 3329 2834 possumus;contraria
3352 2763 3638 2819 suntdoc-

1994 2855 2160 2910 trinae
2176 2853 2408 2919 Christi,
2422 2859 2622 2908 contra
2634 2853 2718 2907 ria
2733 2851 3065 2907 suntverbo
3094 2851 3227 2907 Dei:
3264 2852 3520 2908 Verbum
3538 2868 3639 2907 au-

1995 2949 2113 2998 tem
2130 2942 2226 2997 Dei
2242 2941 2502 2997 Christus
2517 2947 2604 2996 est
2620 2940 2936 3012 :quidquid
2963 2940 3330 3014 contrarium
3344 2946 3434 2996 est
3447 2940 3640 2996 Verbo

1998 3031 2116 3096 Dei,
2133 3030 2191 3084 in
2207 3029 2563 3084 Antichristo
2577 3034 2681 3083 est.
2707 3028 3100 3083 Antichristus
3121 3029 3281 3083 enim
3309 3030 3642 3085 contrarius

1995 3124 2082 3175 est
2097 3118 2343 3174 Christo.
2362 3119 2427 3171 Et
2442 3116 2614 3171 vultis
2634 3132 2806 3171 nosse
2833 3132 3020 3187 quam
3036 3122 3236 3187 aperte
3256 3118 3641 3174 resistantisti

1996 3208 2224 3265 Christo
2239 3206 2266 3262 ‘P
2286 3204 2625 3278 Aliquando
2642 3204 2828 3259 evenit
2850 3209 2911 3259 ut
2926 3204 3148 3275 aliquid
3178 3205 3318 3260 mali
3332 3206 3569 3271 faciant,
3586 3210 3643 3262 et

1996 3296 2283 3368 incipiant
2296 3292 2678 3365 corripi;quia
2692 3292 2986 3347 Christum
3002 3308 3117 3348 non
3135 3292 3357 3349 audent
3370 3294 3645 3364 blasphe-

1998 3401 2183 3449 mare,
2217 3384 2516 3440 ministros
2540 3383 2668 3454 ejus
2701 3381 3109 3453 blaphemant,
3134 3398 3170 3437 a
3216 3382 3437 3454 quibus
3467 3383 3644 3437 corri-

2000 3475 2243 3547 piuntur
2266 3489 2278 3527 :
2305 3473 2350 3528 si
2373 3476 2569 3527 autem
2594 3470 2927 3527 ostenderis
2945 3470 3053 3525 illis
3073 3471 3216 3543 quia
3234 3470 3446 3526 Christi
3461 3472 3646 3526 verba

1999 3563 2164 3627 dicis,
2183 3578 2302 3618 non
2318 3560 2499 3616 verba
2526 3566 2653 3625 tua;
2671 3564 2964 3615 conantur
2983 3564 3279 3632 quantum
3301 3562 3554 3629 possunt
3587 3562 3648 3614 ut

1996 3658 2050 3709 te
2065 3651 2425 3708 convincant
2439 3648 2619 3704 verba
2644 3654 2747 3703 tua
2762 3655 2813 3703 te
2828 3649 3042 3713 dicere,
3059 3663 3179 3703 non
3208 3648 3392 3702 verba
3405 3647 3610 3702 Christi
3632 3663 3645 3702 :

1996 3741 2045 3796 si
2059 3745 2259 3795 autem
2284 3736 2669 3793 manifestum
2696 3736 2871 3792 fuerit
2892 3736 3037 3807 quia
3054 3735 3234 3791 verba
3249 3734 3457 3790 Christi
3474 3734 3645 3799 dicis,

1992 3834 2133 3885 eunt
2161 3831 2219 3884 et
2246 3828 2303 3883 in
2334 3825 2659 3897 Christum,
2692 3824 2983 3896 incipiunt
3004 3824 3440 3895 reprehendere
3482 3824 3648 3880 Chri-

1990 3922 2149 3973 stum
2178 3936 2190 3976 :
2227 3914 2872 3986 Quomodo,inquiunt,
2891 3918 2947 3968 et
2973 3928 3158 3985 quare
3174 3912 3318 3969 tales
3336 3912 3597 3968 nosfecit
3618 3911 3648 3968 ‘t

1984 4008 2194 4063 Nonne
2207 4004 2540 4060 dicunthoc
2554 4002 2819 4076 quotidie
2834 4002 3110 4057 homines
3124 4000 3377 4057 convicti
3389 4001 3462 4056 de
3474 4000 3647 4057 factis

1985 4095 2112 4150 suis
2133 4096 2162 4147 ?
2188 4095 2379 4149 Prava
2394 4092 2695 4148 voluntate
2715 4090 2999 4162 perversi,
3021 4091 3310 4147 artiﬁcem
3333 4096 3643 4147 accusant.

1984 4185 2212 4240 Clamat
2242 4182 2353 4237 illis
2380 4181 2587 4237 artifex
2620 4181 2692 4236 de
2713 4180 2864 4236 ccelo
2896 4181 3060 4252 (quia
3091 4180 3218 4251 ipse
3244 4196 3352 4235 nos
3380 4179 3647 4251 fecit,qui

1982 4288 2089 4328 nos
2116 4271 2334 4341 refecit)
2370 4288 2385 4325 :
2418 4269 2569 4337 Quid
2594 4273 2644 4324 te
2664 4269 2770 4324 feci
2813 4269 2840 4321 t’
2871 4271 2990 4340 Ego
3015 4267 3324 4323 hominem
3348 4267 3477 4333 feci,
3511 4282 3634 4323 non
3689 4261 3695 4265 ’

1982 4362 2435 4428 avaritiam;ego
2466 4358 2772 4415 hominem
2787 4357 2915 4419 feci,
2937 4373 3057 4412 non
3070 4355 3453 4411 latrocinium
3481 4372 3495 4422 ;
3520 4370 3634 4424 ego

1981 4451 2287 4507 hominem
2302 4448 2408 4503 feci
2427 4463 2440 4513 ;
2462 4462 2579 4503 non
2597 4446 2978 4501 adulterium.
2994 4444 3639 4515 Audistiquialaudant

1983 4556 2077 4595 me
2090 4554 2273 4611 opera
2288 4538 2528 4592 mea.Ex
2550 4551 2650 4590 ore
2681 4534 2858 4589 trium
2877 4532 3345 4605 puerorumipse
3371 4532 3640 4603 hymnus

1982 4634 2107 4685 erat
2130 4627 2233 4700 qui
2255 4625 2326 4681 ab
2344 4624 2584 4693 ignibus
2607 4622 2967 4678 defendebat
2983 4621 3149 4692 (Dan.
3172 4636 3251 4686 Ill,
3270 4620 3640 4691 24-90).Lau-

1982 4711 2951 4785 dantoperaDominiDominum;
2979 4710 3440 4775 laudatcmlum,
3462 4714 3639 4781 terra,

1982 4819 2146 4861 mare
2160 4821 2175 4874 ;
2190 4801 2441 4858 laudant
2455 4800 2806 4873 omniaquae
2822 4800 3030 4855 suntin
3046 4798 3196 4855 ccelo
3228 4818 3241 4867 ;
3267 4798 3643 4856 laudantAn-

1984 4894 2117 4965 geli,
2132 4891 2382 4947 laudant
2396 4889 2597 4957 stellae,
2614 4888 3202 4945 laudantluminaria
3218 4906 3232 4955 ;
3249 4887 3459 4944 laudat
3472 4889 3643 4960 quid-

1983 4983 2129 5057 quid
2143 4980 2626 5052 natat,quidquid
2640 4979 2816 5043 volat,
2832 4977 3131 5052 quidquid
3155 4977 3444 5043 ambulat,
3468 4977 3643 5048 quid-

1984 5072 2129 5145 quid
2144 5072 2314 5144 repit.
2339 5071 2588 5127 laudant
2607 5070 2720 5126 ista
2741 5069 2947 5125 omnia
2970 5069 3314 5124 Dominum.
3338 5065 3642 5136 Numquid

1986 5162 2202 5217 audisti
2216 5159 2577 5233 quialaudat
2592 5159 2911 5215 Dominum
2927 5157 3209 5214 avaritia?
3223 5153 3518 5225 numquid
3538 5168 3642 5209 au-

1986 5250 2122 5305 disti
2136 5249 2275 5321 quia
2291 5247 2497 5303 laudat
2514 5247 2823 5302 Dominum
2838 5241 3541 5315 ebriositas;quialaudat
3555 5240 3646 5296 lu-

1987 5338 2182 5401 xuria,
2198 5334 2763 5403 laudatnugacitas?
2778 5331 3079 5403 Quidquid
3094 5331 3174 5385 ibi
3190 5344 3306 5385 non
3327 5328 3499 5384 audis
3516 5328 3646 5384 lau-

1990 5426 2126 5483 dem
2148 5424 2291 5481 dare
2314 5424 2582 5488 Domino,
2601 5438 2721 5478 non
2735 5422 2869 5477 fecit
2893 5420 3197 5475 Dominus.
3220 5418 3459 5490 Corrige
3472 5417 3641 5490 quod

1991 5518 2052 5570 tu
2068 5514 2275 5578 fecisti,
2297 5511 2633 5567 utsalvetur
2654 5508 2817 5582 quod
2837 5507 2967 5563 inte
2996 5507 3150 5563 Deus
3176 5506 3329 5563 fecit.
3355 5506 3416 5561 Si
3441 5511 3644 5563 autem

1991 5619 2112 5659 non
2128 5602 2235 5671 vis,
2252 5607 2307 5657 et
2321 5617 2492 5657 amas
2507 5605 2562 5655 et
2574 5598 2953 5670 amplecteris
2967 5601 3210 5669 peccata
3234 5600 3336 5652 tua
3363 5612 3377 5663 ;
3410 5600 3646 5652 contra-

1991 5693 2116 5749 rius
2128 5707 2190 5748 es
2203 5690 2453 5747 Christo.
2474 5692 2633 5744 Intus
2648 5688 2746 5757 sis,
2766 5686 2908 5745 foris
2922 5685 3026 5753 sis,
3042 5684 3427 5744 antichristus
3440 5700 3504 5740 es
3526 5700 3537 5741 :
3561 5685 3647 5741 in-
