4182 6198
262 167 409 225 2005
1514 174 1934 233 TRACTATUS
1976 177 2069 235 IV.
2111 177 2338 235 CAPUT
2371 182 2439 237 II.
3546 180 3687 243 2006

256 290 908 361 nuditatemlignorum
938 295 1111 353 vestit
1136 297 1350 354 umbra
1379 298 1658 356 foliorum
1683 299 1711 354 ?
1734 316 1913 357 uum-
2029 307 2187 367 sunt,
2222 306 2635 362 attestantibus
2667 306 2854 377 signis
2870 312 2928 361 et
2950 308 3238 377 prodigiis
3264 313 3325 363 ut
3347 311 3684 367 crederetur

255 379 401 469 quid
418 379 534 435 tale
552 381 781 453 aliquid
797 382 1153 440 intrinsecus
1165 386 1325 455 agit?
1341 388 1452 443 Sed
1478 389 1612 460 quis
1627 388 1914 459 agithoc?
2022 391 2156 457 illis,
2184 396 2328 466 quia
2347 411 2415 451 ea
2438 396 2720 452 dicebant
2740 412 2874 469 quas
2892 396 3183 452 viderant.
3205 400 3270 452 Et
3299 398 3598 455 credimus
3618 402 3679 456 in

252 468 456 524 audite
481 469 1198 544 agriculamApostolum,
1225 480 1282 530 et
1300 476 1492 533 videte
1512 477 1657 549 quid
1677 496 1907 545 sumus,
2021 497 2158 537 eum
2184 498 2367 554 quem
2400 500 2519 540 non
2541 468 2819 549 vidimus,
2855 490 2910 540 et
2938 490 3257 541 venturum
3275 502 3411 540 eum
3440 504 3679 558 exspec-

253 561 308 612 et
356 557 559 613 audite
619 560 979 629 magistrum
1042 562 1382 620 interiorem
1426 567 1587 637 :Ego
1634 566 1905 638 plantaui,
2020 574 2811 645 tamusQuicuinqueillum
2832 573 2947 628 ﬁde
2967 578 3488 645 exspectant,cum
3512 557 3680 631 vene-

247 646 481 717 Appolio
505 647 709 718 rigavit
736 661 758 718 ;
780 650 870 703 sed
901 651 1043 706 Deus
1090 653 1480 711 incrementum
1512 655 1660 711 dedit
1689 674 1705 711 :
1739 673 1906 729 neque

248 736 345 806 qui
367 735 590 806 plantat
619 745 691 792 est
710 739 941 810 aliquid,
958 757 1121 812 neque
1148 744 1246 813 qui
1272 744 1420 815 rigat
1446 762 1467 808 ;
1495 744 1584 799 sed
1608 746 1703 816 qui
1734 746 1906 802 incre-

243 833 480 881 mentum
522 825 616 881 dat
646 827 792 883 Deus
819 830 860 899 (l
896 829 1020 885 Cor.
1056 846 1135 894 ιιι,
1167 837 1219 897 6,
1252 833 1329 904 7).
1365 837 1483 889 Hoc
1537 849 1679 903 ergo
1727 836 1901 892 vobis

242 912 503 970 dicimus
537 931 551 967 :
579 916 704 971 sive
735 916 1094 987 plantemus,
1118 920 1239 976 sive
1278 922 1544 992 rigemus
1574 922 1900 996 loquendo,

240 1018 363 1057 non
391 1019 604 1059 sumus
634 1004 862 1078 aliquid
894 1024 907 1071 ;
941 1007 1047 1062 sed
1074 1007 1171 1063 ille
1194 1010 1295 1080 qui
1336 1010 1770 1069 incrementum
1799 1013 1903 1069 dat

240 1091 416 1163 Deus,
439 1093 497 1147 id
511 1098 617 1163 est,
648 1095 847 1150 unctio
861 1094 1017 1151 illius
1031 1113 1165 1169 quae
1182 1098 1355 1154 docet
1370 1115 1477 1155 vos
1507 1099 1580 1157 de
1594 1101 1896 1157 omnibus.

800 1227 1205 1288 TRACTATUS
1246 1232 1336 1287 IV.

234 1358 319 1413 De
345 1375 403 1413 eo
426 1359 567 1430 quod
608 1362 872 1432 sequitur,
910 1365 973 1419 Et
1018 1379 1199 1421 verax
1229 1371 1335 1431 est,
1360 1371 1416 1422 et
1446 1382 1569 1423 non
1613 1372 1703 1423 est
1734 1385 1897 1425 men-

306 1448 424 1503 dax
460 1465 471 1513 ;
515 1466 673 1520 usque
697 1450 765 1504 ad
813 1452 890 1518 id,
926 1453 982 1507 in
1015 1453 1128 1509 hoc
1160 1454 1572 1511 manifestatus
1598 1463 1686 1514 est
1718 1458 1893 1513 Filius

307 1537 430 1602 Dei,
460 1545 522 1593 ut
552 1538 743 1595 solvat
783 1556 967 1613 opera
995 1542 1241 1599 diaboli.
1290 1545 1424 1615 Cap.
1455 1560 1513 1611 ιι,
1540 1545 1603 1605 ἲν.
1635 1551 1819 1615 27-29,
1845 1556 1895 1604 et

304 1642 426 1698 cap.
456 1642 539 1693 ιιι,
570 1626 633 1687 7t.
678 1632 783 1685 l-8.

304 1749 329 1800 1
342 1789 358 1805 .
376 1747 746 1819 Meministis,
762 1749 989 1818 fratres,
1006 1752 1345 1810 hesternam
1361 1755 1673 1813 lectionem
1687 1759 1762 1815 ad
1775 1759 1890 1816 hoc

225 1837 637 1902 terminatam,
658 1840 799 1910 quia
817 1855 938 1895 non
964 1841 1197 1897 habetis
1224 1846 1638 1902 necessitatem
1668 1852 1729 1902 ut
1747 1850 1889 1919 quis

226 1924 448 1981 doceat
469 1942 591 1993 vos,
622 1928 725 1983 sed
756 1928 889 1999 ipsa
916 1931 1115 1986 unctio
1138 1931 1314 1988 docet
1341 1949 1449 1989 vos
1477 1935 1550 1991 de
1578 1938 1883 1992 omnibus.

226 2016 351 2070 Hoc
367 2020 590 2081 autem,
608 2016 875 2073 sicutvos
899 2019 1199 2076 recordari
1214 2026 1403 2078 certus
1427 2040 1584 2093 sum,
1613 2026 1696 2081 sic
1709 2041 1887 2097 expo-

222 2103 463 2159 animus
492 2106 683 2175 vobis,
713 2106 855 2177 quia
877 2122 986 2162 nos
1012 2109 1115 2180 qui
1146 2108 1474 2166 forinsecus
1493 2112 1885 2184 loquimurad

222 2206 404 2248 aures
433 2199 681 2261 vestras,
704 2195 784 2251 ita
798 2212 1008 2251 sumus
1033 2198 1207 2269 quasi
1222 2202 1496 2270 cperarii,
1529 2202 1884 2260 adhibentes

221 2281 523 2338 culturam
548 2282 877 2340 forinsecus
906 2285 983 2341 ad
1006 2286 1304 2355 arborem,
1323 2290 1429 2346 sed
1450 2291 1884 2349 incrementum

220 2370 374 2426 dare
387 2386 507 2427 non
524 2386 987 2443 possumus,nec
1008 2375 1231 2432 fructus
1253 2378 1537 2435 formare:
1563 2381 1657 2437 ille
1680 2387 1883 2439 autem

220 2459 330 2531 qui
362 2475 472 2515 vos
500 2462 743 2529 creavit,
767 2469 822 2518 et
844 2464 1114 2531 redemit,
1148 2471 1206 2520 et
1232 2470 1486 2534 vocavit,
1505 2485 1608 2541 per
1626 2470 1810 2526 ﬁdem
1829 2475 1886 2527 et

222 2548 513 2619 Spiritum
530 2566 707 2606 suum
720 2551 1001 2609 habitans
1015 2553 1072 2608 in
1093 2554 1282 2620 vobis,
1300 2557 1410 2611 nisi
1423 2556 1881 2630 loquaturvobis

218 2638 400 2703 intus,
433 2639 561 2693 sine
583 2655 767 2696 causa
794 2656 905 2695 nos
921 2645 1369 2715 perstrepimus.
1389 2647 1551 2702 Unde
1564 2647 1676 2703 hoc
1699 2664 1882 2719 appa—

218 2733 307 2781 ret
326 2728 357 2782 ?
378 2730 528 2793 Quia
551 2743 689 2784 cum
721 2730 889 2785 multi
918 2731 1183 2797 audiant,
1202 2749 1321 2789 non
1344 2735 1625 2790 omnibus
1642 2753 1881 2808 persua-

218 2815 393 2871 detur
424 2817 590 2888 quod
622 2818 835 2873 dicitur
868 2836 880 2885 ;
911 2820 1013 2875 sed
1045 2820 1157 2876 illis
1199 2822 1335 2877 solis
1361 2824 1582 2895 quibus
1612 2825 1770 2881 intus
1798 2827 1880 2883 lo-

215 2906 425 2975 quitur
448 2906 621 2960 Deus.
647 2907 763 2961 Illis
792 2913 987 2964 autem
1006 2909 1164 2964 intus
1189 2910 1468 2982 loquitur,
1488 2914 1584 2984 qui
1602 2916 1653 2969 ei
1679 2916 1878 2971 locum

216 2995 495 3064 prmbent
528 3011 541 3049 :
584 2994 663 3050 illi
690 3001 887 3051 autem
920 3000 1035 3052 Deo
1065 2998 1262 3054 locum
1294 3000 1584 3071 prtebent,
1617 3003 1875 3074 quidia-

213 3082 359 3138 bolo
390 3083 595 3139 locum
629 3100 747 3140 non
777 3085 1063 3156 praebent.
1104 3088 1379 3145 Habitare
1410 3090 1569 3146 enim
1599 3091 1725 3147 vult
1754 3093 1880 3147 dia-

209 3170 396 3227 bolus
430 3173 615 3228 corda
639 3173 977 3241 hominum,
1007 3180 1065 3231 et
1092 3176 1256 3248 loqui
1287 3178 1367 3232 ibi
1390 3179 1594 3235 omnia
1625 3196 1759 3252 quae
1782 3198 1878 3238 va-

206 3259 338 3315 lent
358 3261 437 3315 ad
468 3261 902 3319 seductiouem.
935 3266 1042 3321 Sed
1066 3266 1211 3336 quid
1244 3267 1323 3321 ait
1351 3267 1631 3323 Dominus
1656 3270 1824 3324 Jesus
1848 3270 1876 3325 ‘i

204 3348 475 3421 Princeps
506 3350 665 3423 hujus
700 3354 890 3407 mundi
912 3355 1105 3408 missus
1128 3363 1203 3410 est
1230 3358 1382 3425 foras
1403 3358 1583 3427 (Joan.
1618 3374 1715 3422 xu,
1760 3360 1870 3430 31).

207 3438 380 3493 Unde
394 3440 617 3495 missus
630 3446 719 3496 est
745 3441 773 3496 ?
798 3443 1092 3514 numquid
1107 3450 1273 3499 extra
1300 3445 1516 3500 coelum
1533 3450 1823 3504 etterram
1845 3450 1873 3507 7

203 3528 514 3599 numquid
542 3534 704 3584 extra
732 3529 1023 3587 fabricam
1056 3534 1294 3588 mundi'
1316 3533 1344 3588 ‘i’
1362 3534 1476 3589 Sed
1498 3540 1664 3591 extra
1690 3539 1873 3595 corda

201 3617 579 3671 credentium
597 3620 802 3673 .Foras
834 3620 1019 3675 misso
1046 3622 1338 3688 invasore,
1355 3624 1575 3679 habitet
1600 3625 1871 3698 redemp-

202 3712 297 3760 tor
341 3706 363 3739 ²
399 3721 413 3769 ;
444 3707 588 3776 quia
619 3706 744 3777 ipse
784 3708 1037 3764 redemit
1070 3711 1172 3781 qui
1225 3712 1466 3767 creavit.
1502 3713 1562 3768 Et
1592 3714 1870 3770 diabolus

194 3794 327 3863 jam
344 3793 675 3850 forinsecus
702 3802 1036 3867 oppugnat,
1053 3815 1171 3854 non
1192 3801 1371 3855 vincit
1396 3801 1561 3857 illum
1592 3804 1694 3874 qui
1712 3804 1868 3859 intus

198 3882 495 3953 possidet.
529 3884 877 3939 Foriusecus
905 3893 1105 3942 autem
1132 3894 1464 3958 oppugnat,
1496 3889 1865 3948 immittendo

195 3971 403 4026 varias
429 3973 784 4029 tentationes
816 3990 828 4029 :
861 3975 965 4030 sed
992 3976 1087 4031 ille
1119 3992 1237 4031 non
1272 3978 1568 4034 consentit
1598 3979 1693 4035 cui
1714 3981 1865 4037 Deus

194 4060 363 4114 intus
386 4059 662 4130 loquitur,
696 4066 753 4118 et
779 4065 980 4119 unctio
1008 4081 1193 4136 quam
1234 4066 1502 4121 audistis.

273 4151 329 4202 2.
349 4149 419 4203 Et
449 4165 620 4204 verae:
638 4158 732 4217 est,
756 4151 969 4223 inquit,
1000 4154 1213 4209 eadem
1248 4155 1487 4221 unctio;
1522 4156 1580 4211 id
1613 4160 1861 4230 est,ipse

197 4236 457 4308 Spiritus
480 4240 707 4294 Domini
728 4241 830 4311 qui
848 4240 1021 4297 docet
1039 4241 1329 4305 homines,
1360 4245 1595 4300 mentiri
1614 4261 1733 4301 non
1756 4264 1861 4319 po-

192 4329 330 4392 test,
361 4347 384 4376 α
410 4329 477 4382 Et
499 4343 619 4383 non
642 4335 730 4383 est
755 4330 1033 4385 mendax.
1064 4331 1223 4386 Sicut
1246 4332 1449 4388 docuit
1471 4349 1594 4401 vos,
1625 4350 1859 4405 perma-

190 4420 329 4470 nete
351 4416 560 4487 inipsa
583 4421 622 4470 ³.
658 4418 723 4473 Et
754 4434 932 4485 nunc,
960 4419 1140 4485 ﬁlioli,
1169 4426 1404 4477 manete
1434 4421 1493 4477 in
1522 4438 1612 4489 eo,
1639 4429 1700 4479 ut
1718 4441 1856 4481 cum

192 4504 615 4560 manifestatus
628 4506 1156 4572 fuerit,habeamus
1169 4510 1247 4565 ﬁd
1259 4510 1443 4566 uciam
1460 4512 1516 4566 in
1532 4518 1855 4585 conspectu

186 4592 341 4664 ejus,
375 4598 575 4649 utnon
602 4595 1048 4652 confundamur
1072 4598 1225 4654 abeo
1257 4600 1316 4654 in
1349 4600 1612 4656 adventu
1645 4603 1792 4672 ejus.
1824 4624 1848 4654 »

188 4682 413 4738 Videtis
436 4684 480 4748 ‘,
506 4683 715 4741 fratres
744 4707 757 4750 ;
783 4685 1082 4742 credimus
1114 4688 1172 4743 in
1190 4691 1386 4744 Jesum
1415 4706 1595 4762 quem
1624 4708 1744 4748 non
1769 4693 1852 4747 vi-

187 4771 395 4826 dimus
437 4788 451 4827 :
503 4774 1013 4831 annuntiaverunt
1058 4793 1196 4832 eum
1237 4778 1340 4849 qui
1383 4780 1678 4847 viderunt,
1747 4784 1851 4853 qui

185 4864 725 4929 contrectaverunt,
759 4864 863 4935 qui
893 4864 1142 4921 verbum
1181 4883 1253 4922 ex
1280 4882 1381 4923 ore
1421 4868 1610 4940 ipsius
1642 4872 1848 4928 audie-

185 4955 327 5005 ruut
360 4967 374 5017 ;
407 4955 464 5006 et
497 4955 559 5007 ut
588 4952 715 5007 haec
746 4954 1177 5024 persuaderent
1207 4958 1407 5025 generi
1442 4960 1732 5028 humano,
1770 4961 1849 5017 ab

184 5038 285 5094 illo
312 5039 477 5093 missi
511 5047 669 5104 sunt,
697 5057 815 5097 non
846 5060 877 5097 a
912 5044 1124 5114 seipsis
1159 5045 1241 5099 ire
1284 5047 1414 5101 ausi
1446 5052 1601 5102 sunt.
1636 5051 1694 5103 Et
1725 5065 1847 5121 quo

186 5127 355 5182 missi
407 5134 546 5183 sunt
578 5128 605 5182 i’
633 5130 889 5185 Audistis
932 5149 1071 5188 cum
1106 5134 1488 5204 Evangelium
1527 5136 1841 5206 legeretur,

186 5218 286 5282 Ite,
309 5217 610 5288 praedicate
640 5221 1000 5291 Evangeiium
1016 5240 1087 5278 un
1098 5224 1291 5279 iversw
1312 5232 1582 5280 creaturae
1603 5243 1721 5297 quae
1750 5228 1845 5282 sub

184 5306 309 5361 caelo
328 5312 407 5361 est
436 5306 633 5373 (Marc.
662 5324 783 5372 xvu
812 5310 920 5379 ‘15).
957 5311 1183 5384 Ubique
1211 5329 1352 5383 ergo
1374 5313 1656 5386 discipuli
1678 5316 1843 5371 missi

243 5496 259 5561 ξ
286 5492 533 5561 Editihic
557 5493 785 5561 addunt,
822 5495 939 5561 Non
971 5511 990 5561 ,f
1018 5511 1138 5561 quae
1168 5513 1260 5549 vos
1285 5500 1437 5551 abest
1464 5515 1496 5552 a
1528 5502 1652 5552 Mss.

244 5556 260 5619 ἵ
290 5556 377 5619 Er.
420 5555 595 5619 Lugd.
640 5561 691 5607 et
720 5559 868 5616 Ven.,
900 5555 1117 5611 habit-at.
1150 5562 1217 5611 M.

241 5618 259 5648 ³
286 5618 436 5683 {dest
459 5618 584 5683 duo,
614 5620 669 5683 in
694 5620 824 5683 ipso.

246 5683 263 5713 ⁴
288 5680 374 5731 Er.
413 5680 588 5746 Lugd.
619 5680 748 5735 Lov.
782 5684 933 5743 Ven.,
979 5684 1160 5739 Videte.
1196 5687 1267 5739 Μ.

2015 659 2088 714 rit
2110 661 2459 728 gaudebunt
2482 680 2494 717 :
2514 663 2614 734 qui
2645 662 2773 717 sine
2797 662 2913 717 ﬁde
2934 668 3092 728 sunt,
3115 680 3249 718 cum
3275 665 3677 736 veneritquod

2013 763 2175 804 nunc
2207 764 2327 805 non
2368 750 2590 815 vident,
2624 751 2993 806 erubescent.
3028 754 3091 806 Et
3121 752 3393 808 confusio
3424 752 3522 808 illa
3555 770 3676 810 non

2013 837 2119 893 erit
2146 839 2322 893 unius
2343 838 2457 894 diei
2477 846 2531 894 et
2552 841 3137 910 transiet,quomodo
3167 841 3359 896 solent
3388 842 3674 898 confundi

2011 928 2114 999 qui
2155 926 2540 983 inveniuntur
2570 929 2629 983 in
2664 929 2865 1000 aliqua
2903 929 3092 1000 culpa,
3147 934 3201 984 et
3232 930 3316 984 eis
3356 930 3672 987 iusultatur

2010 1015 2087 1071 ab
2133 1015 2494 1071 hominibus.
2526 1017 2803 1074 Confusio
2834 1017 2934 1072 illa
2978 1017 3245 1073 traducet
3272 1018 3554 1073 confusos
3589 1020 3665 1075 ad

2009 1104 2334 1174 sinistram,
2365 1111 2429 1160 ut
2470 1107 2738 1170 audiant,
2792 1107 2874 1161 Ite
2921 1107 2977 1160 in
3024 1107 3196 1177 ignem
3235 1113 3528 1173 aeternum,
3574 1109 3672 1178 qui

2005 1200 2321 1263 paratusest
2345 1194 2557 1249 diabolo
2585 1202 2633 1249 et
2664 1194 2870 1264 angelis
2890 1196 3004 1264 ejus
3027 1195 3246 1265 (Matth.
3264 1212 3398 1262 xxv,
3427 1196 3534 1267 31).
3553 1197 3668 1253 Ma-

2011 1296 2266 1336 neamus
2288 1298 2430 1351 ergo
2457 1283 2514 1336 in
2548 1283 2742 1337 verbis
2768 1284 2913 1351 eius,
2948 1299 3022 1338 ne
3052 1283 3497 1338 confundamur
3527 1301 3665 1341 cum

2005 1371 2248 1425 venerit.
2271 1372 2399 1442 Ipse
2425 1371 2587 1426 enim
2614 1372 2752 1426 dicit
2778 1371 2835 1425 in
2864 1372 3180 1439 Evangelio
3209 1372 3290 1426 eis
3310 1372 3414 1443 qui
3443 1373 3500 1427 in
3523 1390 3663 1430 eum

2003 1458 2377 1514 crediderant
2410 1476 2423 1515 :
2456 1460 2515 1514 Si
2538 1460 2950 1530 permanseritis
2982 1459 3038 1513 in
3069 1459 3226 1514 verbo
3256 1476 3382 1525 meo,
3408 1475 3529 1516 vere
3556 1462 3665 1515 dis-

2000 1546 2173 1618 cipuli
2212 1548 2315 1602 mei
2338 1549 2486 1604 estis.
2530 1549 2593 1603 Et
2627 1549 2801 1619 quasi
2837 1548 3121 1612 dicerent,
3157 1549 3285 1613 Quo
3318 1548 3504 1603 fructu
3532 1548 3560 1602 ‘i’
3588 1552 3661 1604 Et

1999 1639 2334 1706 cognoscetis,
2376 1637 2587 1709 inquit,
2623 1638 2923 1701 veritatem,
2960 1644 3007 1691 et
3043 1638 3244 1691 veritas
3273 1636 3533 1694 liberavit
3576 1656 3664 1693 vos

2000 1726 2183 1795 (Joan.
2212 1742 2333 1795 V111,
2365 1726 2423 1783 3t
2462 1732 2510 1781 et
2534 1726 2643 1797 32).
2666 1726 2834 1783 Modo
2852 1726 3013 1781 enim
3040 1725 3203 1781 salus
3226 1730 3430 1780 nostra
3450 1725 3510 1780 in
3533 1742 3659 1797 spe,

2000 1814 2270 1870 nondum
2299 1815 2358 1870 in
2388 1831 2449 1870 re
2485 1832 2497 1870 :
2532 1830 2653 1870 non
2686 1815 2845 1869 enim
2879 1819 3152 1869 tenemus
3174 1815 3300 1885 jam
3328 1813 3494 1884 quod
3526 1830 3661 1885 pro-

2000 1902 2250 1959 missum
2267 1908 2372 1969 est,
2390 1904 2491 1958 sed
2518 1908 2831 1960 venturum
2859 1920 3195 1976 speramus.
3232 1902 3657 1961 Fidelisautem

1996 1996 2087 2047 est
2114 1993 2211 2063 qui
2244 1993 2514 2064 promisit
2546 2008 2559 2058 ;
2591 2009 2711 2049 non
2741 1997 2795 2048 te
2826 1993 2974 2049 fallit
3004 2011 3016 2046 :
3049 1998 3281 2049 tantum
3315 1996 3376 2046 tu
3406 1991 3526 2048 noli
3559 1992 3656 2048 de-

1994 2080 2189 2144 ﬁcere,
2219 2081 2322 2136 sed
2340 2087 2619 2151 exspecta
2641 2082 3124 2153 promissionem.
3155 2084 3281 2136 Non
3303 2080 3463 2135 enim
3487 2081 3654 2137 novit

1995 2168 2193 2224 fallere
2222 2171 2461 2225 veritas.
2490 2173 2571 2227 Tu
2600 2171 2719 2226 noli
2750 2186 2883 2226 esse
2916 2171 3195 2235 mendax,
3232 2174 3292 2225 ut
3323 2169 3485 2224 aliud
3516 2185 3650 2241 pro-

1992 2255 2232 2323 ﬁtearis,
2267 2258 2429 2313 aliud
2462 2273 2608 2328 agas
2643 2278 2655 2314 :
2702 2265 2760 2315 tu
2787 2275 2959 2315 serva
2998 2258 3201 2323 ﬁdem,
3237 2262 3290 2313 et
3323 2263 3521 2313 servat
3554 2259 3650 2315 ille

1994 2346 2499 2418 pollicitationem.
2532 2348 2588 2403 Si
2622 2353 2821 2404 autem
2846 2363 2966 2403 non
2986 2351 3045 2402 tu
3079 2347 3408 2402 servaveris
3440 2346 3645 2411 ﬁdem,

1993 2441 2053 2492 tu
2084 2442 2134 2492 te
2166 2436 2473 2502 fraudasti,
2508 2453 2627 2493 non
2661 2437 2753 2492 ille
2785 2439 2882 2508 qui
2922 2436 3218 2508 promisit.

2060 2531 2109 2579 3.
2144 2525 2205 2580 Si
2230 2526 2382 2580 scitis
2406 2527 2534 2596 quia
2552 2527 2736 2596 justus
2764 2533 2857 2590 est,
2885 2525 3073 2580 scitote
3099 2524 3228 2595 quia
3254 2523 3427 2578 omnis
3451 2526 3549 2595 qui
3564 2526 3650 2595 fa-

1985 2613 2060 2667 cit
2080 2614 2378 2685 justitiam,
2408 2631 2475 2669 ex
2502 2615 2616 2687 ipso
2654 2622 2727 2669 est
2754 2620 2938 2669 natus.
2973 2612 3207 2668 Justitia
3234 2612 3412 2667 modo
3440 2618 3648 2669 nostra

1986 2718 2059 2759 ex
2098 2702 2234 2759 ﬁde.
2271 2703 2501 2759 Iustitia
2527 2703 2786 2775 perfecta
2830 2717 2952 2757 non
2999 2704 3089 2756 est
3116 2701 3230 2756 nisi
3269 2702 3327 2755 in
3358 2700 3595 2772 Angelis
3630 2718 3645 2769 ;

1985 2796 2041 2847 et
2062 2791 2156 2846 vix
2174 2793 2233 2846 in
2260 2791 2518 2862 Angelis,
2547 2793 2594 2846 si
2612 2795 2727 2847 Deo
2750 2795 3205 2862 comparentur:
3230 2794 3432 2845 tamen
3458 2789 3505 2844 si
3524 2806 3648 2862 qua

1984 2880 2242 2951 perfecta
2277 2881 2504 2952 justitia
2538 2882 2878 2936 animarum
2924 2883 2981 2935 et
3014 2878 3322 2950 spirituum
3362 2881 3449 2933 est
3488 2894 3643 2951 quos

1986 2972 2137 3024 Deus
2169 2972 2408 3038 creavit,
2440 2971 2501 3025 in
2548 2969 2785 3041 Angelis
2816 2973 2906 3023 est
2935 2968 3177 3034 sanctis,
3206 2968 3409 3039 justis,
3441 2970 3639 3035 bonis,

1982 3058 2147 3113 nullo
2172 3058 2347 3129 lapsu
2374 3058 2612 3123 aversis,
2634 3057 2797 3112 nulla
2823 3057 3099 3128 superbia
3130 3057 3506 3123 cadentibus,
3534 3059 3640 3114 sed

1984 3147 2365 3202 manentibus
2398 3162 2633 3217 semper
2665 3147 2723 3201 in
2770 3146 3267 3216 contemplatione
3300 3147 3472 3202 Verbi
3516 3148 3639 3214 Dei,

1980 3240 2036 3290 et
2064 3235 2210 3291 nihil
2248 3235 2412 3292 aliud
2455 3234 2629 3291 dulce
2668 3234 3049 3299 habentibus,
3082 3234 3193 3287 nisi
3239 3250 3273 3289 a
3303 3250 3423 3305 quo
3456 3237 3638 3292 creati

1981 3328 2119 3381 sunt
2145 3340 2158 3390 ;
2193 3325 2252 3380 in
2278 3325 2424 3396 ipsis
2450 3324 2711 3395 perfecta
2734 3323 2965 3393 justitia
2987 3325 3073 3376 est
3104 3338 3115 3376 :
3150 3322 3208 3375 in
3228 3322 3399 3376 nobis
3432 3328 3632 3380 autem

1978 3428 2048 3469 ex
2088 3414 2207 3469 ﬁde
2238 3415 2417 3485 coepit
2459 3429 2585 3468 esse
2640 3412 2974 3467 secundum
3010 3410 3313 3480 Spiritum.
3373 3410 3634 3466 Audistis

1978 3518 2104 3557 cum
2146 3503 2411 3558 Psalmus
2442 3502 2751 3572 legeretur,
2802 3500 3038 3570 Incipite
3068 3499 3317 3563 Domino,
3347 3500 3405 3552 in
3435 3501 3637 3570 confes-

1975 3592 2126 3646 sione
2154 3592 2525 3662 (Psal.chv1,
2554 3592 2630 3663 7).
2660 3590 2919 3661 Incipite,
2946 3588 3139 3660 inquit
3165 3606 3176 3647 :
3208 3586 3443 3642 initium
3470 3588 3636 3658 justi-

1976 3681 2069 3736 tiaa
2103 3685 2341 3745 nostrae,
2374 3680 2666 3736 confessio
2689 3685 2775 3735 est
2806 3683 3210 3750 peccatorum.
3242 3675 3482 3747 Caepisti
3512 3691 3632 3733 non

1973 3768 2292 3824 defendere
2320 3774 2633 3841 peccatum
2661 3774 2852 3832 tuum,
2866 3765 3630 3838 jaminchoastijustitiam:

1972 3858 2312 3930 perﬁcietur
2351 3864 2551 3914 autem
2582 3858 2641 3912 in
2674 3863 2749 3925 te,
2787 3856 3034 3929 quando
3066 3854 3210 3913 nihil
3242 3854 3404 3911 aliud
3437 3854 3631 3911 facere

1970 3946 2307 4012 delectabit,
2337 3945 2586 4017 quando
2604 3944 3021 4002 absorbebitur
3040 3959 3203 3999 mors
3229 3944 3288 3998 in
3320 3943 3627 4001 victoriam

1973 4037 2015 4109 (Ι
2048 4039 2175 4093 Cor.
2210 4053 2304 4103 xv,
2340 4037 2451 4107 54),
2481 4035 2727 4107 quando
2758 4035 2925 4091 nulla
2969 4032 3457 4106 concupiscentia
3495 4033 3627 4090 titil-

1967 4125 2130 4190 labit,
2149 4126 2397 4197 quando
2424 4141 2540 4182 non
2562 4125 2670 4180 erit
2695 4124 2855 4180 lucta
2883 4140 3021 4179 cum
3038 4138 3217 4179 carne
3235 4122 3617 4192 etsanguine,

1966 4214 2212 4288 quando
2239 4213 2871 4275 eritcoronavictoriee,
2890 4211 3228 4282 triumphus
3253 4210 3618 4267 deinimico:

1964 4308 2107 4359 tunc
2136 4302 2243 4358 erit
2266 4302 2785 4375 perfectajustitia.
2821 4301 2994 4357 Modo
3016 4300 3213 4357 adhuc
3244 4314 3614 4370 pugnamus;

1964 4393 2008 4447 si
2041 4408 2406 4463 pugnamus,
2461 4391 2521 4446 in
2557 4391 2749 4447 stadio
2799 4406 3007 4444 sumus
3037 4405 3051 4454 ;
3087 4388 3355 4452 ferimus,
3394 4391 3451 4442 et
3479 4386 3616 4442 feri-

1965 4496 2131 4535 mur:
2157 4481 2261 4535 sed
2284 4480 2616 4552 quivincat,
2635 4482 3030 4549 exspectatur.
3069 4477 3165 4531 Ille
3195 4480 3397 4530 autem
3412 4476 3613 4541 vincit,

1959 4570 2061 4640 qui
2079 4569 2309 4639 etquod
2325 4568 2597 4633 ferit,uor:
2616 4570 2689 4622 de
2704 4566 2928 4621 viribus
2944 4566 3066 4618 suis
3082 4562 3526 4635 praesumit,sed
3540 4563 3616 4619 de

1959 4658 2259 4712 hortatore
2298 4658 2315 4692 ¹
2352 4659 2484 4711 Deo.
2522 4655 2693 4711 Solus
2726 4653 2997 4709 diabolus
3021 4652 3335 4708 adversum
3366 4667 3474 4707 nos
3505 4667 3617 4722 pu-

1957 4749 2119 4818 gnat.
2152 4748 2267 4801 Nos
2293 4744 2339 4798 si
2368 4761 2505 4800 cum
2535 4746 2650 4799 Deo
2679 4759 2914 4809 sumus,
2941 4741 3253 4798 diabolum
3282 4740 3613 4797 vincimus:

1956 4850 2098 4889 nam
2117 4840 2172 4889 et
2185 4833 2232 4888 si
2256 4838 2315 4889 tu
2331 4832 2494 4889 solus
2508 4848 2645 4888 cum
2657 4831 2903 4888 diabolo
2920 4830 3307 4903 pugnaveris,
3330 4829 3611 4885 vinceris.

1957 4924 2316 4979 Exercitatus
2348 4923 2535 4978 hostis
2565 4927 2651 4977 est
2680 4937 2692 4976 :
2725 4925 2871 4992 quot
2902 4919 3242 4992 palmarum
3270 4919 3297 4974 ‘I
3330 4918 3612 4975 Conside-

1954 5018 2079 5069 rate
2101 5030 2222 5087 quo
2253 5012 2533 5085 dejecerit
2557 5030 2570 5067 :
2601 5018 2665 5068 ut
2686 5011 2963 5068 mortales
2986 5024 3391 5073 nasceremur,
3418 5008 3612 5078 primo

1951 5103 2150 5173 ipsam
2173 5104 2463 5173 originem
2494 5108 2757 5159 nostram
2783 5102 2856 5157 de
2883 5100 3164 5173 paradiso
3195 5096 3426 5168 dejecit.
3459 5097 3609 5161 Quid

1952 5207 2094 5262 ergo
2117 5191 2457 5247 faciendum
2486 5197 2596 5257 est,
2619 5191 2762 5262 quia
2789 5190 2917 5261 ipse
2939 5189 3284 5244 exercitatus
3306 5188 3419 5241 est?
3442 5185 3610 5240 Invo-

1951 5287 2114 5338 cetur
2136 5281 2527 5352 Omnipotens
2551 5280 2835 5335 adversus
2854 5279 3235 5334 exercitatum
3268 5274 3605 5331 diabolum.

1953 5371 2179 5427 Habitet
2200 5370 2258 5424 in
2280 5376 2332 5424 te
2359 5370 2462 5441 qui
2489 5384 2607 5423 non
2636 5371 2828 5438 potest
2855 5366 3031 5430 vinci,
3058 5370 3112 5421 et
3134 5379 3379 5419 securus
3407 5364 3605 5420 vinces

1949 5474 2086 5514 cum
2118 5458 2219 5529 qui
2249 5457 2480 5511 vincere
2510 5454 2677 5510 solet.
2730 5453 2844 5508 Sed
2892 5469 3041 5525 quos
3070 5452 3098 5509 7
3141 5453 3202 5507 In
3233 5450 3456 5524 quibus
3482 5467 3603 5509 non

1947 5547 2177 5605 habitat
2201 5549 2371 5602 Deus.
2388 5548 2555 5609 Nam,
2587 5547 2645 5599 ut
2665 5541 2966 5609 noveritis,
2999 5542 3229 5609 fratres,
3245 5540 3604 5615 contempsit

2012 5692 2029 5726 ί
2064 5690 2189 5743 Mss.
2222 5692 2444 5753 septem.
2474 5690 2776 5754 protectore.

4164 3176 4182 3247 ὗ

4164 3256 4182 3359 i

4158 3464 4182 3601 ἐ

4173 3877 4180 3910 τ

4169 3923 4178 3950 ὁ

4157 4069 4178 4110 Ξ

4150 4144 4173 4199 ιι

4167 4231 4180 4290 ἰ

4165 4433 4174 4518 έ

4149 4543 4172 4610 Ι.

4147 4691 4168 4752 ιι

4147 4855 4152 4874 .

4137 5123 4150 5188 ὲ

4134 5191 4180 5252 -,

4135 5261 4180 5320 ,ξ-

4135 5329 4180 5412 .ῗῗ

4131 5409 4180 5496 ἕξ

4130 5565 4154 5655 ε

4126 5778 4162 5868 ί.

4126 5872 4150 5956 ,
4167 5865 4176 5914 ρ.

4125 5949 4132 5960 ,
4165 5937 4172 5954 .
