4182 6198
455 146 597 205 20οἾ

459 290 650 347 Adam
684 288 744 343 in
768 286 1055 359 paradiso
1084 285 1314 357 positus
1340 287 1703 357 praeceptum
1745 283 1863 349 Dei,
1904 291 1961 339 et
1990 297 2113 338 ere-

463 380 541 435 xit
572 377 887 441 cervicem,
914 375 1091 430 veluti
1116 375 1174 429 in
1201 378 1489 446 potestate
1516 388 1626 427 sua
1663 387 1793 427 esse
1842 371 2108 443 cupiens,

472 474 528 523 et
556 467 765 522 nolens
793 465 969 520 subdi
994 463 1276 519 voluntati
1307 463 1424 526 Dei,
1449 467 1503 515 et
1524 461 1729 532 lapsus
1755 465 1841 516 est
1887 460 1964 516 ab
2012 459 2113 515 illa

462 554 933 617 immortalitate,
967 553 1042 607 ab
1063 552 1160 607 illa
1182 550 1547 606 beatitudine
1572 550 1721 620 (Gen.
1742 552 1905 619 111,6).
1924 551 2114 604 Homo

467 650 667 701 autem
692 643 935 716 quidam
958 642 1080 712 jam
1095 642 1466 706 exercitatus,
1487 645 1663 693 natus
1679 640 2113 704 mortalis,cum

468 734 699 789 sederet
730 733 786 786 in
824 736 1078 786 stercore
1097 730 1285 800 putris
1322 728 1983 795 vermibus,diabolum
2038 730 2116 783 vi-

473 825 546 878 cit
568 839 579 877 :
601 821 739 877 vicit
768 826 822 875 et
853 821 975 891 ipse
1002 819 1214 881 Adam,
1266 822 1323 873 et
1350 818 1406 871 in
1439 817 1550 872 Job
1573 818 1734 888 ipse;
1768 818 1911 888 quia
1928 818 2001 872 de
2024 832 2121 887 ge-

476 926 614 967 nere
646 909 855 979 ipsius,
879 908 1008 962 .lob.
1045 910 1192 975 Ergo
1224 906 1411 961 Adam
1452 906 1638 960 victus
1708 908 1762 960 in
1816 906 2118 977 paradiso,

471 1000 681 1055 vicitin
709 1001 985 1051 stercore.
1016 995 1374 1065 In’paradiso
1404 1011 1538 1049 cum
1562 1000 1735 1059 esset,
1757 995 2122 1065 audivitper-

478 1088 826 1143 suasionem
861 1085 1335 1155 mulieris,quam
1363 1083 1439 1138 illi
1472 1084 2120 1149 immiseratdiabolus;

475 1178 534 1232 in
572 1182 824 1231 stercore
856 1180 1052 1229 autem
1078 1190 1215 1227 cum
1241 1178 1411 1239 esset,
1445 1172 1525 1227 ait
1556 1175 1707 1233 Evee,
1729 1174 1997 1243 Tanquam
2014 1188 2125 1226 una

479 1283 543 1320 ea:
560 1263 943 1335 insipientibus
964 1262 1286 1317 mulieribus
1320 1263 1497 1315 locuta
1527 1278 1580 1315 es
1612 1262 1749 1331 (Job.
1799 1278 1855 1326 ιι,
1886 1263 1989 1329 10).
2040 1262 2122 1316 lbi

478 1371 683 1411 aurem
700 1352 1004 1425 apposuit;
1022 1351 1117 1405 hic
1136 1366 1489 1421 responsum
1505 1350 1695 1406 dedit:
1715 1368 1849 1405 cum
1867 1350 2128 1405 essetlte-

479 1450 594 1509 tus,
611 1443 876 1507 audivit;
915 1457 1052 1495 cum
1074 1439 1594 1509 essetﬂagellatus,
1612 1441 1761 1495 vicit.
1788 1441 1925 1494 ideo
1939 1440 2130 1495 videte

479 1532 623 1603 quid
640 1528 1230 1601 sequitur,fratres,in
1254 1528 1507 1597 Epistola
1524 1529 1658 1598 ista;
1676 1528 2131 1600 quiahocnobis

480 1616 1267 1683 commendat,utdiabolum
1284 1616 1527 1687 quidem
1544 1618 1877 1681 vincamus,
1894 1617 1995 1671 sed
2014 1631 2131 1671 non

484 1726 555 1765 ex
570 1709 764 1763 nobis.
797 1707 1016 1761 Siscitis
1035 1706 1348 1776 quiajustus
1368 1713 1462 1767 est,
1489 1706 1588 1771 ait,
1622 1706 1803 1760 scitote
1824 1706 2138 1777 quiaomnis

485 1798 1029 1870 quifacitjustitiam,
1045 1812 1109 1848 ex
1120 1795 1231 1864 ipso
1245 1800 1489 1847 estnatus
1508 1811 1523 1848 :
1539 1811 1607 1849 ex
1622 1794 1762 1861 Deo,
1790 1811 1859 1849 ex
1884 1794 2133 1849 Christo.

487 1890 553 1942 Et
583 1887 725 1957 quia
756 1884 920 1949 dixit,
962 1885 1054 1938 Ea:
1084 1884 1196 1953 ipso
1228 1890 1299 1937 est
1330 1890 1505 1940 natus,
1541 1883 1812 1938 hortatur
1837 1900 1969 1939 nos.
2002 1883 2136 1938 Jam

490 1992 632 2045 ergo
658 1976 802 2047 quia
830 1973 952 2029 nati
982 1990 1048 2027 ex
1078 1972 1175 2027 illo
1198 1988 1428 2041 sumus,
1466 1972 1705 2044 perfecti
1736 1990 1968 2027 sumus.

559 2121 616 2173 4.
656 2116 868 2171 Audite
894 2134 904 2170 τ
940 2117 1059 2169 Ecce
1079 2114 1285 2185 qualem
1313 2115 1650 2169 dilectionem
1682 2115 1830 2169 dedit
1852 2116 1999 2169 nobis
2028 2117 2142 2170 Pa-

490 2216 593 2271 ter,
619 2214 675 2261 ut
702 2205 818 2276 ﬁlii
842 2206 944 2259 Dei
958 2221 1203 2258 vocemur
1236 2212 1283 2259 et
1305 2204 1493 2258 simus.
1512 2207 1660 2259 Nam
1676 2204 2148 2275 quivocanturet

489 2312 610 2353 non
630 2300 789 2356 sunt,
814 2293 957 2365 quid
982 2292 1098 2347 illis
1119 2294 1360 2364 prodest
1384 2309 1606 2348 nomen
1630 2294 1728 2348 ubi
1754 2309 1845 2348 res
1864 2300 2089 2351 nonest
2117 2295 2145 2350 ‘i

492 2389 672 2452 Quam
689 2384 848 2438 multi
878 2388 1163 2437 vocantur
1178 2382 1507 2454 medici,qui
1525 2398 1734 2437 curare
1749 2399 1868 2438 non
1884 2383 2147 2439 norunt?

490 2491 668 2546 quam
684 2473 838 2527 multi
854 2476 1139 2526 vocantur
1154 2472 1488 2541 vigiles,qui
1504 2477 1625 2526 tota
1641 2477 1809 2526 nocte
1824 2472 2147 2529 dormiunt?

495 2564 585 2617 Sic
613 2562 781 2617 multi
807 2565 1100 2614 vocantur
1125 2560 1451 2623 christiani,
1479 2566 1534 2614 et
1572 2560 1631 2614 in
1661 2561 1838 2615 rebus
1860 2562 2147 2617 noninve-

495 2651 742 2707 niuntur
772 2666 787 2713 ;
821 2648 1091 2718 quiahoc
1117 2648 1280 2719 quod
1299 2653 1585 2702 vocantur
1599 2664 1717 2703 non
1732 2650 1954 2719 sunt,id
1976 2656 2059 2705 est
2087 2650 2146 2706 in

498 2739 707 2803 vita,in
724 2735 1075 2804 moribus,in
1091 2736 1293 2800 tide,in
1310 2736 1501 2807 spe,in
1520 2737 1741 2791 charita
1754 2739 1934 2794 te.Hic
1946 2745 2147 2795 autem

503 2828 646 2900 quid
673 2825 922 2882 audistis
948 2824 1155 2879 fratres
1194 2824 1221 2878 ?
1253 2844 1280 2875 »
1310 2826 1454 2879 Ecce
1477 2825 1717 2897 qualem
1771 2826 2149 2884 dilectionem

503 2916 665 2971 dedit
696 2914 871 2969 nobis
906 2916 1089 2977 Pater,
1136 2916 1196 2967 ut
1246 2914 1349 2968 ﬁlii
1390 2914 1486 2969 Dei
1536 2930 1817 2970 vocemur
1847 2922 1903 2971 et
1938 2918 2147 2973 simus.

508 3008 751 3074 Propter
773 3002 889 3058 hoc
921 3002 1184 3057 mundus
1208 3018 1331 3058 non
1359 3004 1663 3072 cognoscit
1690 3019 1821 3070 nos,
1862 3006 2005 3077 quia
2032 3021 2153 3061 non

508 3093 788 3162 cognovit
816 3107 975 3160 eum,
1031 3096 1087 3146 et
1136 3107 1246 3147 nos
1293 3108 1413 3147 non
1447 3094 1755 3162 cognoscit
1808 3095 2091 3150 mundus.
2128 3116 2147 3145 ι

504 3186 681 3239 Totus
734 3180 997 3236 mundus
1030 3181 1409 3247 christianus,
1444 3187 1500 3237 et
1526 3187 1684 3238 totus
1726 3185 1990 3239 mundus
2049 3186 2155 3238 im-

504 3274 639 3345 pius
670 3286 807 3343 ;per
836 3274 1027 3326 totum
1044 3270 1202 3325 enim
1242 3271 1539 3326 mundum
1562 3272 1814 3343 impii,et
1836 3289 1940 3344 per
1967 3279 2155 3329 totum

510 3361 807 3417 mundum
838 3361 917 3433 pii
951 3378 963 3415 :
1000 3360 1079 3415 illi
1107 3360 1233 3415 illos
1265 3376 1386 3415 non
1420 3369 1807 3430 cognoscunt.
1842 3363 2156 3427 Quomodo

507 3455 792 3523 putamus
822 3450 964 3522 quia
985 3465 1104 3505 non
1138 3454 1513 3520 cognoscunt
1544 3450 1571 3505 ?
1591 3449 2045 3507 lnsultantbene
2073 3452 2157 3506 vi-

509 3540 1119 3596 ventibus.Attendite
1146 3540 1429 3608 etvidete,
1457 3539 1599 3612 quia
1618 3540 1765 3597 forte
1780 3546 1915 3596 sunt
1937 3548 1989 3596 et
2013 3542 2160 3596 inter

511 3645 633 3685 vos.
671 3629 1095 3700 Unusquisque
1126 3633 1389 3683 vestrum
1420 3628 1523 3700 qui
1552 3629 1677 3699 jam
1711 3631 1806 3701 pie
1866 3630 2026 3695 vivit,
2058 3630 2159 3702 qui

514 3718 840 3773 contemnit
866 3716 1307 3788 saecularia,qui
1326 3733 1442 3772 non
1462 3717 1678 3772 vultire
1705 3718 1781 3774 ad
1804 3718 2161 3789 spectacula,

517 3804 622 3875 qui
651 3819 771 3859 non
787 3804 911 3859 vult
936 3820 997 3858 se
1019 3804 1311 3860 inebriare
1341 3805 1511 3876 quasi
1536 3804 1896 3870 solemniter,
1924 3806 2166 3878 et,quod

520 3895 611 3946 est
641 3892 907 3960 gravius,
928 3892 1246 3947 accedente
1278 3894 1632 3963 patrocinio,
1688 3901 2035 3951 sanctorum
2067 3895 2163 3950 die

522 3994 657 4034 rum
687 3979 807 4034 ﬁeri
828 3980 1177 4035 immundus
1203 3998 1219 4050 ;
1246 3982 1346 4051 qui
1374 3981 1484 4037 ista
1505 3982 1696 4038 facere
1721 3985 1993 4043 noluerit.
2022 3999 2169 4056 quo-

527 4067 711 4123 modo
738 4067 789 4122 ei
820 4066 1139 4122 insultatur
1162 4068 1239 4122 ab
1268 4069 1361 4123 his
1391 4071 1492 4139 qui
1547 4071 1770 4126 faciunt
1807 4071 1834 4126 ?
1866 4072 2167 4144 Numquid

525 4156 906 4214 insultaretur
945 4156 994 4211 ei
1025 4157 1071 4211 si
1098 4162 1524 4225 agnosceretur
1549 4157 1576 4213 τ
1606 4160 1808 4224 Ουδτθς
1830 4166 2017 4216 autem
2053 4176 2171 4215 non

526 4247 869 4316 agnoscitur
899 4244 1196 4300 ?Mundus
1219 4261 1357 4300 eum
1408 4262 1528 4302 non
1578 4250 1867 4319 agnoscit.
1918 4250 2055 4315 Quis
2090 4255 2177 4306 est

527 4336 790 4392 mundus
820 4335 848 4391 ‘I
870 4334 950 4390 illi
975 4334 1341 4391 habitatores
1364 4336 1594 4399 mundi,
1628 4337 1937 4409 quomodo
1964 4338 2179 4393 dicitur

526 4424 767 4490 domus,
801 4424 1170 4481 habitatores
1192 4425 1337 4495 ejus.
1371 4428 1501 4481 Jam
1533 4426 1642 4481 ista
1661 4442 1819 4497 saepe
1845 4426 2003 4482 dicta
2017 4433 2177 4497 sunt,

523 4519 577 4570 et
611 4530 726 4569 non
757 4530 829 4570 ea
860 4513 1030 4569 vobis
1067 4530 1203 4570 cum
1235 4514 1375 4569 odio
1406 4516 1731 4586 repetimus
1765 4518 1805 4570 ³.
1857 4516 1988 4571 Jam
2040 4532 2177 4571 cum

524 4603 745 4663 auditis
780 4604 1073 4658 mundum
1100 4604 1156 4658 in
1189 4604 1351 4659 mala
1380 4605 1833 4675 signiﬁcatione,
1868 4621 1987 4662 non
2018 4605 2183 4661 intel-

525 4692 720 4760 ligatis
746 4692 859 4746 nisi
891 4693 1198 4748 dilectores
1216 4692 1421 4749 mundi
1454 4711 1467 4759 ;
1495 4696 1637 4766 quia
1669 4710 1773 4766 per
1802 4695 2176 4751 dilectionem

531 4779 894 4849 inhabitant,
928 4785 983 4835 et
1004 4797 1107 4852 per
1158 4782 1323 4853 quod
1363 4783 1716 4848 inhabitant,
1751 4800 1971 4839 nomen
2004 4785 2183 4840 habe-

530 4884 592 4923 re
622 4874 988 4924 meruerunt.
1013 4871 1260 4941 Propter
1299 4870 1411 4925 hoc
1437 4871 1698 4926 mundus
1731 4888 1851 4926 non
1901 4873 2183 4941 cognovit

528 4973 661 5022 nos,
692 4958 835 5029 quia
865 4972 986 5013 non
1013 4959 1291 5026 cognovit
1346 4975 1505 5013 eum.
1564 4960 1925 5016 Ambulabat
1953 4967 2007 5016 et
2056 4963 2181 5032 ipse

533 5047 815 5102 Dominus
845 5047 1018 5101 Jesus
1046 5046 1329 5110 Christus,
1364 5046 1419 5101 in
1462 5062 1637 5101 carne
1670 5054 1795 5102 erat
1840 5051 2009 5115 Deus,
2039 5049 2184 5104 late-

530 5136 636 5192 bat
664 5137 722 5192 in
750 5136 1112 5191 inﬁrmitate.
1140 5138 1206 5190 Et
1232 5136 1391 5191 unde
1421 5151 1543 5191 non
1567 5140 1655 5191 est
1676 5137 1949 5206 cognitus
1979 5138 2005 5192 ?
2032 5140 2182 5204 Quia

534 5226 739 5282 omnia
770 5230 1015 5297 peccata
1034 5224 1325 5297 arguebat
1348 5226 1405 5280 in
1420 5225 1889 5283 hominibus.llli
1918 5228 2182 5284 amando

534 5314 959 5373 delectationes
973 5320 1506 5388 peccatorum,non
1525 5316 1939 5385 agnoscebant
1960 5317 2145 5372 Deum
2166 5336 2178 5369 :

598 5536 612 5565 ¹
646 5534 780 5583 Editi
798 5550 809 5586 ε
826 5536 891 5584 Et
920 5550 1025 5585 non
1042 5554 1099 5587 ea
1120 5539 1375 5587 vobiscum
1396 5538 1545 5587 hodie
1570 5538 2052 5587 renetimus.Mclius
2075 5543 2183 5587 tres

540 5594 685 5665 Mss,
704 5598 847 5665 vobis
876 5613 983 5645 cum
1006 5602 1140 5665 odio.
1161 5600 1243 5650 Sic
1262 5604 1401 5650 enim
1422 5594 1769 5665 intra,r'I‘ract.
1790 5603 1835 5658 7,
1858 5617 1908 5649 η.
1936 5603 1953 5648 1
1984 5616 1993 5648 :
2030 5619 2054 5647 «
2078 5601 2183 5650 Nec

545 5674 568 5703 ι
596 5658 894 5711 timendum
910 5664 1117 5723 esthait
1148 5677 1213 5712 ne
1244 5677 1383 5727 saepe
1410 5664 1634 5714 dicendo
1656 5666 1710 5714 in
1736 5664 1921 5715 odium
1946 5666 2180 5716 veniat»

1212 141 1285 196 ΙΝ
1326 139 1729 198 EPISTOLAM
1770 138 2067 198 JOANNIS
2108 137 2206 195 AD
2244 135 2598 209 PARTHOS,
2634 136 2696 193 S.
2736 133 3124 192 AUGUSTINT

3726 132 3878 188 2008

2229 263 2493 319 amando
2540 262 2699 335 quod
2719 262 2900 318 febris
2946 258 3260 325 suadebat,
3307 257 3591 330 injuriam
3634 256 3877 313 medico

2220 352 2537 408 faciebant.

2295 474 2343 524 5.
2370 468 2521 534 Quid
2553 484 2692 540 ergo
2716 482 2824 523 nos
2851 466 2879 521 ‘i
2906 469 3035 521 Jam
3078 466 3196 521 nati
3218 481 3427 520 sumus
3453 480 3521 518 ex
3555 463 3688 535 ipso
3717 480 3732 528 ;
3771 462 3881 518 sed

2222 558 2365 629 quia
2394 558 2454 612 in
2469 575 2575 628 spe
2590 574 2821 621 sumus,
2849 555 3611 626 Dilectissimi,inquit,nunc
3640 552 3752 622 ﬁlii
3780 552 3885 607 Dei

2223 663 2423 702 sumus.
2438 649 2566 702 Jam
2582 662 2741 701 nunc
2768 644 2965 710 ?Quid
2988 649 3229 711 estergo
3248 642 3413 714 quod
3428 646 3883 712 exspectamus,

2227 737 2273 790 si
2294 737 2421 806 jam
2438 735 2530 790 ﬁlii
2561 735 2880 790 Deisumus
2905 736 2931 789 ?
2957 734 3029 788 Et
3048 731 3536 803 nondum,inquit,
3565 730 3889 801 mnifesto-

2226 833 2335 880 tum
2360 825 2583 896 estquid
2604 825 2821 879 erimus.
2850 822 3002 888 Quid
3029 828 3223 877 autem
3254 821 3475 877 erimus
3488 819 3668 887 aliud,
3691 834 3888 890 quam

2227 914 2328 969 ﬁlii
2355 913 2495 968 Dei?
2523 913 2734 968 Audite
2764 913 2911 983 quid
2944 911 3240 983 sequitur:
3275 930 3303 960 «
3336 909 3567 965 Scimus
3589 907 3888 979 quiacum

2229 1004 2588 1076 apparuerit,
2616 1002 2835 1056 similes
2861 1002 2913 1056 ei
2940 1002 3162 1056 erimus
3192 1016 3206 1067 ;
3238 999 3530 1071 quoniam
3546 996 3894 1051 videbimus

2231 1110 2367 1149 eum
2384 1093 2532 1147 sicut
2554 1096 2661 1147 est.
2677 1107 2709 1147 ›)
2728 1090 3017 1159 lntelligat
3031 1090 3296 1146 Charitas
3312 1089 3750 1155 vestra.Magna
3762 1100 3857 1139 res
3875 1093 3888 1128 ε

2234 1202 2261 1232 «
2290 1182 2523 1238 Scimus
2557 1183 2699 1252 quia
2726 1196 2863 1234 cum
2895 1180 3259 1250 apparuerit,
3296 1176 3520 1232 similes
3550 1176 3602 1231 ei
3630 1176 3891 1237 erimus;

2232 1272 2523 1344 quoniam
2552 1269 2891 1325 videbimus
2922 1284 3057 1323 eum
3119 1268 3289 1322 sicuti
3345 1273 3509 1322 est.»
3553 1266 3685 1320 Jam
3745 1262 3895 1319 illud

2235 1360 2513 1416 attendite
2540 1359 2686 1430 quid
2716 1362 2961 1413 vocatur
2990 1363 3083 1411 est.
3115 1356 3303 1412 Nostis
3332 1354 3477 1427 quid
3502 1359 3768 1409 vocatur.
3795 1352 3893 1406 Est

2236 1450 2398 1521 quod
2424 1452 2693 1513 vocatur,
2720 1454 2776 1503 et
2802 1462 2924 1502 non
2945 1446 3138 1502 solum
3173 1450 3439 1509 vocatur,
3472 1444 3578 1498 sed
3612 1458 3751 1497 vere
3784 1446 3895 1503 est,

2240 1536 2729 1592 incommutabile
2752 1543 2837 1591 est
2859 1548 2881 1604 ,'
2903 1551 3138 1605 semper
3176 1539 3395 1597 manet,
3437 1534 3652 1587 mutari
3684 1530 3894 1595 nescit,

2242 1626 2404 1681 nulla
2436 1642 2506 1680 ex
2533 1631 2700 1696 parte
2728 1624 3164 1695 corrumpitur:
3187 1638 3295 1677 nec
3321 1620 3569 1693 proﬁcit,
3595 1620 3740 1692 quia
3764 1634 3896 1690 per-

2244 1716 2459 1771 fectum
2493 1720 2609 1780 est;
2638 1730 2746 1769 nec
2776 1714 2999 1783 deﬁcit,
3038 1714 3185 1784 quia
3216 1716 3503 1767 aeternum
3527 1716 3633 1765 est.
3671 1706 3901 1781 thuid

2245 1811 2333 1861 est
2361 1805 2475 1860 hoc
2504 1804 2531 1859 ?
2558 1804 2624 1857 In
2654 1803 2931 1875 principio
2962 1810 3079 1857 erat
3121 1801 3344 1856 Verbum
3401 1808 3449 1855 et
3515 1798 3747 1854 Verbum
3776 1802 3900 1852 erat

2246 1894 2400 1965 apud
2430 1894 2619 1958 Deum,
2647 1901 2694 1946 et
2711 1894 2850 1947 Deus
2871 1899 2988 1947 erat
3032 1891 3255 1946 Verbum
3283 1891 3515 1961 (Joan.1,
3553 1889 3630 1959 1).
3662 1890 3727 1942 Et
3750 1885 3904 1958 quid

2249 1990 2336 2038 est
2364 1982 2476 2037 hoc
2504 1982 2531 2036 ‘l
2556 1982 2792 2048 Quicum
2823 1982 2883 2035 in
2921 1981 3111 2050 [arma
3152 1980 3259 2035 Dei
3278 1986 3428 2045 esset,
3486 1995 3593 2033 non
3637 1977 3899 2048 rapinam

2248 2072 2555 2127 arbitratus
2585 2078 2658 2125 est
2719 2088 2822 2125 esse
2843 2070 3067 2141 aequalis
3127 2072 3237 2125 Deo
3296 2068 3523 2138 (Philip.
3556 2085 3611 2132 ιι,
3666 2065 3745 2135 6).
3781 2065 3905 2119 Hoc

2252 2162 2434 2217 modo
2463 2160 2757 2216 Christum
2786 2160 2843 2214 in
2870 2160 3058 2214 forma
3087 2159 3203 2224 Dei,
3237 2157 3492 2213 Verbum
3510 2156 3906 2221 Dei,Unicum

2253 2249 2426 2313 Patri,
2454 2248 2746 2321 aequalem
2763 2249 2937 2313 Patri,
2968 2264 3086 2303 non
3108 2252 3359 2318 possunt
3385 2246 3584 2301 videre
3612 2242 3776 2299 mali.
3809 2246 3908 2299 Se-

2255 2339 2519 2394 cundum
2553 2338 2613 2392 id
2656 2354 2790 2393 vero
2834 2337 2996 2409 quod
3036 2336 3297 2392 Verbum
3346 2351 3485 2390 caro
3536 2333 3763 2389 factum
3796 2336 3905 2397 est,

2255 2434 2533 2500 poterunt
2563 2432 2619 2483 et
2650 2427 2790 2483 mali
2825 2443 2837 2492 ;
2865 2427 3007 2499 quia
3034 2427 3091 2481 in
3124 2426 3219 2481 die
3245 2424 3456 2496 judicii
3517 2422 3813 2477 videbunt
3852 2426 3912 2477 et

2258 2518 2398 2573 mali
2426 2535 2437 2572 :
2468 2516 2612 2587 quia
2636 2518 2719 2570 sic
2749 2517 2939 2571 veniet
2967 2515 3343 2585 judicaturus
3389 2512 3699 2585 quomodo
3733 2524 3913 2565 vene-

2256 2606 2737 2677 ratjudicandus.
2756 2610 2813 2660 ln
2836 2606 2966 2676 ipsa
2989 2603 3397 2668 formahomo,
3420 2602 3521 2657 sed
3550 2602 3743 2657 Deus:
3766 2615 3908 2655 nam

2258 2696 2609 2752 maledictus
2638 2696 2833 2750 omnis
2864 2695 2965 2766 qui
2991 2710 3160 2764 spem
3186 2709 3356 2748 suam
3385 2692 3553 2763 ponit
3584 2691 3642 2744 in
3667 2689 3917 2744 homine

2260 2786 2479 2856 (Jerem.
2511 2800 2651 2849 xvn,
2676 2784 2752 2855 5).
2789 2784 2976 2838 Homo
3001 2784 3160 2837 venit
3191 2788 3250 2836 ut
3300 2781 3691 2848 judicaretur,
3726 2778 3917 2833 homo

2261 2874 2458 2931 veniet
2487 2879 2547 2928 ut
2564 2872 2811 2943 judicet.
2833 2874 2896 2926 Et
2917 2872 2962 2925 si
2978 2886 3097 2927 non
3121 2870 3437 2935 videbitur,
3461 2867 3605 2940 quid
3627 2870 3723 2922 est
3750 2865 3921 2937 quod

2263 2964 2548 3034 scriptum
2571 2966 2680 3026 est,
2728 2961 2983 3015 Videbunt
3017 2962 3076 3014 in
3132 2976 3284 3031 quem
3332 2960 3677 3029 conﬁxerunt
3734 2958 3916 3021 (Joan.

2262 3070 2382 3121 xxx,
2410 3054 2503 3122 37)
2530 3051 2557 3106 Τ
2578 3054 2651 3106 De
2673 3051 2874 3122 impiis
2894 3052 3054 3106 enim
3076 3050 3303 3106 dictum
3327 3053 3416 3105 est
3434 3048 3579 3120 quia
3601 3046 3913 3107 videbunt,

2266 3148 2319 3197 et
2349 3140 2809 3197 contenduntur.
2852 3139 3170 3205 Quomodo
3214 3154 3335 3193 non
3395 3136 3685 3193 videbunt
3724 3133 3918 3207 impii,

2264 3230 2513 3303 quando
2539 3229 2690 3285 alios
2717 3234 2897 3299 ponet
2938 3228 3015 3283 ad
3046 3227 3374 3292 dexteram,
3416 3226 3563 3281 alios
3615 3224 3695 3281 ad
3744 3223 3926 3279 sinis-

2266 3322 2418 3375 tram
2450 3318 2479 3372 ‘P
2506 3317 2602 3375 Ad
2619 3317 2923 3373 dexteram
2950 3318 3156 3388 positis
3188 3318 3362 3381 dicet,
3398 3315 3601 3377 Venite,
3662 3311 3930 3368 benedicti

2268 3408 2460 3461 Patri:
2487 3407 2613 3471 mei,
2636 3408 2898 3476 percipite
2923 3422 3147 3475 regnum
3181 3422 3198 3458 :
3232 3406 3307 3459 ad
3364 3404 3666 3459 sinistram
3715 3402 3931 3473 positis

2268 3496 2442 3562 dicet,
2471 3495 2548 3549 Ite
2579 3494 2637 3549 in
2670 3495 2849 3564 ignem
2880 3502 3145 3549 :eternum
3198 3493 3421 3564 (Matth.
3476 3508 3613 3557 xxv,
3667 3494 3757 3556 34.
3810 3490 3928 3558 41).

2274 3584 2581 3647 Videbunt,
2605 3584 2710 3637 sed
2729 3583 2986 3638 formam
3006 3583 3157 3638 servi
3188 3601 3200 3639 :
3224 3582 3479 3638 formam
3506 3582 3601 3636 Dei
3628 3580 3935 3635 nonvide-

2271 3673 2440 3728 bunt.
2458 3674 2649 3737 Quare
2664 3671 2691 3725 ‘f
2711 3674 2858 3737 Quia
2875 3672 3040 3743 impii
3063 3676 3199 3727 sunt
3216 3694 3226 3735 ;
3246 3670 3442 3741 etipse
3458 3670 3747 3725 Dominus
3765 3668 3931 3729 dicit,

2273 3762 2433 3817 Beati
2459 3760 2654 3817 mundo
2681 3761 2856 3827 corde,
2890 3762 3145 3832 quoniam
3174 3761 3277 3831 ipsi
3306 3759 3476 3814 Deum
3506 3758 3768 3813 videbunt
3811 3756 3926 3827 (Id.

2274 3867 2332 3917 v,
2357 3852 2431 3921 8).
2468 3853 2617 3918 Ergo
2650 3850 2824 3904 visuri
2850 3866 3061 3904 sumus
3090 3848 3423 3921 quamdam
3469 3848 3787 3909 visionem,
3814 3846 3931 3901 fra-

2279 3944 2413 4004 tres,
2446 3954 2630 4010 quam
2657 3954 2766 3993 nec
2792 3938 2996 3993 oculus
3024 3938 3187 4003 vidit,
3208 3953 3314 3993 nec
3336 3937 3498 3993 auris
3543 3935 3793 4003 audivit,
3826 3949 3941 3990 nec

2278 4028 2339 4082 in
2370 4042 2471 4083 cor
2500 4026 2762 4081 hominis
2814 4026 3089 4082 ascendit
3140 4028 3183 4097 (l
3217 4026 3342 4082 Cor.
3394 4042 3453 4089 u,
3479 4026 3536 4094 9)
3574 4042 3586 4080 :
3634 4024 3938 4079 visionem

2281 4115 2634 4187 quamdam,
2658 4115 2943 4171 visionem
2966 4114 3401 4186 praecellentem
3429 4128 3642 4169 omnes
3676 4112 3945 4184 pulchri-

2288 4204 2519 4259 tudines
2552 4209 2834 4267 terrenas,
2881 4204 3030 4267 auri,
3084 4204 3334 4275 argenti,
3382 4218 3700 4257 nemorum
3757 4206 3945 4273 atque

2286 4308 2662 4363 camporum,
2691 4293 3191 4364 pulchritudinem
3213 4292 3395 4348 maris
3413 4292 3657 4356 etaeris,
3678 4290 3947 4361 pulchri-

2287 4382 2553 4437 tudinem
2577 4382 2715 4438 solis
2742 4388 2796 4437 et
2821 4381 3000 4447 lunae,
3043 4381 3550 4453 pulchritudinem
3603 4379 3945 4447 stellarum,

2286 4470 2791 4543 pulchritudinem
2823 4470 3207 4540 Angelorum,
3242 4470 3449 4525 omnia
3498 4472 3892 4540 superantem
3929 4484 3945 4533 ;

2288 4561 2429 4632 quia
2455 4576 2524 4615 ex
2547 4559 2676 4631 ipsa
2706 4559 2954 4631 pulchra
2984 4563 3122 4615 sunt
3152 4559 3378 4614 omnia.

2360 4674 2570 4739 6.Quid
2597 4690 2737 4745 ergo
2756 4690 2863 4730 nos
2887 4674 3251 4742 erimus,hoc
3274 4672 3520 4746 quando
3536 4672 3885 4728 videbimus
3912 4672 3945 4723 *ἶ

2290 4764 2439 4829 Quid
2458 4763 2630 4818 nobis
2644 4762 3002 4834 promissum
3019 4762 3144 4817 est?
3157 4762 3367 4817 Similes
3384 4763 3434 4817 ei
3445 4761 3653 4817 erimus
3668 4762 3945 4832 ;quoniam

2288 4851 2705 4907 videbimustum
2723 4852 2886 4906 sicuti
2914 4857 3005 4905 est.
3038 4851 3356 4916 Quomodo
3389 4850 3602 4921 potuit,
3625 4850 3841 4921 lingua
3859 4866 3953 4905 so-

2288 4942 2456 5006 nuit;
2482 4947 2692 4996 caetera
2723 4941 2900 4996 corde
2932 4941 3282 5011 cogitentur.
3315 4940 3465 5005 Quid
3500 4941 3661 4994 enim
3695 4939 3791 4994 vel
3820 4940 3953 5011 ipse

2289 5032 2546 5086 Joannes
2559 5030 2705 5085 dixit
2718 5030 2793 5084 ad
2808 5030 3298 5101 comparationem
3314 5028 3560 5100 ejusqui
3577 5029 3790 5092 est,vel
3805 5028 3954 5100 quid

2291 5118 2509 5175 anobis
2523 5118 2839 5190 potestdici
2854 5117 3189 5173 hominibus
3204 5116 3723 5188 longeimparibus
3738 5118 3955 5173 meritis

2290 5208 2479 5279 ipsius
2496 5208 2523 5263 ἲ
2547 5207 2881 5263 Redeamus
2897 5222 3038 5277 ergo
3059 5208 3134 5262 ad
3159 5206 3320 5262 illam
3338 5208 3679 5261 unctionem
3730 5207 3948 5277 ipsius,

2289 5297 2610 5353 redeamus
2632 5297 2709 5353 ad
2731 5296 2891 5352 illam
2909 5297 3250 5351 unctionem
3264 5311 3401 5367 quae
3419 5296 3575 5350 intus
3592 5292 3956 5366 docetquod

2289 5386 2451 5458 loqui
2477 5402 2595 5441 non
2622 5402 2971 5457 possumus,
2994 5385 3202 5457 etquia
3226 5384 3406 5439 modo
3420 5383 3620 5438 videre
3633 5398 3759 5438 non
3791 5389 3955 5454 pote-

2294 5477 2419 5543 stis,
2436 5475 2697 5531 ofticium
2718 5481 2976 5530 vestrum
3001 5475 3055 5529 in
3086 5473 3382 5529 desiderio
3397 5474 3485 5527 sit.
3501 5475 3645 5528 Tota
3661 5472 3787 5527 vita
3806 5472 3958 5527 chri-

2294 5564 2645 5629 stianiboni,
2683 5566 2954 5619 saucium
2992 5563 3353 5618 desiderium
3392 5567 3495 5617 est.
3530 5561 3705 5627 Quod
3749 5567 3954 5617 autem

2293 5653 2891 5719 desideras,nondum
2904 5652 3203 5720 vides;sed
3213 5651 3613 5709 desiderando
3626 5665 3828 5724 capax
3838 5652 3957 5708 eﬁi-
