  <div class='ocr_page' id='page_1' title='image "/cluster/home/n/w/nwhite01/storage/ocr_20150623/35/hvd.32044054170956/354.png"; bbox 0 0 4182 6198; ppageno 0'>
   <div class='ocr_carea' id='block_1_1' title="bbox 600 0 893 19">
    <p class='ocr_par' dir='ltr' id='par_1_1' title="bbox 600 0 893 19">
     <span class='ocr_line' id='line_1_1' title="bbox 600 0 893 19; baseline -0.01 -3"><span class='ocrx_word' id='word_1_1' title='bbox 600 0 739 19; x_wconf 56' lang='grc' dir='ltr'>ξω.</span> <span class='ocrx_word' id='word_1_2' title='bbox 778 2 811 15; x_wconf 58' lang='grc' dir='ltr'>»ί</span> <span class='ocrx_word' id='word_1_3' title='bbox 890 6 893 13; x_wconf 74' lang='grc'><strong><em>4</em></strong></span> 
     </span>
    </p>
   </div>
   <div class='ocr_carea' id='block_1_2' title="bbox 208 173 1865 237">
    <p class='ocr_par' dir='ltr' id='par_1_2' title="bbox 208 173 1861 233">
     <span class='ocr_line' id='line_1_2' title="bbox 208 173 1861 233; baseline 0 0"><span class='ocrx_word' id='word_1_4' title='bbox 208 175 358 233; x_wconf 73' lang='grc'>2009</span> <span class='ocrx_word' id='word_1_5' title='bbox 1429 173 1861 233; x_wconf 79' lang='lat' dir='ltr'>TBACTATUS</span> 
     </span>
    </p>
   </div>
   <div class='ocr_carea' id='block_1_3' title="bbox 1983 173 3624 237">
    <p class='ocr_par' dir='ltr' id='par_1_3' title="bbox 1983 177 3624 237">
     <span class='ocr_line' id='line_1_3' title="bbox 1983 177 3624 237; baseline 0 -4"><span class='ocrx_word' id='word_1_6' title='bbox 1983 220 1992 233; x_wconf 94' lang='lat'>.</span> <span class='ocrx_word' id='word_1_7' title='bbox 2035 177 2267 236; x_wconf 80' lang='lat' dir='ltr'>CAPUT</span> <span class='ocrx_word' id='word_1_8' title='bbox 2300 179 2369 236; x_wconf 86' lang='lat' dir='ltr'>II.</span> <span class='ocrx_word' id='word_1_9' title='bbox 3478 178 3624 237; x_wconf 84' lang='grc'>2010</span> 
     </span>
    </p>
   </div>
   <div class='ocr_carea' id='block_1_4' title="bbox 205 300 1867 373">
    <p class='ocr_par' dir='ltr' id='par_1_4' title="bbox 205 300 1867 373">
     <span class='ocr_line' id='line_1_4' title="bbox 205 300 1867 373; baseline 0.001 -16"><span class='ocrx_word' id='word_1_10' title='bbox 205 300 381 366; x_wconf 87' lang='lat' dir='ltr'>ceris,</span> <span class='ocrx_word' id='word_1_11' title='bbox 402 304 464 355; x_wconf 91' lang='lat' dir='ltr'>ut</span> <span class='ocrx_word' id='word_1_12' title='bbox 503 315 642 356; x_wconf 93' lang='lat' dir='ltr'>cum</span> <span class='ocrx_word' id='word_1_13' title='bbox 668 301 896 358; x_wconf 82' lang='lat' dir='ltr'>venerit</span> <span class='ocrx_word' id='word_1_14' title='bbox 917 300 1078 373; x_wconf 91' lang='lat' dir='ltr'>quod</span> <span class='ocrx_word' id='word_1_15' title='bbox 1103 300 1331 367; x_wconf 89' lang='lat' dir='ltr'>videas,</span> <span class='ocrx_word' id='word_1_16' title='bbox 1353 300 1681 373; x_wconf 86' lang='lat' dir='ltr'>implearis.</span> <span class='ocrx_word' id='word_1_17' title='bbox 1706 300 1867 358; x_wconf 82' lang='lat' dir='ltr'>Sicut</span> 
     </span>
    </p>
   </div>
   <div class='ocr_carea' id='block_1_5' title="bbox 207 389 1861 462">
    <p class='ocr_par' dir='ltr' id='par_1_5' title="bbox 207 389 1861 462">
     <span class='ocr_line' id='line_1_5' title="bbox 207 389 1861 462; baseline -0.001 -16"><span class='ocrx_word' id='word_1_18' title='bbox 207 389 369 446; x_wconf 91' lang='lat' dir='ltr'>enim</span> <span class='ocrx_word' id='word_1_19' title='bbox 390 390 441 444; x_wconf 87' lang='lat' dir='ltr'>si</span> <span class='ocrx_word' id='word_1_20' title='bbox 468 389 613 444; x_wconf 86' lang='lat' dir='ltr'>velis</span> <span class='ocrx_word' id='word_1_21' title='bbox 636 390 882 461; x_wconf 90' lang='lat' dir='ltr'>implere</span> <span class='ocrx_word' id='word_1_22' title='bbox 906 390 1167 462; x_wconf 84' lang='lat' dir='ltr'>aliquem</span> <span class='ocrx_word' id='word_1_23' title='bbox 1191 391 1412 455; x_wconf 92' lang='lat' dir='ltr'>sinum,</span> <span class='ocrx_word' id='word_1_24' title='bbox 1432 396 1489 446; x_wconf 90' lang='lat' dir='ltr'>et</span> <span class='ocrx_word' id='word_1_25' title='bbox 1506 390 1656 446; x_wconf 80' lang='lat' dir='ltr'>nosti</span> <span class='ocrx_word' id='word_1_26' title='bbox 1677 406 1861 462; x_wconf 89' lang='lat' dir='ltr'>quam</span> 
     </span>
    </p>
   </div>
   <div class='ocr_carea' id='block_1_6' title="bbox 206 479 1860 549">
    <p class='ocr_par' dir='ltr' id='par_1_6' title="bbox 206 479 1860 549">
     <span class='ocr_line' id='line_1_6' title="bbox 206 479 1860 549; baseline -0.001 -15"><span class='ocrx_word' id='word_1_27' title='bbox 206 493 502 548; x_wconf 88' lang='lat' dir='ltr'>magnum</span> <span class='ocrx_word' id='word_1_28' title='bbox 524 479 785 549; x_wconf 82' lang='lat' dir='ltr'>estquod</span> <span class='ocrx_word' id='word_1_29' title='bbox 805 479 1065 543; x_wconf 78' lang='lat' dir='ltr'>dabitur,</span> <span class='ocrx_word' id='word_1_30' title='bbox 1087 480 1355 536; x_wconf 80' lang='lat' dir='ltr'>extendis</span> <span class='ocrx_word' id='word_1_31' title='bbox 1375 480 1572 535; x_wconf 90' lang='lat' dir='ltr'>sinum</span> <span class='ocrx_word' id='word_1_32' title='bbox 1592 480 1682 535; x_wconf 86' lang='lat' dir='ltr'>vel</span> <span class='ocrx_word' id='word_1_33' title='bbox 1705 480 1860 534; x_wconf 89' lang='lat' dir='ltr'>sacci</span> 
     </span>
    </p>
   </div>
   <div class='ocr_carea' id='block_1_7' title="bbox 201 567 1858 641">
    <p class='ocr_par' dir='ltr' id='par_1_7' title="bbox 201 567 1858 641">
     <span class='ocr_line' id='line_1_7' title="bbox 201 567 1858 641; baseline -0.001 -18"><span class='ocrx_word' id='word_1_34' title='bbox 201 567 296 623; x_wconf 90' lang='lat' dir='ltr'>vel</span> <span class='ocrx_word' id='word_1_35' title='bbox 312 567 462 623; x_wconf 90' lang='lat' dir='ltr'>utris</span> <span class='ocrx_word' id='word_1_36' title='bbox 481 568 571 623; x_wconf 90' lang='lat' dir='ltr'>vel</span> <span class='ocrx_word' id='word_1_37' title='bbox 584 567 835 638; x_wconf 87' lang='lat' dir='ltr'>alicujus</span> <span class='ocrx_word' id='word_1_38' title='bbox 852 569 934 623; x_wconf 86' lang='lat' dir='ltr'>rei</span> <span class='ocrx_word' id='word_1_39' title='bbox 952 586 964 623; x_wconf 89' lang='lat'>:</span> <span class='ocrx_word' id='word_1_40' title='bbox 982 570 1138 625; x_wconf 81' lang='lat' dir='ltr'><strong>nosti</strong></span> <span class='ocrx_word' id='word_1_41' title='bbox 1162 575 1456 641; x_wconf 90' lang='lat' dir='ltr'>quantum</span> <span class='ocrx_word' id='word_1_42' title='bbox 1473 569 1762 624; x_wconf 89' lang='lat' dir='ltr'>missurus</span> <span class='ocrx_word' id='word_1_43' title='bbox 1776 584 1858 636; x_wconf 91' lang='lat' dir='ltr'>es,</span> 
     </span>
    </p>
   </div>
   <div class='ocr_carea' id='block_1_8' title="bbox 201 657 1855 728">
    <p class='ocr_par' dir='ltr' id='par_1_8' title="bbox 201 657 1855 728">
     <span class='ocr_line' id='line_1_8' title="bbox 201 657 1855 728; baseline 0 -16"><span class='ocrx_word' id='word_1_44' title='bbox 201 657 436 712; x_wconf 89' lang='lat' dir='ltr'>etvides</span> <span class='ocrx_word' id='word_1_45' title='bbox 450 657 595 728; x_wconf 91' lang='lat' dir='ltr'>quia</span> <span class='ocrx_word' id='word_1_46' title='bbox 608 660 901 726; x_wconf 87' lang='lat' dir='ltr'>angustus</span> <span class='ocrx_word' id='word_1_47' title='bbox 914 658 1177 712; x_wconf 89' lang='lat' dir='ltr'>estsinus</span> <span class='ocrx_word' id='word_1_48' title='bbox 1194 675 1207 723; x_wconf 93' lang='lat'>;</span> <span class='ocrx_word' id='word_1_49' title='bbox 1222 658 1599 714; x_wconf 84' lang='lat' dir='ltr'>extendendo</span> <span class='ocrx_word' id='word_1_50' title='bbox 1616 658 1755 714; x_wconf 81' lang='lat' dir='ltr'>iacis</span> <span class='ocrx_word' id='word_1_51' title='bbox 1767 674 1855 713; x_wconf 91' lang='lat' dir='ltr'>ca-</span> 
     </span>
    </p>
   </div>
   <div class='ocr_carea' id='block_1_9' title="bbox 201 745 1856 818">
    <p class='ocr_par' dir='ltr' id='par_1_9' title="bbox 201 745 1856 818">
     <span class='ocr_line' id='line_1_9' title="bbox 201 745 1856 818; baseline 0 -17"><span class='ocrx_word' id='word_1_52' title='bbox 201 746 512 818; x_wconf 87' lang='lat' dir='ltr'>paciorem</span> <span class='ocrx_word' id='word_1_53' title='bbox 540 762 549 801; x_wconf 95' lang='lat'><strong>:</strong></span> <span class='ocrx_word' id='word_1_54' title='bbox 576 746 658 800; x_wconf 89' lang='lat' dir='ltr'>sic</span> <span class='ocrx_word' id='word_1_55' title='bbox 675 748 827 800; x_wconf 92' lang='lat' dir='ltr'>Deus</span> <span class='ocrx_word' id='word_1_56' title='bbox 843 745 1174 802; x_wconf 73' lang='lat' dir='ltr'>differendo</span> <span class='ocrx_word' id='word_1_57' title='bbox 1197 746 1856 813; x_wconf 88' lang='lat' dir='ltr'>extenditdesiderium,</span> 
     </span>
    </p>
   </div>
   <div class='ocr_carea' id='block_1_10' title="bbox 202 834 1862 900">
    <p class='ocr_par' dir='ltr' id='par_1_10' title="bbox 202 834 1862 900">
     <span class='ocr_line' id='line_1_10' title="bbox 202 834 1862 900; baseline 0 -9"><span class='ocrx_word' id='word_1_58' title='bbox 202 834 608 891; x_wconf 89' lang='lat' dir='ltr'>desiderando</span> <span class='ocrx_word' id='word_1_59' title='bbox 630 835 1197 900; x_wconf 88' lang='lat' dir='ltr'>extenditanimum,</span> <span class='ocrx_word' id='word_1_60' title='bbox 1214 835 1742 891; x_wconf 85' lang='lat' dir='ltr'>extendendofacit</span> <span class='ocrx_word' id='word_1_61' title='bbox 1762 852 1862 891; x_wconf 92' lang='lat' dir='ltr'>ca-</span> 
     </span>
    </p>
   </div>
   <div class='ocr_carea' id='block_1_11' title="bbox 199 923 1859 996">
    <p class='ocr_par' dir='ltr' id='par_1_11' title="bbox 199 923 1859 996">
     <span class='ocr_line' id='line_1_11' title="bbox 199 923 1859 996; baseline -0.001 -17"><span class='ocrx_word' id='word_1_62' title='bbox 199 939 437 995; x_wconf 82' lang='lat' dir='ltr'>pacem.</span> <span class='ocrx_word' id='word_1_63' title='bbox 458 923 874 978; x_wconf 90' lang='lat' dir='ltr'>Desideremus</span> <span class='ocrx_word' id='word_1_64' title='bbox 889 939 1052 994; x_wconf 90' lang='lat' dir='ltr'>ergo,</span> <span class='ocrx_word' id='word_1_65' title='bbox 1070 924 1446 996; x_wconf 87' lang='lat' dir='ltr'>fratres,quia</span> <span class='ocrx_word' id='word_1_66' title='bbox 1461 923 1747 995; x_wconf 87' lang='lat' dir='ltr'>implendi</span> <span class='ocrx_word' id='word_1_67' title='bbox 1764 938 1859 977; x_wconf 90' lang='lat' dir='ltr'>su-</span> 
     </span>
    </p>
   </div>
   <div class='ocr_carea' id='block_1_12' title="bbox 201 1011 1861 1083">
    <p class='ocr_par' dir='ltr' id='par_1_12' title="bbox 201 1011 1861 1083">
     <span class='ocr_line' id='line_1_12' title="bbox 201 1011 1861 1083; baseline -0.001 -14"><span class='ocrx_word' id='word_1_68' title='bbox 201 1029 366 1069; x_wconf 91' lang='lat' dir='ltr'>mus.</span> <span class='ocrx_word' id='word_1_69' title='bbox 389 1011 598 1067; x_wconf 85' lang='lat' dir='ltr'>Videte</span> <span class='ocrx_word' id='word_1_70' title='bbox 621 1012 878 1067; x_wconf 91' lang='lat' dir='ltr'>Paulum</span> <span class='ocrx_word' id='word_1_71' title='bbox 902 1013 1320 1068; x_wconf 86' lang='lat' dir='ltr'>extendentem</span> <span class='ocrx_word' id='word_1_72' title='bbox 1342 1014 1561 1081; x_wconf 90' lang='lat' dir='ltr'>sinum,</span> <span class='ocrx_word' id='word_1_73' title='bbox 1587 1016 1650 1067; x_wconf 92' lang='lat' dir='ltr'>ut</span> <span class='ocrx_word' id='word_1_74' title='bbox 1675 1012 1861 1083; x_wconf 83' lang='lat' dir='ltr'>possit</span> 
     </span>
    </p>
   </div>
   <div class='ocr_carea' id='block_1_13' title="bbox 198 1100 1859 1172">
    <p class='ocr_par' dir='ltr' id='par_1_13' title="bbox 198 1100 1859 1172">
     <span class='ocr_line' id='line_1_13' title="bbox 198 1100 1859 1172; baseline -0.002 -14"><span class='ocrx_word' id='word_1_75' title='bbox 198 1116 417 1172; x_wconf 81' lang='lat' dir='ltr'>capere</span> <span class='ocrx_word' id='word_1_76' title='bbox 453 1100 617 1172; x_wconf 91' lang='lat' dir='ltr'>quod</span> <span class='ocrx_word' id='word_1_77' title='bbox 653 1107 969 1156; x_wconf 89' lang='lat' dir='ltr'>venturum</span> <span class='ocrx_word' id='word_1_78' title='bbox 992 1107 1096 1157; x_wconf 90' lang='lat' dir='ltr'>est.</span> <span class='ocrx_word' id='word_1_79' title='bbox 1123 1101 1211 1156; x_wconf 84' lang='lat' dir='ltr'>Ait</span> <span class='ocrx_word' id='word_1_80' title='bbox 1232 1102 1392 1156; x_wconf 91' lang='lat' dir='ltr'>enim</span> <span class='ocrx_word' id='word_1_81' title='bbox 1419 1101 1574 1157; x_wconf 86' lang='lat' dir='ltr'>:Non</span> <span class='ocrx_word' id='word_1_82' title='bbox 1596 1102 1723 1172; x_wconf 89' lang='lat' dir='ltr'>quia</span> <span class='ocrx_word' id='word_1_83' title='bbox 1740 1103 1859 1172; x_wconf 86' lang='lat' dir='ltr'>jam</span> 
     </span>
    </p>
   </div>
   <div class='ocr_carea' id='block_1_14' title="bbox 198 1190 1859 1262">
    <p class='ocr_par' dir='ltr' id='par_1_14' title="bbox 198 1190 1859 1262">
     <span class='ocr_line' id='line_1_14' title="bbox 198 1190 1859 1262; baseline -0.001 -17"><span class='ocrx_word' id='word_1_84' title='bbox 198 1190 519 1262; x_wconf 88' lang='lat' dir='ltr'>acceperim,</span> <span class='ocrx_word' id='word_1_85' title='bbox 563 1195 657 1245; x_wconf 94' lang='lat' dir='ltr'>aut</span> <span class='ocrx_word' id='word_1_86' title='bbox 705 1191 811 1258; x_wconf 72' lang='lat' dir='ltr'>iam</span> <span class='ocrx_word' id='word_1_87' title='bbox 858 1190 1131 1260; x_wconf 81' lang='lat' dir='ltr'>perfectus</span> <span class='ocrx_word' id='word_1_88' title='bbox 1180 1190 1283 1245; x_wconf 90' lang='lat' dir='ltr'>sim</span> <span class='ocrx_word' id='word_1_89' title='bbox 1315 1208 1331 1257; x_wconf 74' lang='grc' dir='ltr'>ς</span> <span class='ocrx_word' id='word_1_90' title='bbox 1361 1190 1586 1260; x_wconf 81' lang='lat' dir='ltr'>fratres,</span> <span class='ocrx_word' id='word_1_91' title='bbox 1645 1206 1733 1261; x_wconf 83' lang='lat' dir='ltr'>ego</span> <span class='ocrx_word' id='word_1_92' title='bbox 1780 1207 1859 1244; x_wconf 91' lang='lat' dir='ltr'>me</span> 
     </span>
    </p>
   </div>
   <div class='ocr_carea' id='block_1_15' title="bbox 198 1278 1859 1350">
    <p class='ocr_par' dir='ltr' id='par_1_15' title="bbox 198 1278 1859 1350">
     <span class='ocr_line' id='line_1_15' title="bbox 198 1278 1859 1350; baseline 0 -17"><span class='ocrx_word' id='word_1_93' title='bbox 198 1297 309 1333; x_wconf 86' lang='lat' dir='ltr'>non</span> <span class='ocrx_word' id='word_1_94' title='bbox 355 1278 600 1333; x_wconf 74' lang='lat' dir='ltr'>arbitror</span> <span class='ocrx_word' id='word_1_95' title='bbox 627 1278 1057 1349; x_wconf 84' lang='lat' dir='ltr'>apprehendisse.</span> <span class='ocrx_word' id='word_1_96' title='bbox 1101 1278 1244 1345; x_wconf 89' lang='lat' dir='ltr'>Quid</span> <span class='ocrx_word' id='word_1_97' title='bbox 1287 1294 1429 1347; x_wconf 92' lang='lat' dir='ltr'>ergo</span> <span class='ocrx_word' id='word_1_98' title='bbox 1468 1279 1595 1350; x_wconf 87' lang='lat' dir='ltr'>agis</span> <span class='ocrx_word' id='word_1_99' title='bbox 1638 1278 1697 1333; x_wconf 91' lang='lat' dir='ltr'>in</span> <span class='ocrx_word' id='word_1_100' title='bbox 1746 1280 1859 1334; x_wconf 93' lang='lat' dir='ltr'>hac</span> 
     </span>
    </p>
   </div>
   <div class='ocr_carea' id='block_1_16' title="bbox 196 1366 1859 1439">
    <p class='ocr_par' dir='ltr' id='par_1_16' title="bbox 196 1366 1859 1439">
     <span class='ocr_line' id='line_1_16' title="bbox 196 1366 1859 1439; baseline 0.001 -17"><span class='ocrx_word' id='word_1_101' title='bbox 196 1368 341 1437; x_wconf 87' lang='lat' dir='ltr'>vita,</span> <span class='ocrx_word' id='word_1_102' title='bbox 378 1367 426 1421; x_wconf 88' lang='lat' dir='ltr'>si</span> <span class='ocrx_word' id='word_1_103' title='bbox 478 1366 748 1422; x_wconf 90' lang='lat' dir='ltr'>nondum</span> <span class='ocrx_word' id='word_1_104' title='bbox 776 1366 1273 1439; x_wconf 84' lang='lat' dir='ltr'>apprehendisti?</span> <span class='ocrx_word' id='word_1_105' title='bbox 1309 1368 1485 1423; x_wconf 91' lang='lat' dir='ltr'>Unum</span> <span class='ocrx_word' id='word_1_106' title='bbox 1516 1373 1713 1432; x_wconf 88' lang='lat' dir='ltr'>autem,</span> <span class='ocrx_word' id='word_1_107' title='bbox 1740 1383 1859 1438; x_wconf 53' lang='lat' dir='ltr'>qua»p</span> 
     </span>
    </p>
   </div>
   <div class='ocr_carea' id='block_1_17' title="bbox 196 1456 1859 1527">
    <p class='ocr_par' dir='ltr' id='par_1_17' title="bbox 196 1456 1859 1527">
     <span class='ocr_line' id='line_1_17' title="bbox 196 1456 1859 1527; baseline 0 -16"><span class='ocrx_word' id='word_1_108' title='bbox 196 1464 353 1511; x_wconf 86' lang='lat' dir='ltr'>retro</span> <span class='ocrx_word' id='word_1_109' title='bbox 382 1456 604 1522; x_wconf 87' lang='lat' dir='ltr'>oblitus,</span> <span class='ocrx_word' id='word_1_110' title='bbox 638 1456 697 1510; x_wconf 90' lang='lat' dir='ltr'>in</span> <span class='ocrx_word' id='word_1_111' title='bbox 727 1473 787 1510; x_wconf 86' lang='lat' dir='ltr'>ea</span> <span class='ocrx_word' id='word_1_112' title='bbox 817 1474 935 1527; x_wconf 76' lang='lat' dir='ltr'>quae</span> <span class='ocrx_word' id='word_1_113' title='bbox 966 1463 1091 1511; x_wconf 96' lang='lat' dir='ltr'>ante</span> <span class='ocrx_word' id='word_1_114' title='bbox 1120 1464 1244 1511; x_wconf 87' lang='lat' dir='ltr'>sunt</span> <span class='ocrx_word' id='word_1_115' title='bbox 1274 1463 1537 1512; x_wconf 71' lang='lat' dir='ltr'>extentus,</span> <span class='ocrx_word' id='word_1_116' title='bbox 1568 1456 1859 1511; x_wconf 88' lang='lat' dir='ltr'>secundum</span> 
     </span>
    </p>
   </div>
   <div class='ocr_carea' id='block_1_18' title="bbox 198 1546 1860 1616">
    <p class='ocr_par' dir='ltr' id='par_1_18' title="bbox 198 1546 1860 1616">
     <span class='ocr_line' id='line_1_18' title="bbox 198 1546 1860 1616; baseline -0.001 -15"><span class='ocrx_word' id='word_1_117' title='bbox 198 1548 556 1601; x_wconf 87' lang='lat' dir='ltr'>intentionem</span> <span class='ocrx_word' id='word_1_118' title='bbox 600 1562 788 1616; x_wconf 83' lang='lat' dir='ltr'>sequor</span> <span class='ocrx_word' id='word_1_119' title='bbox 851 1546 920 1599; x_wconf 90' lang='lat' dir='ltr'>ad</span> <span class='ocrx_word' id='word_1_120' title='bbox 977 1546 1210 1616; x_wconf 81' lang='lat' dir='ltr'>palmam</span> <span class='ocrx_word' id='word_1_121' title='bbox 1269 1562 1519 1616; x_wconf 66' lang='lat' dir='ltr'>supernae</span> <span class='ocrx_word' id='word_1_122' title='bbox 1568 1547 1860 1600; x_wconf 87' lang='lat' dir='ltr'>vocationis</span> 
     </span>
    </p>
   </div>
   <div class='ocr_carea' id='block_1_19' title="bbox 195 1635 1856 1707">
    <p class='ocr_par' dir='ltr' id='par_1_19' title="bbox 195 1635 1856 1707">
     <span class='ocr_line' id='line_1_19' title="bbox 195 1635 1856 1707; baseline -0.001 -16"><span class='ocrx_word' id='word_1_123' title='bbox 195 1636 471 1707; x_wconf 75' lang='lat' dir='ltr'>(Philipp.</span> <span class='ocrx_word' id='word_1_124' title='bbox 490 1650 573 1699; x_wconf 90' lang='grc' dir='ltr'>ιιι,</span> <span class='ocrx_word' id='word_1_125' title='bbox 602 1639 681 1700; x_wconf 88' lang='lat' dir='ltr'>t3,</span> <span class='ocrx_word' id='word_1_126' title='bbox 700 1635 802 1703; x_wconf 74' lang='grc'>14).</span> <span class='ocrx_word' id='word_1_127' title='bbox 828 1637 1141 1690; x_wconf 89' lang='lat' dir='ltr'>Extentum</span> <span class='ocrx_word' id='word_1_128' title='bbox 1165 1651 1226 1690; x_wconf 89' lang='lat' dir='ltr'>se</span> <span class='ocrx_word' id='word_1_129' title='bbox 1253 1635 1420 1699; x_wconf 81' lang='lat' dir='ltr'>dixit,</span> <span class='ocrx_word' id='word_1_130' title='bbox 1441 1640 1495 1691; x_wconf 90' lang='lat' dir='ltr'>et</span> <span class='ocrx_word' id='word_1_131' title='bbox 1522 1636 1856 1690; x_wconf 91' lang='lat' dir='ltr'>secundum</span> 
     </span>
    </p>
   </div>
   <div class='ocr_carea' id='block_1_20' title="bbox 196 1723 1857 1794">
    <p class='ocr_par' dir='ltr' id='par_1_20' title="bbox 196 1723 1857 1794">
     <span class='ocr_line' id='line_1_20' title="bbox 196 1723 1857 1794; baseline -0.001 -14"><span class='ocrx_word' id='word_1_132' title='bbox 196 1725 595 1780; x_wconf 86' lang='lat' dir='ltr'>intentionem</span> <span class='ocrx_word' id='word_1_133' title='bbox 624 1724 789 1794; x_wconf 86' lang='lat' dir='ltr'>sequi</span> <span class='ocrx_word' id='word_1_134' title='bbox 820 1738 881 1777; x_wconf 91' lang='lat' dir='ltr'>se</span> <span class='ocrx_word' id='word_1_135' title='bbox 914 1723 1364 1779; x_wconf 84' lang='lat' dir='ltr'>dixit.Minorem</span> <span class='ocrx_word' id='word_1_136' title='bbox 1393 1741 1454 1778; x_wconf 89' lang='lat' dir='ltr'>se</span> <span class='ocrx_word' id='word_1_137' title='bbox 1481 1723 1857 1779; x_wconf 87' lang='lat' dir='ltr'>sentiebatad</span> 
     </span>
    </p>
   </div>
   <div class='ocr_carea' id='block_1_21' title="bbox 197 1810 1856 1885">
    <p class='ocr_par' dir='ltr' id='par_1_21' title="bbox 197 1810 1856 1885">
     <span class='ocr_line' id='line_1_21' title="bbox 197 1810 1856 1885; baseline -0.002 -16"><span class='ocrx_word' id='word_1_138' title='bbox 197 1810 568 1885; x_wconf 89' lang='lat' dir='ltr'>capiendum</span> <span class='ocrx_word' id='word_1_139' title='bbox 589 1812 748 1883; x_wconf 89' lang='lat' dir='ltr'>quod</span> <span class='ocrx_word' id='word_1_140' title='bbox 770 1811 978 1867; x_wconf 88' lang='lat' dir='ltr'>oculus</span> <span class='ocrx_word' id='word_1_141' title='bbox 999 1828 1116 1867; x_wconf 91' lang='lat' dir='ltr'>non</span> <span class='ocrx_word' id='word_1_142' title='bbox 1140 1811 1421 1878; x_wconf 91' lang='lat' dir='ltr'>vidit,nec</span> <span class='ocrx_word' id='word_1_143' title='bbox 1440 1813 1597 1868; x_wconf 84' lang='lat' dir='ltr'>auris</span> <span class='ocrx_word' id='word_1_144' title='bbox 1611 1812 1856 1878; x_wconf 85' lang='lat' dir='ltr'>audivit,</span> 
     </span>
    </p>
   </div>
   <div class='ocr_carea' id='block_1_22' title="bbox 199 1901 1859 1967">
    <p class='ocr_par' dir='ltr' id='par_1_22' title="bbox 199 1901 1859 1967">
     <span class='ocr_line' id='line_1_22' title="bbox 199 1901 1859 1967; baseline -0.001 -9"><span class='ocrx_word' id='word_1_145' title='bbox 199 1918 314 1958; x_wconf 90' lang='lat' dir='ltr'>nec</span> <span class='ocrx_word' id='word_1_146' title='bbox 344 1902 404 1956; x_wconf 91' lang='lat' dir='ltr'>in</span> <span class='ocrx_word' id='word_1_147' title='bbox 433 1918 535 1956; x_wconf 90' lang='lat' dir='ltr'>cor</span> <span class='ocrx_word' id='word_1_148' title='bbox 552 1901 811 1956; x_wconf 88' lang='lat' dir='ltr'>hominis</span> <span class='ocrx_word' id='word_1_149' title='bbox 832 1901 1118 1957; x_wconf 91' lang='lat' dir='ltr'>ascendit.</span> <span class='ocrx_word' id='word_1_150' title='bbox 1142 1901 1274 1957; x_wconf 60' lang='lat' dir='ltr'>Haec</span> <span class='ocrx_word' id='word_1_151' title='bbox 1300 1906 1386 1957; x_wconf 89' lang='lat' dir='ltr'>est</span> <span class='ocrx_word' id='word_1_152' title='bbox 1409 1901 1527 1957; x_wconf 89' lang='lat' dir='ltr'>vita</span> <span class='ocrx_word' id='word_1_153' title='bbox 1549 1907 1771 1967; x_wconf 89' lang='lat' dir='ltr'>nostra,</span> <span class='ocrx_word' id='word_1_154' title='bbox 1797 1906 1859 1956; x_wconf 93' lang='lat' dir='ltr'>ut</span> 
     </span>
    </p>
   </div>
   <div class='ocr_carea' id='block_1_23' title="bbox 199 1991 1862 2047">
    <p class='ocr_par' dir='ltr' id='par_1_23' title="bbox 199 1991 1862 2047">
     <span class='ocr_line' id='line_1_23' title="bbox 199 1991 1862 2047; baseline -0.001 0"><span class='ocrx_word' id='word_1_155' title='bbox 199 1991 605 2047; x_wconf 90' lang='lat' dir='ltr'>desiderando</span> <span class='ocrx_word' id='word_1_156' title='bbox 617 2005 1018 2046; x_wconf 87' lang='lat' dir='ltr'>exerceamur.</span> <span class='ocrx_word' id='word_1_157' title='bbox 1035 1993 1285 2045; x_wconf 87' lang='lat' dir='ltr'>Tantum</span> <span class='ocrx_word' id='word_1_158' title='bbox 1299 1996 1497 2045; x_wconf 91' lang='lat' dir='ltr'>autem</span> <span class='ocrx_word' id='word_1_159' title='bbox 1512 2006 1620 2045; x_wconf 78' lang='lat' dir='ltr'>n05</span> <span class='ocrx_word' id='word_1_160' title='bbox 1636 1995 1862 2046; x_wconf 80' lang='lat' dir='ltr'>exercet</span> 
     </span>
    </p>
   </div>
   <div class='ocr_carea' id='block_1_24' title="bbox 202 2078 1860 2151">
    <p class='ocr_par' dir='ltr' id='par_1_24' title="bbox 202 2078 1860 2151">
     <span class='ocr_line' id='line_1_24' title="bbox 202 2078 1860 2151; baseline -0.001 -15"><span class='ocrx_word' id='word_1_161' title='bbox 202 2086 489 2136; x_wconf 88' lang='lat' dir='ltr'>sanctum</span> <span class='ocrx_word' id='word_1_162' title='bbox 503 2078 884 2146; x_wconf 85' lang='lat' dir='ltr'>desiderium,</span> <span class='ocrx_word' id='word_1_163' title='bbox 901 2084 1195 2151; x_wconf 88' lang='lat' dir='ltr'>quantum</span> <span class='ocrx_word' id='word_1_164' title='bbox 1211 2078 1505 2134; x_wconf 91' lang='lat' dir='ltr'>desideria</span> <span class='ocrx_word' id='word_1_165' title='bbox 1522 2085 1724 2135; x_wconf 87' lang='lat' dir='ltr'>nostra</span> <span class='ocrx_word' id='word_1_166' title='bbox 1735 2095 1860 2135; x_wconf 78' lang='lat' dir='ltr'>ant-</span> 
     </span>
    </p>
   </div>
   <div class='ocr_carea' id='block_1_25' title="bbox 202 2166 1863 2243">
    <p class='ocr_par' dir='ltr' id='par_1_25' title="bbox 202 2166 1863 2243">
     <span class='ocr_line' id='line_1_25' title="bbox 202 2166 1863 2243; baseline -0.001 -18"><span class='ocrx_word' id='word_1_167' title='bbox 202 2169 621 2243; x_wconf 89' lang='lat' dir='ltr'>putaverimus</span> <span class='ocrx_word' id='word_1_168' title='bbox 638 2166 714 2224; x_wconf 88' lang='lat' dir='ltr'>ab</span> <span class='ocrx_word' id='word_1_169' title='bbox 726 2184 931 2223; x_wconf 89' lang='lat' dir='ltr'>amore</span> <span class='ocrx_word' id='word_1_170' title='bbox 944 2167 1299 2224; x_wconf 80' lang='lat' dir='ltr'>saeculiJam</span> <span class='ocrx_word' id='word_1_171' title='bbox 1313 2168 1573 2223; x_wconf 88' lang='lat' dir='ltr'>diximus</span> <span class='ocrx_word' id='word_1_172' title='bbox 1586 2169 1863 2241; x_wconf 91' lang='lat' dir='ltr'>aliquan-</span> 
     </span>
    </p>
   </div>
   <div class='ocr_carea' id='block_1_26' title="bbox 200 2256 1861 2329">
    <p class='ocr_par' dir='ltr' id='par_1_26' title="bbox 200 2256 1861 2329">
     <span class='ocr_line' id='line_1_26' title="bbox 200 2256 1861 2329; baseline -0.001 -15"><span class='ocrx_word' id='word_1_173' title='bbox 200 2261 303 2322; x_wconf 91' lang='lat' dir='ltr'>do,</span> <span class='ocrx_word' id='word_1_174' title='bbox 328 2257 580 2313; x_wconf 87' lang='lat' dir='ltr'>Exinani</span> <span class='ocrx_word' id='word_1_175' title='bbox 598 2256 1149 2329; x_wconf 90' lang='lat' dir='ltr'>quodimplendum</span> <span class='ocrx_word' id='word_1_176' title='bbox 1169 2262 1258 2311; x_wconf 90' lang='lat' dir='ltr'>est</span> <span class='ocrx_word' id='word_1_177' title='bbox 1276 2258 1315 2310; x_wconf 89' lang='grc'>¹.</span> <span class='ocrx_word' id='word_1_178' title='bbox 1342 2257 1509 2313; x_wconf 83' lang='grc' dir='ltr'>Βοηο</span> <span class='ocrx_word' id='word_1_179' title='bbox 1527 2257 1861 2329; x_wconf 88' lang='lat' dir='ltr'>implendus</span> 
     </span>
    </p>
   </div>
   <div class='ocr_carea' id='block_1_27' title="bbox 201 2345 1862 2419">
    <p class='ocr_par' dir='ltr' id='par_1_27' title="bbox 201 2345 1862 2419">
     <span class='ocr_line' id='line_1_27' title="bbox 201 2345 1862 2419; baseline 0.001 -16"><span class='ocrx_word' id='word_1_180' title='bbox 201 2364 292 2411; x_wconf 89' lang='lat' dir='ltr'>es,</span> <span class='ocrx_word' id='word_1_181' title='bbox 316 2346 501 2402; x_wconf 80' lang='lat' dir='ltr'>funde</span> <span class='ocrx_word' id='word_1_182' title='bbox 534 2345 781 2402; x_wconf 88' lang='lat' dir='ltr'>malum.</span> <span class='ocrx_word' id='word_1_183' title='bbox 818 2348 960 2401; x_wconf 87' lang='lat' dir='ltr'>Puta</span> <span class='ocrx_word' id='word_1_184' title='bbox 986 2345 1130 2417; x_wconf 90' lang='lat' dir='ltr'>quia</span> <span class='ocrx_word' id='word_1_185' title='bbox 1170 2346 1343 2401; x_wconf 90' lang='lat' dir='ltr'>melle</span> <span class='ocrx_word' id='word_1_186' title='bbox 1378 2351 1428 2401; x_wconf 90' lang='lat' dir='ltr'>te</span> <span class='ocrx_word' id='word_1_187' title='bbox 1460 2347 1586 2402; x_wconf 86' lang='lat' dir='ltr'>vult</span> <span class='ocrx_word' id='word_1_188' title='bbox 1614 2348 1862 2419; x_wconf 91' lang='lat' dir='ltr'>implere</span> 
     </span>
    </p>
   </div>
   <div class='ocr_carea' id='block_1_28' title="bbox 203 2434 1861 2507">
    <p class='ocr_par' dir='ltr' id='par_1_28' title="bbox 203 2434 1861 2507">
     <span class='ocr_line' id='line_1_28' title="bbox 203 2434 1861 2507; baseline 0.002 -16"><span class='ocrx_word' id='word_1_189' title='bbox 203 2438 366 2491; x_wconf 88' lang='lat' dir='ltr'>Deus</span> <span class='ocrx_word' id='word_1_190' title='bbox 382 2455 393 2494; x_wconf 93' lang='lat'>:</span> <span class='ocrx_word' id='word_1_191' title='bbox 412 2436 458 2490; x_wconf 90' lang='lat' dir='ltr'>si</span> <span class='ocrx_word' id='word_1_192' title='bbox 474 2442 642 2490; x_wconf 91' lang='lat' dir='ltr'>aceto</span> <span class='ocrx_word' id='word_1_193' title='bbox 659 2434 867 2506; x_wconf 90' lang='lat' dir='ltr'>plenus</span> <span class='ocrx_word' id='word_1_194' title='bbox 880 2434 1077 2501; x_wconf 88' lang='lat' dir='ltr'>es,ubi</span> <span class='ocrx_word' id='word_1_195' title='bbox 1097 2434 1211 2490; x_wconf 91' lang='lat' dir='ltr'>mel</span> <span class='ocrx_word' id='word_1_196' title='bbox 1225 2434 1451 2507; x_wconf 80' lang='lat' dir='ltr'>pones?</span> <span class='ocrx_word' id='word_1_197' title='bbox 1466 2437 1861 2494; x_wconf 88' lang='lat' dir='ltr'>Fundendum</span> 
     </span>
    </p>
   </div>
   <div class='ocr_carea' id='block_1_29' title="bbox 207 2522 1861 2595">
    <p class='ocr_par' dir='ltr' id='par_1_29' title="bbox 207 2522 1861 2595">
     <span class='ocr_line' id='line_1_29' title="bbox 207 2522 1861 2595; baseline 0.001 -16"><span class='ocrx_word' id='word_1_198' title='bbox 207 2523 480 2595; x_wconf 86' lang='lat' dir='ltr'>estquod</span> <span class='ocrx_word' id='word_1_199' title='bbox 507 2523 783 2593; x_wconf 88' lang='lat' dir='ltr'>portabat</span> <span class='ocrx_word' id='word_1_200' title='bbox 804 2538 905 2578; x_wconf 88' lang='lat' dir='ltr'>vas</span> <span class='ocrx_word' id='word_1_201' title='bbox 926 2539 937 2576; x_wconf 89' lang='lat'><strong>:</strong></span> <span class='ocrx_word' id='word_1_202' title='bbox 958 2522 1377 2578; x_wconf 87' lang='lat' dir='ltr'>mundandum</span> <span class='ocrx_word' id='word_1_203' title='bbox 1398 2529 1487 2578; x_wconf 89' lang='lat' dir='ltr'>est</span> <span class='ocrx_word' id='word_1_204' title='bbox 1504 2525 1705 2595; x_wconf 90' lang='lat' dir='ltr'>ipsum</span> <span class='ocrx_word' id='word_1_205' title='bbox 1722 2541 1861 2592; x_wconf 87' lang='lat' dir='ltr'>vas;</span> 
     </span>
    </p>
   </div>
   <div class='ocr_carea' id='block_1_30' title="bbox 211 2610 1864 2678">
    <p class='ocr_par' dir='ltr' id='par_1_30' title="bbox 211 2610 1864 2678">
     <span class='ocr_line' id='line_1_30' title="bbox 211 2610 1864 2678; baseline 0.002 -10"><span class='ocrx_word' id='word_1_206' title='bbox 211 2612 637 2668; x_wconf 88' lang='lat' dir='ltr'>mundandum</span> <span class='ocrx_word' id='word_1_207' title='bbox 652 2618 765 2677; x_wconf 88' lang='lat' dir='ltr'>est,</span> <span class='ocrx_word' id='word_1_208' title='bbox 784 2612 892 2667; x_wconf 91' lang='lat' dir='ltr'>etsi</span> <span class='ocrx_word' id='word_1_209' title='bbox 909 2627 1043 2667; x_wconf 92' lang='lat' dir='ltr'>cum</span> <span class='ocrx_word' id='word_1_210' title='bbox 1059 2610 1277 2675; x_wconf 90' lang='lat' dir='ltr'>labore,</span> <span class='ocrx_word' id='word_1_211' title='bbox 1293 2628 1428 2667; x_wconf 92' lang='lat' dir='ltr'>cum</span> <span class='ocrx_word' id='word_1_212' title='bbox 1450 2613 1744 2678; x_wconf 88' lang='lat' dir='ltr'>tritura,ut</span> <span class='ocrx_word' id='word_1_213' title='bbox 1759 2615 1864 2672; x_wconf 88' lang='lat' dir='ltr'>ﬁat</span> 
     </span>
    </p>
   </div>
   <div class='ocr_carea' id='block_1_31' title="bbox 207 2700 1867 2773">
    <p class='ocr_par' dir='ltr' id='par_1_31' title="bbox 207 2700 1867 2773">
     <span class='ocr_line' id='line_1_31' title="bbox 207 2700 1867 2773; baseline 0.001 -15"><span class='ocrx_word' id='word_1_214' title='bbox 207 2708 423 2773; x_wconf 86' lang='lat' dir='ltr'>aptum</span> <span class='ocrx_word' id='word_1_215' title='bbox 439 2702 677 2757; x_wconf 87' lang='lat' dir='ltr'>cuidam</span> <span class='ocrx_word' id='word_1_216' title='bbox 695 2700 1470 2767; x_wconf 85' lang='lat' dir='ltr'>rei.Maledicamus,aurum</span> <span class='ocrx_word' id='word_1_217' title='bbox 1484 2703 1867 2767; x_wconf 86' lang='lat' dir='ltr'>dicamus,vi-</span> 
     </span>
    </p>
   </div>
   <div class='ocr_carea' id='block_1_32' title="bbox 208 2790 1866 2864">
    <p class='ocr_par' dir='ltr' id='par_1_32' title="bbox 208 2790 1866 2864">
     <span class='ocr_line' id='line_1_32' title="bbox 208 2790 1866 2864; baseline 0.001 -17"><span class='ocrx_word' id='word_1_218' title='bbox 208 2808 361 2848; x_wconf 90' lang='lat' dir='ltr'>num</span> <span class='ocrx_word' id='word_1_219' title='bbox 379 2791 655 2846; x_wconf 91' lang='lat' dir='ltr'>dicamus</span> <span class='ocrx_word' id='word_1_220' title='bbox 678 2809 693 2857; x_wconf 86' lang='lat'><strong>;</strong></span> <span class='ocrx_word' id='word_1_221' title='bbox 711 2790 1008 2862; x_wconf 90' lang='lat' dir='ltr'>quidquid</span> <span class='ocrx_word' id='word_1_222' title='bbox 1026 2790 1280 2845; x_wconf 92' lang='lat' dir='ltr'>dicimus</span> <span class='ocrx_word' id='word_1_223' title='bbox 1299 2792 1459 2862; x_wconf 93' lang='lat' dir='ltr'>quod</span> <span class='ocrx_word' id='word_1_224' title='bbox 1481 2792 1592 2847; x_wconf 93' lang='lat' dir='ltr'>dici</span> <span class='ocrx_word' id='word_1_225' title='bbox 1612 2808 1732 2847; x_wconf 91' lang='lat' dir='ltr'>non</span> <span class='ocrx_word' id='word_1_226' title='bbox 1757 2809 1866 2864; x_wconf 90' lang='lat' dir='ltr'>po-</span> 
     </span>
    </p>
   </div>
   <div class='ocr_carea' id='block_1_33' title="bbox 212 2879 1866 2954">
    <p class='ocr_par' dir='ltr' id='par_1_33' title="bbox 212 2879 1866 2954">
     <span class='ocr_line' id='line_1_33' title="bbox 212 2879 1866 2954; baseline 0.001 -17"><span class='ocrx_word' id='word_1_227' title='bbox 212 2880 650 2952; x_wconf 87' lang='lat' dir='ltr'>test,quidquid</span> <span class='ocrx_word' id='word_1_228' title='bbox 670 2879 947 2935; x_wconf 90' lang='lat' dir='ltr'>volumus</span> <span class='ocrx_word' id='word_1_229' title='bbox 962 2879 1177 2945; x_wconf 87' lang='lat' dir='ltr'>dicere,</span> <span class='ocrx_word' id='word_1_230' title='bbox 1190 2883 1337 2935; x_wconf 90' lang='lat' dir='ltr'>Deus</span> <span class='ocrx_word' id='word_1_231' title='bbox 1352 2883 1866 2954; x_wconf 89' lang='lat' dir='ltr'>vocatur.thuod</span> 
     </span>
    </p>
   </div>
   <div class='ocr_carea' id='block_1_34' title="bbox 209 2969 1869 3040">
    <p class='ocr_par' dir='ltr' id='par_1_34' title="bbox 209 2969 1869 3040">
     <span class='ocr_line' id='line_1_34' title="bbox 209 2969 1869 3040; baseline 0.001 -15"><span class='ocrx_word' id='word_1_232' title='bbox 209 2970 474 3026; x_wconf 82' lang='lat' dir='ltr'>dicimus</span> <span class='ocrx_word' id='word_1_233' title='bbox 497 2969 821 3039; x_wconf 87' lang='lat' dir='ltr'>Deus,quid</span> <span class='ocrx_word' id='word_1_234' title='bbox 842 2969 1149 3026; x_wconf 77' lang='lat' dir='ltr'>diximus?</span> <span class='ocrx_word' id='word_1_235' title='bbox 1170 2969 1446 3024; x_wconf 70' lang='lat' dir='ltr'>Duaaistae</span> <span class='ocrx_word' id='word_1_236' title='bbox 1464 2970 1710 3040; x_wconf 68' lang='lat' dir='ltr'>syllabae</span> <span class='ocrx_word' id='word_1_237' title='bbox 1730 2976 1869 3028; x_wconf 89' lang='lat' dir='ltr'>sunt</span> 
     </span>
    </p>
   </div>
   <div class='ocr_carea' id='block_1_35' title="bbox 210 3057 1865 3131">
    <p class='ocr_par' dir='ltr' id='par_1_35' title="bbox 210 3057 1865 3131">
     <span class='ocr_line' id='line_1_35' title="bbox 210 3057 1865 3131; baseline 0.001 -15"><span class='ocrx_word' id='word_1_238' title='bbox 210 3065 407 3117; x_wconf 90' lang='lat' dir='ltr'>totum</span> <span class='ocrx_word' id='word_1_239' title='bbox 427 3059 591 3131; x_wconf 89' lang='lat' dir='ltr'>quod</span> <span class='ocrx_word' id='word_1_240' title='bbox 609 3061 1031 3130; x_wconf 84' lang='lat' dir='ltr'>exspectamus</span> <span class='ocrx_word' id='word_1_241' title='bbox 1053 3058 1131 3123; x_wconf 71' lang='lat' dir='ltr'>IQ</span> <span class='ocrx_word' id='word_1_242' title='bbox 1144 3057 1392 3130; x_wconf 91' lang='lat' dir='ltr'>uidquid</span> <span class='ocrx_word' id='word_1_243' title='bbox 1409 3074 1551 3127; x_wconf 91' lang='lat' dir='ltr'>ergo</span> <span class='ocrx_word' id='word_1_244' title='bbox 1564 3058 1759 3115; x_wconf 89' lang='lat' dir='ltr'>dicere</span> <span class='ocrx_word' id='word_1_245' title='bbox 1772 3076 1865 3117; x_wconf 90' lang='lat' dir='ltr'>va-</span> 
     </span>
    </p>
   </div>
   <div class='ocr_carea' id='block_1_36' title="bbox 210 3146 1867 3217">
    <p class='ocr_par' dir='ltr' id='par_1_36' title="bbox 210 3146 1867 3217">
     <span class='ocr_line' id='line_1_36' title="bbox 210 3146 1867 3217; baseline -0.001 -12"><span class='ocrx_word' id='word_1_246' title='bbox 210 3149 463 3217; x_wconf 86' lang='lat' dir='ltr'>luimus,</span> <span class='ocrx_word' id='word_1_247' title='bbox 492 3147 645 3202; x_wconf 84' lang='lat' dir='ltr'>infra</span> <span class='ocrx_word' id='word_1_248' title='bbox 673 3146 1199 3202; x_wconf 88' lang='lat' dir='ltr'>est:extendamus</span> <span class='ocrx_word' id='word_1_249' title='bbox 1232 3162 1342 3201; x_wconf 93' lang='lat' dir='ltr'>nos</span> <span class='ocrx_word' id='word_1_250' title='bbox 1367 3146 1425 3201; x_wconf 92' lang='lat' dir='ltr'>in</span> <span class='ocrx_word' id='word_1_251' title='bbox 1444 3163 1602 3211; x_wconf 86' lang='lat' dir='ltr'>eum,</span> <span class='ocrx_word' id='word_1_252' title='bbox 1632 3155 1695 3202; x_wconf 88' lang='lat' dir='ltr'>ut</span> <span class='ocrx_word' id='word_1_253' title='bbox 1729 3164 1867 3204; x_wconf 92' lang='lat' dir='ltr'>cum</span> 
     </span>
    </p>
   </div>
   <div class='ocr_carea' id='block_1_37' title="bbox 214 3235 1869 3307">
    <p class='ocr_par' dir='ltr' id='par_1_37' title="bbox 214 3235 1869 3307">
     <span class='ocr_line' id='line_1_37' title="bbox 214 3235 1869 3307; baseline -0.001 -14"><span class='ocrx_word' id='word_1_254' title='bbox 214 3237 470 3304; x_wconf 84' lang='lat' dir='ltr'>venerit,</span> <span class='ocrx_word' id='word_1_255' title='bbox 486 3235 747 3307; x_wconf 90' lang='lat' dir='ltr'>impleat.</span> <span class='ocrx_word' id='word_1_256' title='bbox 767 3235 981 3290; x_wconf 75' lang='lat' dir='ltr'>Similes</span> <span class='ocrx_word' id='word_1_257' title='bbox 1005 3235 1164 3291; x_wconf 90' lang='lat' dir='ltr'>enim</span> <span class='ocrx_word' id='word_1_258' title='bbox 1186 3235 1453 3290; x_wconf 84' lang='lat' dir='ltr'>eierimus</span> <span class='ocrx_word' id='word_1_259' title='bbox 1468 3253 1491 3299; x_wconf 85' lang='lat'><strong><em>;</em></strong></span> <span class='ocrx_word' id='word_1_260' title='bbox 1511 3236 1764 3307; x_wconf 87' lang='lat' dir='ltr'>quoniam</span> <span class='ocrx_word' id='word_1_261' title='bbox 1794 3237 1869 3291; x_wconf 88' lang='lat' dir='ltr'>vi-</span> 
     </span>
    </p>
   </div>
   <div class='ocr_carea' id='block_1_38' title="bbox 213 3325 910 3382">
    <p class='ocr_par' dir='ltr' id='par_1_38' title="bbox 213 3325 910 3382">
     <span class='ocr_line' id='line_1_38' title="bbox 213 3325 910 3382; baseline -0.004 -1"><span class='ocrx_word' id='word_1_262' title='bbox 213 3326 458 3382; x_wconf 85' lang='lat' dir='ltr'>debimus</span> <span class='ocrx_word' id='word_1_263' title='bbox 483 3342 601 3380; x_wconf 85' lang='lat' dir='ltr'>eum</span> <span class='ocrx_word' id='word_1_264' title='bbox 626 3325 787 3379; x_wconf 90' lang='lat' dir='ltr'>sicuti</span> <span class='ocrx_word' id='word_1_265' title='bbox 816 3332 910 3379; x_wconf 89' lang='lat' dir='ltr'>est.</span> 
     </span>
    </p>
   </div>
   <div class='ocr_carea' id='block_1_39' title="bbox 287 3450 1876 3525">
    <p class='ocr_par' dir='ltr' id='par_1_39' title="bbox 287 3450 1876 3525">
     <span class='ocr_line' id='line_1_39' title="bbox 287 3450 1876 3525; baseline 0.001 -18"><span class='ocrx_word' id='word_1_266' title='bbox 287 3455 341 3507; x_wconf 85' lang='grc'>’1.</span> <span class='ocrx_word' id='word_1_267' title='bbox 361 3454 438 3507; x_wconf 85' lang='lat' dir='ltr'>Et</span> <span class='ocrx_word' id='word_1_268' title='bbox 467 3451 636 3506; x_wconf 87' lang='lat' dir='ltr'>omnis</span> <span class='ocrx_word' id='word_1_269' title='bbox 660 3452 754 3521; x_wconf 88' lang='lat' dir='ltr'>qui</span> <span class='ocrx_word' id='word_1_270' title='bbox 775 3450 925 3506; x_wconf 86' lang='lat' dir='ltr'>habet</span> <span class='ocrx_word' id='word_1_271' title='bbox 955 3467 1094 3521; x_wconf 83' lang='lat' dir='ltr'>spem</span> <span class='ocrx_word' id='word_1_272' title='bbox 1109 3450 1244 3505; x_wconf 87' lang='lat' dir='ltr'>hanc</span> <span class='ocrx_word' id='word_1_273' title='bbox 1257 3451 1315 3505; x_wconf 88' lang='lat' dir='ltr'>in</span> <span class='ocrx_word' id='word_1_274' title='bbox 1342 3451 1710 3521; x_wconf 88' lang='lat' dir='ltr'>ipso.Videtis</span> <span class='ocrx_word' id='word_1_275' title='bbox 1731 3453 1876 3525; x_wconf 87' lang='lat' dir='ltr'>quia</span> 
     </span>
    </p>
   </div>
   <div class='ocr_carea' id='block_1_40' title="bbox 215 3539 1877 3613">
    <p class='ocr_par' dir='ltr' id='par_1_40' title="bbox 215 3539 1877 3613">
     <span class='ocr_line' id='line_1_40' title="bbox 215 3539 1877 3613; baseline -0.001 -16"><span class='ocrx_word' id='word_1_276' title='bbox 215 3544 273 3598; x_wconf 92' lang='lat' dir='ltr'>in</span> <span class='ocrx_word' id='word_1_277' title='bbox 306 3557 414 3612; x_wconf 88' lang='lat' dir='ltr'>spe</span> <span class='ocrx_word' id='word_1_278' title='bbox 439 3557 548 3596; x_wconf 92' lang='lat' dir='ltr'>nos</span> <span class='ocrx_word' id='word_1_279' title='bbox 570 3540 788 3613; x_wconf 91' lang='lat' dir='ltr'>posuit.</span> <span class='ocrx_word' id='word_1_280' title='bbox 822 3540 1043 3596; x_wconf 89' lang='lat' dir='ltr'>Videtis</span> <span class='ocrx_word' id='word_1_281' title='bbox 1064 3539 1581 3612; x_wconf 90' lang='lat' dir='ltr'>quemadmodum</span> <span class='ocrx_word' id='word_1_282' title='bbox 1605 3541 1877 3612; x_wconf 83' lang='lat' dir='ltr'>congruit</span> 
     </span>
    </p>
   </div>
   <div class='ocr_carea' id='block_1_41' title="bbox 220 3629 1878 3702">
    <p class='ocr_par' dir='ltr' id='par_1_41' title="bbox 220 3629 1878 3702">
     <span class='ocr_line' id='line_1_41' title="bbox 220 3629 1878 3702; baseline -0.001 -15"><span class='ocrx_word' id='word_1_283' title='bbox 220 3630 532 3702; x_wconf 86' lang='lat' dir='ltr'>apostolus</span> <span class='ocrx_word' id='word_1_284' title='bbox 588 3630 803 3684; x_wconf 87' lang='lat' dir='ltr'>Paulus</span> <span class='ocrx_word' id='word_1_285' title='bbox 851 3629 1201 3701; x_wconf 90' lang='lat' dir='ltr'>coapostolo</span> <span class='ocrx_word' id='word_1_286' title='bbox 1235 3646 1364 3695; x_wconf 92' lang='lat' dir='ltr'>suo,</span> <span class='ocrx_word' id='word_1_287' title='bbox 1398 3631 1505 3701; x_wconf 89' lang='lat' dir='ltr'>Spe</span> <span class='ocrx_word' id='word_1_288' title='bbox 1555 3630 1697 3685; x_wconf 85' lang='lat' dir='ltr'>salvi</span> <span class='ocrx_word' id='word_1_289' title='bbox 1736 3631 1878 3701; x_wconf 86' lang='lat' dir='ltr'>facti</span> 
     </span>
    </p>
   </div>
   <div class='ocr_carea' id='block_1_42' title="bbox 215 3718 1875 3790">
    <p class='ocr_par' dir='ltr' id='par_1_42' title="bbox 215 3718 1875 3790">
     <span class='ocr_line' id='line_1_42' title="bbox 215 3718 1875 3790; baseline -0.001 -16"><span class='ocrx_word' id='word_1_290' title='bbox 215 3737 419 3774; x_wconf 89' lang='lat' dir='ltr'>sumus.</span> <span class='ocrx_word' id='word_1_291' title='bbox 456 3721 589 3788; x_wconf 90' lang='lat' dir='ltr'>Spes</span> <span class='ocrx_word' id='word_1_292' title='bbox 626 3724 804 3773; x_wconf 86' lang='lat' dir='ltr'>autem</span> <span class='ocrx_word' id='word_1_293' title='bbox 850 3735 966 3789; x_wconf 67' lang='lat' dir='ltr'>quze</span> <span class='ocrx_word' id='word_1_294' title='bbox 1014 3718 1251 3782; x_wconf 86' lang='lat' dir='ltr'>videtur,</span> <span class='ocrx_word' id='word_1_295' title='bbox 1307 3736 1409 3772; x_wconf 89' lang='lat' dir='ltr'>non</span> <span class='ocrx_word' id='word_1_296' title='bbox 1439 3726 1513 3773; x_wconf 90' lang='lat' dir='ltr'>est</span> <span class='ocrx_word' id='word_1_297' title='bbox 1544 3735 1658 3790; x_wconf 89' lang='lat' dir='ltr'>spes</span> <span class='ocrx_word' id='word_1_298' title='bbox 1690 3736 1706 3773; x_wconf 91' lang='lat'><em>:</em></span> <span class='ocrx_word' id='word_1_299' title='bbox 1737 3719 1875 3789; x_wconf 90' lang='lat' dir='ltr'>quod</span> 
     </span>
    </p>
   </div>
   <div class='ocr_carea' id='block_1_43' title="bbox 219 3806 1875 3878">
    <p class='ocr_par' dir='ltr' id='par_1_43' title="bbox 219 3806 1875 3878">
     <span class='ocr_line' id='line_1_43' title="bbox 219 3806 1875 3878; baseline 0 -16"><span class='ocrx_word' id='word_1_300' title='bbox 219 3808 362 3863; x_wconf 87' lang='lat' dir='ltr'>enim</span> <span class='ocrx_word' id='word_1_301' title='bbox 381 3808 525 3862; x_wconf 90' lang='lat' dir='ltr'>videt</span> <span class='ocrx_word' id='word_1_302' title='bbox 548 3808 685 3877; x_wconf 87' lang='lat' dir='ltr'>quis,</span> <span class='ocrx_word' id='word_1_303' title='bbox 713 3807 844 3878; x_wconf 86' lang='lat' dir='ltr'>quid</span> <span class='ocrx_word' id='word_1_304' title='bbox 860 3814 1038 3877; x_wconf 84' lang='lat' dir='ltr'>sperat</span> <span class='ocrx_word' id='word_1_305' title='bbox 1057 3807 1083 3862; x_wconf 89' lang='lat'><strong>?</strong></span> <span class='ocrx_word' id='word_1_306' title='bbox 1099 3807 1157 3861; x_wconf 92' lang='lat' dir='ltr'>Si</span> <span class='ocrx_word' id='word_1_307' title='bbox 1176 3807 1317 3861; x_wconf 87' lang='lat' dir='ltr'>enim</span> <span class='ocrx_word' id='word_1_308' title='bbox 1340 3806 1476 3878; x_wconf 91' lang='lat' dir='ltr'>quod</span> <span class='ocrx_word' id='word_1_309' title='bbox 1503 3824 1608 3862; x_wconf 88' lang='lat' dir='ltr'>non</span> <span class='ocrx_word' id='word_1_310' title='bbox 1640 3806 1875 3862; x_wconf 80' lang='lat' dir='ltr'>videmus</span> 
     </span>
    </p>
   </div>
   <div class='ocr_carea' id='block_1_44' title="bbox 215 3896 1871 3968">
    <p class='ocr_par' dir='ltr' id='par_1_44' title="bbox 215 3896 1871 3968">
     <span class='ocr_line' id='line_1_44' title="bbox 215 3896 1871 3968; baseline 0.001 -17"><span class='ocrx_word' id='word_1_311' title='bbox 215 3914 518 3968; x_wconf 85' lang='lat' dir='ltr'>speramus,</span> <span class='ocrx_word' id='word_1_312' title='bbox 566 3913 665 3967; x_wconf 87' lang='lat' dir='ltr'>per</span> <span class='ocrx_word' id='word_1_313' title='bbox 690 3896 1013 3966; x_wconf 83' lang='lat' dir='ltr'>patientiam</span> <span class='ocrx_word' id='word_1_314' title='bbox 1041 3903 1401 3966; x_wconf 72' lang='lat' dir='ltr'>exspectamus</span> <span class='ocrx_word' id='word_1_315' title='bbox 1429 3896 1601 3965; x_wconf 83' lang='lat' dir='ltr'>(Rom.</span> <span class='ocrx_word' id='word_1_316' title='bbox 1630 3912 1747 3960; x_wconf 82' lang='lat' dir='ltr'>VIII,</span> <span class='ocrx_word' id='word_1_317' title='bbox 1781 3899 1871 3961; x_wconf 78' lang='grc'>24,</span> 
     </span>
    </p>
   </div>
   <div class='ocr_carea' id='block_1_45' title="bbox 217 3985 1869 4058">
    <p class='ocr_par' dir='ltr' id='par_1_45' title="bbox 217 3985 1869 4058">
     <span class='ocr_line' id='line_1_45' title="bbox 217 3985 1869 4058; baseline 0 -18"><span class='ocrx_word' id='word_1_318' title='bbox 217 3988 333 4058; x_wconf 77' lang='grc'>25).</span> <span class='ocrx_word' id='word_1_319' title='bbox 365 3989 500 4057; x_wconf 86' lang='lat' dir='ltr'>Ipsa</span> <span class='ocrx_word' id='word_1_320' title='bbox 525 3985 813 4058; x_wconf 89' lang='lat' dir='ltr'>patientia</span> <span class='ocrx_word' id='word_1_321' title='bbox 852 3989 1081 4040; x_wconf 82' lang='lat' dir='ltr'>exercet</span> <span class='ocrx_word' id='word_1_322' title='bbox 1128 3985 1512 4041; x_wconf 87' lang='lat' dir='ltr'>desiderium.</span> <span class='ocrx_word' id='word_1_323' title='bbox 1564 3986 1732 4041; x_wconf 87' lang='lat' dir='ltr'>Mane</span> <span class='ocrx_word' id='word_1_324' title='bbox 1786 3991 1869 4051; x_wconf 92' lang='lat' dir='ltr'>tu,</span> 
     </span>
    </p>
   </div>
   <div class='ocr_carea' id='block_1_46' title="bbox 217 4074 1874 4148">
    <p class='ocr_par' dir='ltr' id='par_1_46' title="bbox 217 4074 1874 4148">
     <span class='ocr_line' id='line_1_46' title="bbox 217 4074 1874 4148; baseline -0.001 -17"><span class='ocrx_word' id='word_1_325' title='bbox 217 4092 361 4132; x_wconf 90' lang='lat' dir='ltr'>nam</span> <span class='ocrx_word' id='word_1_326' title='bbox 385 4081 589 4131; x_wconf 88' lang='lat' dir='ltr'>manet</span> <span class='ocrx_word' id='word_1_327' title='bbox 610 4074 702 4130; x_wconf 90' lang='lat' dir='ltr'>ille</span> <span class='ocrx_word' id='word_1_328' title='bbox 726 4092 737 4130; x_wconf 93' lang='lat'>:</span> <span class='ocrx_word' id='word_1_329' title='bbox 767 4081 821 4130; x_wconf 92' lang='lat' dir='ltr'>et</span> <span class='ocrx_word' id='word_1_330' title='bbox 845 4091 1161 4147; x_wconf 89' lang='lat' dir='ltr'>persevera</span> <span class='ocrx_word' id='word_1_331' title='bbox 1186 4076 1243 4130; x_wconf 92' lang='lat' dir='ltr'>in</span> <span class='ocrx_word' id='word_1_332' title='bbox 1260 4075 1651 4141; x_wconf 89' lang='lat' dir='ltr'>ambulando,</span> <span class='ocrx_word' id='word_1_333' title='bbox 1669 4082 1731 4131; x_wconf 92' lang='lat' dir='ltr'>ut</span> <span class='ocrx_word' id='word_1_334' title='bbox 1747 4092 1874 4148; x_wconf 89' lang='lat' dir='ltr'>per-</span> 
     </span>
    </p>
   </div>
   <div class='ocr_carea' id='block_1_47' title="bbox 217 4163 1872 4236">
    <p class='ocr_par' dir='ltr' id='par_1_47' title="bbox 217 4163 1872 4236">
     <span class='ocr_line' id='line_1_47' title="bbox 217 4163 1872 4236; baseline 0.001 -17"><span class='ocrx_word' id='word_1_335' title='bbox 217 4165 458 4228; x_wconf 87' lang='lat' dir='ltr'>venias;</span> <span class='ocrx_word' id='word_1_336' title='bbox 492 4165 630 4235; x_wconf 88' lang='lat' dir='ltr'>quia</span> <span class='ocrx_word' id='word_1_337' title='bbox 659 4179 781 4236; x_wconf 92' lang='lat' dir='ltr'>quo</span> <span class='ocrx_word' id='word_1_338' title='bbox 798 4163 1011 4233; x_wconf 84' lang='lat' dir='ltr'>tendis,</span> <span class='ocrx_word' id='word_1_339' title='bbox 1044 4179 1162 4219; x_wconf 89' lang='lat' dir='ltr'>non</span> <span class='ocrx_word' id='word_1_340' title='bbox 1196 4164 1494 4233; x_wconf 82' lang='lat' dir='ltr'>migrabit.</span> <span class='ocrx_word' id='word_1_341' title='bbox 1524 4164 1726 4220; x_wconf 91' lang='lat' dir='ltr'>Videte</span> <span class='ocrx_word' id='word_1_342' title='bbox 1753 4183 1764 4220; x_wconf 89' lang='lat'>:</span> <span class='ocrx_word' id='word_1_343' title='bbox 1797 4167 1872 4220; x_wconf 82' lang='lat' dir='ltr'>Et</span> 
     </span>
    </p>
   </div>
   <div class='ocr_carea' id='block_1_48' title="bbox 220 4252 1871 4324">
    <p class='ocr_par' dir='ltr' id='par_1_48' title="bbox 220 4252 1871 4324">
     <span class='ocr_line' id='line_1_48' title="bbox 220 4252 1871 4324; baseline 0.001 -17"><span class='ocrx_word' id='word_1_344' title='bbox 220 4254 393 4307; x_wconf 88' lang='lat' dir='ltr'>omnis</span> <span class='ocrx_word' id='word_1_345' title='bbox 408 4255 503 4324; x_wconf 84' lang='lat' dir='ltr'>qui</span> <span class='ocrx_word' id='word_1_346' title='bbox 512 4252 667 4308; x_wconf 76' lang='lat' dir='ltr'>habet</span> <span class='ocrx_word' id='word_1_347' title='bbox 694 4270 831 4324; x_wconf 87' lang='lat' dir='ltr'>spem</span> <span class='ocrx_word' id='word_1_348' title='bbox 850 4253 984 4308; x_wconf 87' lang='lat' dir='ltr'>hanc</span> <span class='ocrx_word' id='word_1_349' title='bbox 1014 4253 1073 4306; x_wconf 88' lang='lat' dir='ltr'>in</span> <span class='ocrx_word' id='word_1_350' title='bbox 1091 4253 1486 4323; x_wconf 82' lang='lat' dir='ltr'>ipso,castificat</span> <span class='ocrx_word' id='word_1_351' title='bbox 1512 4254 1871 4323; x_wconf 82' lang='lat' dir='ltr'>semetipsum,</span> 
     </span>
    </p>
   </div>
   <div class='ocr_carea' id='block_1_49' title="bbox 217 4342 1872 4413">
    <p class='ocr_par' dir='ltr' id='par_1_49' title="bbox 217 4342 1872 4413">
     <span class='ocr_line' id='line_1_49' title="bbox 217 4342 1872 4413; baseline 0 -16"><span class='ocrx_word' id='word_1_352' title='bbox 217 4344 357 4398; x_wconf 88' lang='lat' dir='ltr'>sicut</span> <span class='ocrx_word' id='word_1_353' title='bbox 374 4351 423 4397; x_wconf 88' lang='lat' dir='ltr'>et</span> <span class='ocrx_word' id='word_1_354' title='bbox 455 4343 563 4413; x_wconf 84' lang='lat' dir='ltr'>ipse</span> <span class='ocrx_word' id='word_1_355' title='bbox 600 4348 776 4397; x_wconf 86' lang='lat' dir='ltr'>castus</span> <span class='ocrx_word' id='word_1_356' title='bbox 804 4348 897 4397; x_wconf 90' lang='lat' dir='ltr'>est.</span> <span class='ocrx_word' id='word_1_357' title='bbox 952 4342 1149 4397; x_wconf 89' lang='lat' dir='ltr'>Videte</span> <span class='ocrx_word' id='word_1_358' title='bbox 1198 4342 1719 4413; x_wconf 82' lang='lat' dir='ltr'>quemadmodum</span> <span class='ocrx_word' id='word_1_359' title='bbox 1751 4358 1872 4397; x_wconf 90' lang='lat' dir='ltr'>non</span> 
     </span>
    </p>
   </div>
   <div class='ocr_carea' id='block_1_50' title="bbox 219 4430 1872 4502">
    <p class='ocr_par' dir='ltr' id='par_1_50' title="bbox 219 4430 1872 4502">
     <span class='ocr_line' id='line_1_50' title="bbox 219 4430 1872 4502; baseline -0.001 -14"><span class='ocrx_word' id='word_1_360' title='bbox 219 4432 465 4488; x_wconf 87' lang='lat' dir='ltr'>abstulit</span> <span class='ocrx_word' id='word_1_361' title='bbox 490 4430 741 4486; x_wconf 87' lang='lat' dir='ltr'>liberum</span> <span class='ocrx_word' id='word_1_362' title='bbox 773 4431 1108 4496; x_wconf 90' lang='lat' dir='ltr'>arbitrium,</span> <span class='ocrx_word' id='word_1_363' title='bbox 1142 4436 1203 4487; x_wconf 91' lang='lat' dir='ltr'>ut</span> <span class='ocrx_word' id='word_1_364' title='bbox 1228 4431 1466 4497; x_wconf 91' lang='lat' dir='ltr'>diceret,</span> <span class='ocrx_word' id='word_1_365' title='bbox 1499 4432 1761 4502; x_wconf 78' lang='lat' dir='ltr'>castiﬁcat</span> <span class='ocrx_word' id='word_1_366' title='bbox 1791 4448 1872 4486; x_wconf 84' lang='lat' dir='ltr'>se-</span> 
     </span>
    </p>
   </div>
   <div class='ocr_carea' id='block_1_51' title="bbox 217 4519 1872 4592">
    <p class='ocr_par' dir='ltr' id='par_1_51' title="bbox 217 4519 1872 4592">
     <span class='ocr_line' id='line_1_51' title="bbox 217 4519 1872 4592; baseline 0.001 -16"><span class='ocrx_word' id='word_1_367' title='bbox 217 4521 523 4592; x_wconf 83' lang='lat' dir='ltr'>metipsum.</span> <span class='ocrx_word' id='word_1_368' title='bbox 558 4520 697 4585; x_wconf 88' lang='lat' dir='ltr'>Quis</span> <span class='ocrx_word' id='word_1_369' title='bbox 720 4536 829 4575; x_wconf 91' lang='lat' dir='ltr'>nos</span> <span class='ocrx_word' id='word_1_370' title='bbox 856 4519 1147 4575; x_wconf 87' lang='lat' dir='ltr'>castiﬁcat</span> <span class='ocrx_word' id='word_1_371' title='bbox 1163 4520 1276 4575; x_wconf 91' lang='lat' dir='ltr'>nisi</span> <span class='ocrx_word' id='word_1_372' title='bbox 1302 4522 1452 4575; x_wconf 89' lang='lat' dir='ltr'>Deus</span> <span class='ocrx_word' id='word_1_373' title='bbox 1477 4519 1504 4573; x_wconf 78' lang='lat' dir='ltr'>‘t</span> <span class='ocrx_word' id='word_1_374' title='bbox 1524 4520 1634 4576; x_wconf 92' lang='lat' dir='ltr'>Sed</span> <span class='ocrx_word' id='word_1_375' title='bbox 1650 4522 1803 4576; x_wconf 91' lang='lat' dir='ltr'>Deus</span> <span class='ocrx_word' id='word_1_376' title='bbox 1820 4527 1872 4577; x_wconf 91' lang='lat' dir='ltr'>te</span> 
     </span>
    </p>
   </div>
   <div class='ocr_carea' id='block_1_52' title="bbox 216 4609 1873 4682">
    <p class='ocr_par' dir='ltr' id='par_1_52' title="bbox 216 4609 1873 4682">
     <span class='ocr_line' id='line_1_52' title="bbox 216 4609 1873 4682; baseline 0.001 -16"><span class='ocrx_word' id='word_1_377' title='bbox 216 4610 518 4667; x_wconf 91' lang='lat' dir='ltr'>nolentem</span> <span class='ocrx_word' id='word_1_378' title='bbox 539 4625 659 4666; x_wconf 92' lang='lat' dir='ltr'>non</span> <span class='ocrx_word' id='word_1_379' title='bbox 683 4610 993 4665; x_wconf 86' lang='lat' dir='ltr'>castiﬁcat.</span> <span class='ocrx_word' id='word_1_380' title='bbox 1015 4612 1164 4679; x_wconf 86' lang='lat' dir='ltr'>Ergo</span> <span class='ocrx_word' id='word_1_381' title='bbox 1181 4609 1346 4682; x_wconf 92' lang='lat' dir='ltr'>quod</span> <span class='ocrx_word' id='word_1_382' title='bbox 1368 4610 1646 4681; x_wconf 89' lang='lat' dir='ltr'>adjungis</span> <span class='ocrx_word' id='word_1_383' title='bbox 1669 4611 1873 4667; x_wconf 89' lang='lat' dir='ltr'>volun-</span> 
     </span>
    </p>
   </div>
   <div class='ocr_carea' id='block_1_53' title="bbox 219 4699 1869 4771">
    <p class='ocr_par' dir='ltr' id='par_1_53' title="bbox 219 4699 1869 4771">
     <span class='ocr_line' id='line_1_53' title="bbox 219 4699 1869 4771; baseline 0 -16"><span class='ocrx_word' id='word_1_384' title='bbox 219 4706 398 4755; x_wconf 90' lang='lat' dir='ltr'>tatem</span> <span class='ocrx_word' id='word_1_385' title='bbox 430 4704 596 4755; x_wconf 90' lang='lat' dir='ltr'>tuam</span> <span class='ocrx_word' id='word_1_386' title='bbox 635 4702 771 4763; x_wconf 90' lang='lat' dir='ltr'>Deo,</span> <span class='ocrx_word' id='word_1_387' title='bbox 801 4699 1097 4755; x_wconf 86' lang='lat' dir='ltr'>castiﬁcas</span> <span class='ocrx_word' id='word_1_388' title='bbox 1148 4701 1427 4771; x_wconf 89' lang='lat' dir='ltr'>teipsum.</span> <span class='ocrx_word' id='word_1_389' title='bbox 1462 4700 1762 4756; x_wconf 85' lang='lat' dir='ltr'>Castiﬁcas</span> <span class='ocrx_word' id='word_1_390' title='bbox 1796 4706 1869 4766; x_wconf 91' lang='lat' dir='ltr'>te,</span> 
     </span>
    </p>
   </div>
   <div class='ocr_carea' id='block_1_54' title="bbox 215 4786 1874 4859">
    <p class='ocr_par' dir='ltr' id='par_1_54' title="bbox 215 4786 1874 4859">
     <span class='ocr_line' id='line_1_54' title="bbox 215 4786 1874 4859; baseline 0.001 -14"><span class='ocrx_word' id='word_1_391' title='bbox 215 4805 333 4845; x_wconf 91' lang='lat' dir='ltr'>non</span> <span class='ocrx_word' id='word_1_392' title='bbox 363 4790 442 4844; x_wconf 89' lang='lat' dir='ltr'>de</span> <span class='ocrx_word' id='word_1_393' title='bbox 471 4793 547 4855; x_wconf 91' lang='lat' dir='ltr'>te,</span> <span class='ocrx_word' id='word_1_394' title='bbox 575 4788 679 4843; x_wconf 88' lang='lat' dir='ltr'>sed</span> <span class='ocrx_word' id='word_1_395' title='bbox 707 4788 775 4843; x_wconf 90' lang='lat' dir='ltr'>de</span> <span class='ocrx_word' id='word_1_396' title='bbox 801 4786 899 4843; x_wconf 91' lang='lat' dir='ltr'>illo</span> <span class='ocrx_word' id='word_1_397' title='bbox 930 4788 1031 4859; x_wconf 90' lang='lat' dir='ltr'>qui</span> <span class='ocrx_word' id='word_1_398' title='bbox 1060 4788 1219 4843; x_wconf 88' lang='lat' dir='ltr'>venit</span> <span class='ocrx_word' id='word_1_399' title='bbox 1246 4794 1306 4843; x_wconf 93' lang='lat' dir='ltr'>ut</span> <span class='ocrx_word' id='word_1_400' title='bbox 1345 4788 1636 4845; x_wconf 89' lang='lat' dir='ltr'>inhabitet</span> <span class='ocrx_word' id='word_1_401' title='bbox 1669 4797 1736 4845; x_wconf 90' lang='lat' dir='ltr'>te.</span> <span class='ocrx_word' id='word_1_402' title='bbox 1770 4792 1874 4846; x_wconf 86' lang='lat' dir='ltr'>Ta-</span> 
     </span>
    </p>
   </div>
   <div class='ocr_carea' id='block_1_55' title="bbox 216 4876 1873 4949">
    <p class='ocr_par' dir='ltr' id='par_1_55' title="bbox 216 4876 1873 4949">
     <span class='ocr_line' id='line_1_55' title="bbox 216 4876 1873 4949; baseline 0.001 -16"><span class='ocrx_word' id='word_1_403' title='bbox 216 4895 351 4935; x_wconf 88' lang='lat' dir='ltr'>men</span> <span class='ocrx_word' id='word_1_404' title='bbox 376 4878 525 4949; x_wconf 92' lang='lat' dir='ltr'>quia</span> <span class='ocrx_word' id='word_1_405' title='bbox 542 4878 669 4946; x_wconf 83' lang='lat' dir='ltr'>agis</span> <span class='ocrx_word' id='word_1_406' title='bbox 696 4877 776 4932; x_wconf 89' lang='lat' dir='ltr'>ibi</span> <span class='ocrx_word' id='word_1_407' title='bbox 800 4876 1026 4949; x_wconf 92' lang='lat' dir='ltr'>aliquid</span> <span class='ocrx_word' id='word_1_408' title='bbox 1054 4876 1376 4941; x_wconf 88' lang='lat' dir='ltr'>voluntate,</span> <span class='ocrx_word' id='word_1_409' title='bbox 1407 4878 1541 4934; x_wconf 90' lang='lat' dir='ltr'>ideo</span> <span class='ocrx_word' id='word_1_410' title='bbox 1568 4884 1621 4933; x_wconf 92' lang='lat' dir='ltr'>et</span> <span class='ocrx_word' id='word_1_411' title='bbox 1642 4878 1738 4934; x_wconf 88' lang='lat' dir='ltr'>tibi</span> <span class='ocrx_word' id='word_1_412' title='bbox 1769 4879 1873 4935; x_wconf 90' lang='lat' dir='ltr'>ali-</span> 
     </span>
    </p>
   </div>
   <div class='ocr_carea' id='block_1_56' title="bbox 214 4966 1873 5040">
    <p class='ocr_par' dir='ltr' id='par_1_56' title="bbox 214 4966 1873 5040">
     <span class='ocr_line' id='line_1_56' title="bbox 214 4966 1873 5040; baseline 0 -17"><span class='ocrx_word' id='word_1_413' title='bbox 214 4968 360 5040; x_wconf 86' lang='lat' dir='ltr'>quid</span> <span class='ocrx_word' id='word_1_414' title='bbox 394 4966 685 5022; x_wconf 90' lang='lat' dir='ltr'>tributum</span> <span class='ocrx_word' id='word_1_415' title='bbox 717 4973 825 5022; x_wconf 89' lang='lat' dir='ltr'>est.</span> <span class='ocrx_word' id='word_1_416' title='bbox 863 4966 997 5021; x_wconf 91' lang='lat' dir='ltr'>Ideo</span> <span class='ocrx_word' id='word_1_417' title='bbox 1027 4971 1225 5021; x_wconf 90' lang='lat' dir='ltr'>autem</span> <span class='ocrx_word' id='word_1_418' title='bbox 1258 4966 1662 5022; x_wconf 90' lang='lat' dir='ltr'>tibitributum</span> <span class='ocrx_word' id='word_1_419' title='bbox 1696 4971 1873 5032; x_wconf 88' lang='lat' dir='ltr'>est,ut</span> 
     </span>
    </p>
   </div>
   <div class='ocr_carea' id='block_1_57' title="bbox 214 5055 1869 5124">
    <p class='ocr_par' dir='ltr' id='par_1_57' title="bbox 214 5055 1869 5124">
     <span class='ocr_line' id='line_1_57' title="bbox 214 5055 1869 5124; baseline -0.001 -12"><span class='ocrx_word' id='word_1_420' title='bbox 214 5058 383 5113; x_wconf 85' lang='lat' dir='ltr'>dicas</span> <span class='ocrx_word' id='word_1_421' title='bbox 416 5056 576 5111; x_wconf 90' lang='lat' dir='ltr'>sicut</span> <span class='ocrx_word' id='word_1_422' title='bbox 599 5056 657 5111; x_wconf 92' lang='lat' dir='ltr'>in</span> <span class='ocrx_word' id='word_1_423' title='bbox 688 5055 948 5120; x_wconf 88' lang='lat' dir='ltr'>Psalmo,</span> <span class='ocrx_word' id='word_1_424' title='bbox 980 5056 1220 5124; x_wconf 76' lang='lat' dir='ltr'>Adiutor</span> <span class='ocrx_word' id='word_1_425' title='bbox 1234 5072 1379 5111; x_wconf 88' lang='lat' dir='ltr'>meus</span> <span class='ocrx_word' id='word_1_426' title='bbox 1395 5063 1521 5121; x_wconf 84' lang='lat' dir='ltr'>esto,</span> <span class='ocrx_word' id='word_1_427' title='bbox 1548 5073 1612 5111; x_wconf 89' lang='lat' dir='ltr'>ne</span> <span class='ocrx_word' id='word_1_428' title='bbox 1634 5056 1869 5111; x_wconf 84' lang='lat' dir='ltr'>derelin-</span> 
     </span>
    </p>
   </div>
   <div class='ocr_carea' id='block_1_58' title="bbox 214 5144 1873 5217">
    <p class='ocr_par' dir='ltr' id='par_1_58' title="bbox 214 5144 1873 5217">
     <span class='ocr_line' id='line_1_58' title="bbox 214 5144 1873 5217; baseline -0.001 -16"><span class='ocrx_word' id='word_1_429' title='bbox 214 5162 345 5217; x_wconf 83' lang='lat' dir='ltr'>quas</span> <span class='ocrx_word' id='word_1_430' title='bbox 358 5162 440 5199; x_wconf 87' lang='lat' dir='ltr'>me</span> <span class='ocrx_word' id='word_1_431' title='bbox 467 5145 643 5216; x_wconf 86' lang='lat' dir='ltr'>(Psat.</span> <span class='ocrx_word' id='word_1_432' title='bbox 658 5161 815 5209; x_wconf 69' lang='lat' dir='ltr'>xxm,</span> <span class='ocrx_word' id='word_1_433' title='bbox 845 5148 921 5216; x_wconf 89' lang='lat'>9).</span> <span class='ocrx_word' id='word_1_434' title='bbox 939 5144 995 5200; x_wconf 90' lang='lat' dir='ltr'>Si</span> <span class='ocrx_word' id='word_1_435' title='bbox 1018 5144 1189 5211; x_wconf 88' lang='lat' dir='ltr'>dicis,</span> <span class='ocrx_word' id='word_1_436' title='bbox 1204 5145 1441 5216; x_wconf 82' lang='lat' dir='ltr'>Adjutor</span> <span class='ocrx_word' id='word_1_437' title='bbox 1454 5162 1596 5199; x_wconf 85' lang='lat' dir='ltr'>meus</span> <span class='ocrx_word' id='word_1_438' title='bbox 1625 5152 1753 5210; x_wconf 87' lang='lat' dir='ltr'>esto,</span> <span class='ocrx_word' id='word_1_439' title='bbox 1769 5144 1873 5201; x_wconf 89' lang='lat' dir='ltr'>ali-</span> 
     </span>
    </p>
   </div>
   <div class='ocr_carea' id='block_1_59' title="bbox 215 5233 1871 5306">
    <p class='ocr_par' dir='ltr' id='par_1_59' title="bbox 215 5233 1871 5306">
     <span class='ocr_line' id='line_1_59' title="bbox 215 5233 1871 5306; baseline -0.001 -16"><span class='ocrx_word' id='word_1_440' title='bbox 215 5236 357 5306; x_wconf 91' lang='lat' dir='ltr'>quid</span> <span class='ocrx_word' id='word_1_441' title='bbox 375 5234 512 5303; x_wconf 85' lang='lat' dir='ltr'>agis</span> <span class='ocrx_word' id='word_1_442' title='bbox 532 5249 542 5288; x_wconf 94' lang='lat'>:</span> <span class='ocrx_word' id='word_1_443' title='bbox 561 5249 700 5289; x_wconf 85' lang='lat' dir='ltr'>nam</span> <span class='ocrx_word' id='word_1_444' title='bbox 717 5234 765 5288; x_wconf 94' lang='lat' dir='ltr'>si</span> <span class='ocrx_word' id='word_1_445' title='bbox 780 5233 1085 5302; x_wconf 83' lang='lat' dir='ltr'>nihilagis,</span> <span class='ocrx_word' id='word_1_446' title='bbox 1118 5233 1426 5306; x_wconf 91' lang='lat' dir='ltr'>quomodo</span> <span class='ocrx_word' id='word_1_447' title='bbox 1452 5233 1545 5289; x_wconf 93' lang='lat' dir='ltr'>ille</span> <span class='ocrx_word' id='word_1_448' title='bbox 1570 5233 1817 5304; x_wconf 88' lang='lat' dir='ltr'>adjuvat</span> <span class='ocrx_word' id='word_1_449' title='bbox 1844 5235 1871 5288; x_wconf 78' lang='lat' dir='ltr'>‘I</span> 
     </span>
    </p>
   </div>
   <div class='ocr_carea' id='block_1_60' title="bbox 282 5322 1863 5394">
    <p class='ocr_par' dir='ltr' id='par_1_60' title="bbox 282 5322 1863 5394">
     <span class='ocr_line' id='line_1_60' title="bbox 282 5322 1863 5394; baseline 0.001 -15"><span class='ocrx_word' id='word_1_450' title='bbox 282 5326 336 5379; x_wconf 91' lang='lat'>8.</span> <span class='ocrx_word' id='word_1_451' title='bbox 374 5324 565 5379; x_wconf 84' lang='lat' dir='ltr'>Omnis</span> <span class='ocrx_word' id='word_1_452' title='bbox 583 5324 682 5394; x_wconf 90' lang='lat' dir='ltr'>qui</span> <span class='ocrx_word' id='word_1_453' title='bbox 727 5322 860 5393; x_wconf 80' lang='lat' dir='ltr'>facit</span> <span class='ocrx_word' id='word_1_454' title='bbox 904 5330 1195 5394; x_wconf 87' lang='lat' dir='ltr'>peccatum,</span> <span class='ocrx_word' id='word_1_455' title='bbox 1226 5331 1275 5378; x_wconf 90' lang='lat' dir='ltr'>et</span> <span class='ocrx_word' id='word_1_456' title='bbox 1305 5324 1656 5394; x_wconf 81' lang='lat' dir='ltr'>iniquitatem</span> <span class='ocrx_word' id='word_1_457' title='bbox 1702 5324 1863 5394; x_wconf 86' lang='lat' dir='ltr'>facit.</span> 
     </span>
    </p>
   </div>
   <div class='ocr_carea' id='block_1_61' title="bbox 276 5518 1864 5586">
    <p class='ocr_par' dir='ltr' id='par_1_61' title="bbox 276 5518 1864 5586">
     <span class='ocr_line' id='line_1_61' title="bbox 276 5518 1864 5586; baseline -0.003 -16"><span class='ocrx_word' id='word_1_458' title='bbox 276 5521 399 5586; x_wconf 72' lang='lat' dir='ltr'>‘Sic</span> <span class='ocrx_word' id='word_1_459' title='bbox 424 5519 1175 5586; x_wconf 80' lang='lat' dir='ltr'>legendum,_s_utl&#39;ragantibus</span> <span class='ocrx_word' id='word_1_460' title='bbox 1205 5522 1321 5571; x_wconf 86' lang='lat' dir='ltr'>Am.</span> <span class='ocrx_word' id='word_1_461' title='bbox 1352 5520 1476 5586; x_wconf 86' lang='lat' dir='ltr'>Bad.</span> <span class='ocrx_word' id='word_1_462' title='bbox 1507 5523 1559 5570; x_wconf 90' lang='lat' dir='ltr'>et</span> <span class='ocrx_word' id='word_1_463' title='bbox 1585 5523 1702 5569; x_wconf 94' lang='lat' dir='ltr'>octo</span> <span class='ocrx_word' id='word_1_464' title='bbox 1718 5518 1864 5586; x_wconf 73' lang='lat' dir='ltr'>Mss,</span> 
     </span>
    </p>
   </div>
   <div class='ocr_carea' id='block_1_62' title="bbox 220 5584 1868 5647">
    <p class='ocr_par' dir='ltr' id='par_1_62' title="bbox 220 5584 1868 5647">
     <span class='ocr_line' id='line_1_62' title="bbox 220 5584 1868 5647; baseline -0.001 -15"><span class='ocrx_word' id='word_1_465' title='bbox 220 5584 315 5632; x_wconf 86' lang='lat' dir='ltr'>nisi</span> <span class='ocrx_word' id='word_1_466' title='bbox 352 5584 503 5647; x_wconf 91' lang='lat' dir='ltr'>quod</span> <span class='ocrx_word' id='word_1_467' title='bbox 532 5584 862 5647; x_wconf 19' lang='lat' dir='ltr'>ingomnibus</span> <span class='ocrx_word' id='word_1_468' title='bbox 891 5584 1165 5635; x_wconf 74' lang='lat' dir='ltr'>codicibus</span> <span class='ocrx_word' id='word_1_469' title='bbox 1200 5585 1432 5633; x_wconf 88' lang='lat' dir='ltr'>deterior</span> <span class='ocrx_word' id='word_1_470' title='bbox 1456 5588 1537 5633; x_wconf 89' lang='lat' dir='ltr'>est</span> <span class='ocrx_word' id='word_1_471' title='bbox 1566 5598 1760 5633; x_wconf 90' lang='lat' dir='ltr'>vocum</span> <span class='ocrx_word' id='word_1_472' title='bbox 1786 5584 1868 5647; x_wconf 89' lang='lat' dir='ltr'>in-</span> 
     </span>
    </p>
   </div>
   <div class='ocr_carea' id='block_1_63' title="bbox 218 5645 1867 5773">
    <p class='ocr_par' dir='ltr' id='par_1_63' title="bbox 218 5645 1867 5773">
     <span class='ocr_line' id='line_1_63' title="bbox 218 5645 1867 5773; baseline 0.002 -80"><span class='ocrx_word' id='word_1_473' title='bbox 218 5645 520 5710; x_wconf 84' lang='lat' dir='ltr'>terpunctio</span> <span class='ocrx_word' id='word_1_474' title='bbox 550 5645 695 5773; x_wconf 66' lang='lat' dir='ltr'>51am</span> <span class='ocrx_word' id='word_1_475' title='bbox 726 5646 948 5697; x_wconf 78' lang='lat' dir='ltr'>diximus</span> <span class='ocrx_word' id='word_1_476' title='bbox 995 5648 1273 5713; x_wconf 79' lang='lat' dir='ltr'>aliquando</span> <span class='ocrx_word' id='word_1_477' title='bbox 1302 5647 1566 5697; x_wconf 76' lang='lat' dir='ltr'>exinaniri</span> <span class='ocrx_word' id='word_1_478' title='bbox 1595 5647 1727 5711; x_wconf 88' lang='lat' dir='ltr'>quod</span> <span class='ocrx_word' id='word_1_479' title='bbox 1774 5646 1867 5696; x_wconf 89' lang='lat' dir='ltr'>im-</span> 
     </span>
     <span class='ocr_line' id='line_1_64' title="bbox 218 5708 1501 5771; baseline 0.001 -13"><span class='ocrx_word' id='word_1_480' title='bbox 218 5708 461 5771; x_wconf 72' lang='lat' dir='ltr'>plendum</span> <span class='ocrx_word' id='word_1_481' title='bbox 479 5714 549 5758; x_wconf 84' lang='lat' dir='ltr'>est</span> <span class='ocrx_word' id='word_1_482' title='bbox 577 5744 589 5758; x_wconf 92' lang='lat'>.</span> <span class='ocrx_word' id='word_1_483' title='bbox 1497 5726 1501 5735; x_wconf 90' lang='grc'><strong>·</strong></span> 
     </span>
    </p>
   </div>
   <div class='ocr_carea' id='block_1_64' title="bbox 1970 300 3617 375">
    <p class='ocr_par' dir='ltr' id='par_1_64' title="bbox 1970 300 3617 375">
     <span class='ocr_line' id='line_1_65' title="bbox 1970 300 3617 375; baseline 0.002 -18"><span class='ocrx_word' id='word_1_484' title='bbox 1970 304 2156 358; x_wconf 91' lang='lat' dir='ltr'>Nemo</span> <span class='ocrx_word' id='word_1_485' title='bbox 2181 303 2361 371; x_wconf 89' lang='lat' dir='ltr'>dicat,</span> <span class='ocrx_word' id='word_1_486' title='bbox 2397 303 2569 360; x_wconf 87' lang='lat' dir='ltr'>Aliud</span> <span class='ocrx_word' id='word_1_487' title='bbox 2602 306 2692 359; x_wconf 89' lang='lat' dir='ltr'>est</span> <span class='ocrx_word' id='word_1_488' title='bbox 2721 304 3059 375; x_wconf 85' lang='lat' dir='ltr'>peccatum,</span> <span class='ocrx_word' id='word_1_489' title='bbox 3090 300 3250 356; x_wconf 91' lang='lat' dir='ltr'>aliud</span> <span class='ocrx_word' id='word_1_490' title='bbox 3287 301 3570 373; x_wconf 87' lang='lat' dir='ltr'>iniquitas</span> <span class='ocrx_word' id='word_1_491' title='bbox 3600 318 3617 361; x_wconf 88' lang='lat'><strong>:</strong></span> 
     </span>
    </p>
   </div>
   <div class='ocr_carea' id='block_1_65' title="bbox 1967 390 3619 463">
    <p class='ocr_par' dir='ltr' id='par_1_65' title="bbox 1967 390 3619 463">
     <span class='ocr_line' id='line_1_66' title="bbox 1967 390 3619 463; baseline -0.001 -17"><span class='ocrx_word' id='word_1_492' title='bbox 1967 406 2146 446; x_wconf 91' lang='lat' dir='ltr'>nemo</span> <span class='ocrx_word' id='word_1_493' title='bbox 2170 392 2348 457; x_wconf 87' lang='lat' dir='ltr'>dicat,</span> <span class='ocrx_word' id='word_1_494' title='bbox 2383 396 2504 462; x_wconf 88' lang='lat' dir='ltr'>Ego</span> <span class='ocrx_word' id='word_1_495' title='bbox 2545 397 2823 463; x_wconf 90' lang='lat' dir='ltr'>peccator</span> <span class='ocrx_word' id='word_1_496' title='bbox 2847 390 3030 445; x_wconf 89' lang='lat' dir='ltr'>homo</span> <span class='ocrx_word' id='word_1_497' title='bbox 3062 405 3220 455; x_wconf 91' lang='lat' dir='ltr'>sum,</span> <span class='ocrx_word' id='word_1_498' title='bbox 3254 390 3359 444; x_wconf 91' lang='lat' dir='ltr'>sed</span> <span class='ocrx_word' id='word_1_499' title='bbox 3380 390 3619 461; x_wconf 91' lang='lat' dir='ltr'>iniquus</span> 
     </span>
    </p>
   </div>
   <div class='ocr_carea' id='block_1_66' title="bbox 1967 478 3621 550">
    <p class='ocr_par' dir='ltr' id='par_1_66' title="bbox 1967 478 3621 550">
     <span class='ocr_line' id='line_1_67' title="bbox 1967 478 3621 550; baseline -0.002 -15"><span class='ocrx_word' id='word_1_500' title='bbox 1967 495 2089 535; x_wconf 87' lang='lat' dir='ltr'>non</span> <span class='ocrx_word' id='word_1_501' title='bbox 2121 498 2278 537; x_wconf 88' lang='lat' dir='ltr'>sum.</span> <span class='ocrx_word' id='word_1_502' title='bbox 2305 482 2486 538; x_wconf 87' lang='lat' dir='ltr'>Omnis</span> <span class='ocrx_word' id='word_1_503' title='bbox 2505 481 2661 535; x_wconf 88' lang='lat' dir='ltr'>enim</span> <span class='ocrx_word' id='word_1_504' title='bbox 2688 482 2782 550; x_wconf 88' lang='lat' dir='ltr'>qui</span> <span class='ocrx_word' id='word_1_505' title='bbox 2805 481 2935 549; x_wconf 80' lang='lat' dir='ltr'>facit</span> <span class='ocrx_word' id='word_1_506' title='bbox 2964 485 3253 548; x_wconf 85' lang='lat' dir='ltr'>peccatum,</span> <span class='ocrx_word' id='word_1_507' title='bbox 3281 486 3329 532; x_wconf 89' lang='lat' dir='ltr'>et</span> <span class='ocrx_word' id='word_1_508' title='bbox 3361 478 3621 547; x_wconf 85' lang='lat' dir='ltr'>iniquita-</span> 
     </span>
    </p>
   </div>
   <div class='ocr_carea' id='block_1_67' title="bbox 1969 566 3619 640">
    <p class='ocr_par' dir='ltr' id='par_1_67' title="bbox 1969 566 3619 640">
     <span class='ocr_line' id='line_1_68' title="bbox 1969 566 3619 640; baseline -0.001 -17"><span class='ocrx_word' id='word_1_509' title='bbox 1969 574 2065 623; x_wconf 87' lang='lat' dir='ltr'>tem</span> <span class='ocrx_word' id='word_1_510' title='bbox 2092 570 2532 640; x_wconf 85' lang='lat' dir='ltr'>facit.Peccatum</span> <span class='ocrx_word' id='word_1_511' title='bbox 2546 578 2619 624; x_wconf 88' lang='lat' dir='ltr'>est</span> <span class='ocrx_word' id='word_1_512' title='bbox 2637 570 2903 640; x_wconf 81' lang='lat' dir='ltr'>iniquitas</span> <span class='ocrx_word' id='word_1_513' title='bbox 2948 568 3094 632; x_wconf 80' lang='lat' dir='ltr'>Quid</span> <span class='ocrx_word' id='word_1_514' title='bbox 3114 582 3255 635; x_wconf 88' lang='lat' dir='ltr'>ergo</span> <span class='ocrx_word' id='word_1_515' title='bbox 3278 566 3533 622; x_wconf 87' lang='lat' dir='ltr'>facimus</span> <span class='ocrx_word' id='word_1_516' title='bbox 3547 567 3619 622; x_wconf 91' lang='lat' dir='ltr'>de</span> 
     </span>
    </p>
   </div>
   <div class='ocr_carea' id='block_1_68' title="bbox 1966 655 3619 729">
    <p class='ocr_par' dir='ltr' id='par_1_68' title="bbox 1966 655 3619 729">
     <span class='ocr_line' id='line_1_69' title="bbox 1966 655 3619 729; baseline -0.002 -16"><span class='ocrx_word' id='word_1_517' title='bbox 1966 660 2225 729; x_wconf 89' lang='lat' dir='ltr'>peccatis</span> <span class='ocrx_word' id='word_1_518' title='bbox 2248 660 2463 715; x_wconf 89' lang='lat' dir='ltr'>nostris</span> <span class='ocrx_word' id='word_1_519' title='bbox 2495 664 2547 713; x_wconf 92' lang='lat' dir='ltr'>et</span> <span class='ocrx_word' id='word_1_520' title='bbox 2582 656 2995 729; x_wconf 86' lang='lat' dir='ltr'>iniquitatibus</span> <span class='ocrx_word' id='word_1_521' title='bbox 3025 655 3211 710; x_wconf 71' lang='lat' dir='ltr'>‘iAudi</span> <span class='ocrx_word' id='word_1_522' title='bbox 3246 656 3387 727; x_wconf 93' lang='lat' dir='ltr'>quid</span> <span class='ocrx_word' id='word_1_523' title='bbox 3421 655 3619 710; x_wconf 90' lang='lat' dir='ltr'>dicat:</span> 
     </span>
    </p>
   </div>
   <div class='ocr_carea' id='block_1_69' title="bbox 1965 745 3625 819">
    <p class='ocr_par' dir='ltr' id='par_1_69' title="bbox 1965 745 3625 819">
     <span class='ocr_line' id='line_1_70' title="bbox 1965 745 3625 819; baseline -0.001 -18"><span class='ocrx_word' id='word_1_524' title='bbox 1965 747 2038 801; x_wconf 82' lang='lat' dir='ltr'>Et</span> <span class='ocrx_word' id='word_1_525' title='bbox 2066 749 2215 803; x_wconf 85' lang='lat' dir='ltr'>scitis</span> <span class='ocrx_word' id='word_1_526' title='bbox 2230 751 2353 819; x_wconf 88' lang='lat' dir='ltr'>quia</span> <span class='ocrx_word' id='word_1_527' title='bbox 2369 748 2458 803; x_wconf 81' lang='lat' dir='ltr'>ille</span> <span class='ocrx_word' id='word_1_528' title='bbox 2480 748 2965 819; x_wconf 86' lang='lat' dir='ltr'>manifestatusest,</span> <span class='ocrx_word' id='word_1_529' title='bbox 2992 754 3048 799; x_wconf 90' lang='lat' dir='ltr'>ut</span> <span class='ocrx_word' id='word_1_530' title='bbox 3071 752 3337 816; x_wconf 86' lang='lat' dir='ltr'>peccatum</span> <span class='ocrx_word' id='word_1_531' title='bbox 3363 745 3625 816; x_wconf 86' lang='lat' dir='ltr'>auferat:</span> 
     </span>
    </p>
   </div>
   <div class='ocr_carea' id='block_1_70' title="bbox 1965 838 3615 908">
    <p class='ocr_par' dir='ltr' id='par_1_70' title="bbox 1965 838 3615 908">
     <span class='ocr_line' id='line_1_71' title="bbox 1965 838 3615 908; baseline 0 -19"><span class='ocrx_word' id='word_1_532' title='bbox 1965 843 2012 890; x_wconf 86' lang='lat' dir='ltr'>et</span> <span class='ocrx_word' id='word_1_533' title='bbox 2039 844 2309 907; x_wconf 86' lang='lat' dir='ltr'>peccatum</span> <span class='ocrx_word' id='word_1_534' title='bbox 2340 838 2398 892; x_wconf 87' lang='lat' dir='ltr'>in</span> <span class='ocrx_word' id='word_1_535' title='bbox 2432 839 2547 908; x_wconf 90' lang='lat' dir='ltr'>ipso</span> <span class='ocrx_word' id='word_1_536' title='bbox 2572 854 2676 891; x_wconf 89' lang='lat' dir='ltr'>non</span> <span class='ocrx_word' id='word_1_537' title='bbox 2694 843 2786 889; x_wconf 90' lang='lat' dir='ltr'>est.</span> <span class='ocrx_word' id='word_1_538' title='bbox 2820 840 3011 905; x_wconf 89' lang='lat' dir='ltr'>lnquo</span> <span class='ocrx_word' id='word_1_539' title='bbox 3040 839 3615 904; x_wconf 88' lang='lat' dir='ltr'>nonestpeccatum,</span> 
     </span>
    </p>
   </div>
   <div class='ocr_carea' id='block_1_71' title="bbox 1965 922 3618 997">
    <p class='ocr_par' dir='ltr' id='par_1_71' title="bbox 1965 922 3618 997">
     <span class='ocr_line' id='line_1_72' title="bbox 1965 922 3618 997; baseline -0.001 -18"><span class='ocrx_word' id='word_1_540' title='bbox 1965 926 2090 997; x_wconf 92' lang='lat' dir='ltr'>ipse</span> <span class='ocrx_word' id='word_1_541' title='bbox 2117 929 2275 981; x_wconf 90' lang='lat' dir='ltr'>venit</span> <span class='ocrx_word' id='word_1_542' title='bbox 2305 927 2537 982; x_wconf 84' lang='lat' dir='ltr'>auferre</span> <span class='ocrx_word' id='word_1_543' title='bbox 2560 932 2894 997; x_wconf 85' lang='lat' dir='ltr'>peccatum.</span> <span class='ocrx_word' id='word_1_544' title='bbox 2926 926 3071 978; x_wconf 84' lang='lat' dir='ltr'>Nam</span> <span class='ocrx_word' id='word_1_545' title='bbox 3102 924 3150 976; x_wconf 87' lang='lat' dir='ltr'>si</span> <span class='ocrx_word' id='word_1_546' title='bbox 3182 927 3333 977; x_wconf 92' lang='lat' dir='ltr'>esset</span> <span class='ocrx_word' id='word_1_547' title='bbox 3360 923 3491 977; x_wconf 92' lang='lat' dir='ltr'>etin</span> <span class='ocrx_word' id='word_1_548' title='bbox 3519 922 3618 977; x_wconf 92' lang='lat' dir='ltr'>illo</span> 
     </span>
    </p>
   </div>
   <div class='ocr_carea' id='block_1_72' title="bbox 1964 1011 3616 1087">
    <p class='ocr_par' dir='ltr' id='par_1_72' title="bbox 1964 1011 3616 1087">
     <span class='ocr_line' id='line_1_73' title="bbox 1964 1011 3616 1087; baseline -0.004 -18"><span class='ocrx_word' id='word_1_549' title='bbox 1964 1022 2295 1087; x_wconf 89' lang='lat' dir='ltr'>peccatum,</span> <span class='ocrx_word' id='word_1_550' title='bbox 2321 1015 2713 1071; x_wconf 85' lang='lat' dir='ltr'>auferendum</span> <span class='ocrx_word' id='word_1_551' title='bbox 2743 1017 2900 1068; x_wconf 90' lang='lat' dir='ltr'>esset</span> <span class='ocrx_word' id='word_1_552' title='bbox 2919 1012 3019 1076; x_wconf 92' lang='lat' dir='ltr'>illi,</span> <span class='ocrx_word' id='word_1_553' title='bbox 3050 1027 3168 1066; x_wconf 90' lang='lat' dir='ltr'>non</span> <span class='ocrx_word' id='word_1_554' title='bbox 3194 1011 3322 1083; x_wconf 89' lang='lat' dir='ltr'>ipse</span> <span class='ocrx_word' id='word_1_555' title='bbox 3340 1011 3616 1066; x_wconf 87' lang='lat' dir='ltr'>auferret.</span> 
     </span>
    </p>
   </div>
   <div class='ocr_carea' id='block_1_73' title="bbox 1966 1099 3615 1175">
    <p class='ocr_par' dir='ltr' id='par_1_73' title="bbox 1966 1099 3615 1175">
     <span class='ocr_line' id='line_1_74' title="bbox 1966 1099 3615 1175; baseline -0.004 -16"><span class='ocrx_word' id='word_1_556' title='bbox 1966 1103 2151 1159; x_wconf 86' lang='lat' dir='ltr'>Omnis</span> <span class='ocrx_word' id='word_1_557' title='bbox 2180 1104 2274 1174; x_wconf 89' lang='lat' dir='ltr'>qui</span> <span class='ocrx_word' id='word_1_558' title='bbox 2303 1106 2363 1157; x_wconf 80' lang='lat' dir='ltr'>in</span> <span class='ocrx_word' id='word_1_559' title='bbox 2402 1105 2511 1175; x_wconf 85' lang='lat' dir='ltr'>ipso</span> <span class='ocrx_word' id='word_1_560' title='bbox 2538 1110 2734 1171; x_wconf 90' lang='lat' dir='ltr'>manet,</span> <span class='ocrx_word' id='word_1_561' title='bbox 2770 1118 2873 1156; x_wconf 90' lang='lat' dir='ltr'>non</span> <span class='ocrx_word' id='word_1_562' title='bbox 2896 1106 3094 1172; x_wconf 85' lang='lat' dir='ltr'>peccat.</span> <span class='ocrx_word' id='word_1_563' title='bbox 3146 1102 3203 1154; x_wconf 85' lang='lat' dir='ltr'>in</span> <span class='ocrx_word' id='word_1_564' title='bbox 3236 1104 3524 1170; x_wconf 86' lang='lat' dir='ltr'>quantum</span> <span class='ocrx_word' id='word_1_565' title='bbox 3558 1099 3615 1152; x_wconf 91' lang='lat' dir='ltr'>in</span> 
     </span>
    </p>
   </div>
   <div class='ocr_carea' id='block_1_74' title="bbox 1965 1188 3620 1262">
    <p class='ocr_par' dir='ltr' id='par_1_74' title="bbox 1965 1188 3620 1262">
     <span class='ocr_line' id='line_1_75' title="bbox 1965 1188 3620 1262; baseline -0.004 -15"><span class='ocrx_word' id='word_1_566' title='bbox 1965 1192 2098 1262; x_wconf 86' lang='lat' dir='ltr'>ipso</span> <span class='ocrx_word' id='word_1_567' title='bbox 2167 1198 2387 1259; x_wconf 90' lang='lat' dir='ltr'>manet,</span> <span class='ocrx_word' id='word_1_568' title='bbox 2446 1193 2505 1246; x_wconf 91' lang='lat' dir='ltr'>in</span> <span class='ocrx_word' id='word_1_569' title='bbox 2565 1197 2799 1246; x_wconf 90' lang='lat' dir='ltr'>tantum</span> <span class='ocrx_word' id='word_1_570' title='bbox 2841 1206 2961 1244; x_wconf 90' lang='lat' dir='ltr'>non</span> <span class='ocrx_word' id='word_1_571' title='bbox 3009 1193 3232 1259; x_wconf 90' lang='lat' dir='ltr'>peccat.</span> <span class='ocrx_word' id='word_1_572' title='bbox 3287 1188 3474 1242; x_wconf 88' lang='lat' dir='ltr'>Omnis</span> <span class='ocrx_word' id='word_1_573' title='bbox 3521 1189 3620 1258; x_wconf 85' lang='lat' dir='ltr'>qui</span> 
     </span>
    </p>
   </div>
   <div class='ocr_carea' id='block_1_75' title="bbox 1963 1276 3618 1352">
    <p class='ocr_par' dir='ltr' id='par_1_75' title="bbox 1963 1276 3618 1352">
     <span class='ocr_line' id='line_1_76' title="bbox 1963 1276 3618 1352; baseline -0.002 -16"><span class='ocrx_word' id='word_1_574' title='bbox 1963 1276 2294 1352; x_wconf 45' lang='lat' dir='ltr'>peccatfnon</span> <span class='ocrx_word' id='word_1_575' title='bbox 2323 1281 2464 1335; x_wconf 88' lang='lat' dir='ltr'>vidit</span> <span class='ocrx_word' id='word_1_576' title='bbox 2490 1298 2628 1349; x_wconf 87' lang='lat' dir='ltr'>eum,</span> <span class='ocrx_word' id='word_1_577' title='bbox 2662 1296 2821 1349; x_wconf 86' lang='lat' dir='ltr'>neque</span> <span class='ocrx_word' id='word_1_578' title='bbox 2850 1280 3091 1349; x_wconf 83' lang='lat' dir='ltr'>cognovit</span> <span class='ocrx_word' id='word_1_579' title='bbox 3109 1295 3245 1332; x_wconf 87' lang='lat' dir='ltr'>eum.</span> <span class='ocrx_word' id='word_1_580' title='bbox 3275 1280 3484 1347; x_wconf 82' lang='lat' dir='ltr'>Magna</span> <span class='ocrx_word' id='word_1_581' title='bbox 3507 1276 3618 1332; x_wconf 85' lang='lat' dir='ltr'>ista</span> 
     </span>
    </p>
   </div>
   <div class='ocr_carea' id='block_1_76' title="bbox 1966 1368 3619 1441">
    <p class='ocr_par' dir='ltr' id='par_1_76' title="bbox 1966 1368 3619 1441">
     <span class='ocr_line' id='line_1_77' title="bbox 1966 1368 3619 1441; baseline -0.002 -18"><span class='ocrx_word' id='word_1_582' title='bbox 1966 1370 2217 1441; x_wconf 70' lang='lat' dir='ltr'>quaestio</span> <span class='ocrx_word' id='word_1_583' title='bbox 2248 1388 2259 1425; x_wconf 89' lang='lat'><strong>:</strong></span> <span class='ocrx_word' id='word_1_584' title='bbox 2298 1370 2484 1425; x_wconf 86' lang='lat' dir='ltr'>Omnis</span> <span class='ocrx_word' id='word_1_585' title='bbox 2512 1370 2610 1441; x_wconf 88' lang='lat' dir='ltr'>qui</span> <span class='ocrx_word' id='word_1_586' title='bbox 2633 1375 2835 1439; x_wconf 87' lang='lat' dir='ltr'>peccat,</span> <span class='ocrx_word' id='word_1_587' title='bbox 2872 1384 2977 1421; x_wconf 89' lang='lat' dir='ltr'>non</span> <span class='ocrx_word' id='word_1_588' title='bbox 3009 1368 3146 1420; x_wconf 87' lang='lat' dir='ltr'>vidit</span> <span class='ocrx_word' id='word_1_589' title='bbox 3174 1383 3310 1429; x_wconf 88' lang='lat' dir='ltr'>eum,</span> <span class='ocrx_word' id='word_1_590' title='bbox 3343 1381 3510 1436; x_wconf 87' lang='lat' dir='ltr'>neque</span> <span class='ocrx_word' id='word_1_591' title='bbox 3538 1382 3619 1419; x_wconf 89' lang='lat' dir='ltr'>co-</span> 
     </span>
    </p>
   </div>
   <div class='ocr_carea' id='block_1_77' title="bbox 1963 1452 3619 1529">
    <p class='ocr_par' dir='ltr' id='par_1_77' title="bbox 1963 1452 3619 1529">
     <span class='ocr_line' id='line_1_78' title="bbox 1963 1452 3619 1529; baseline -0.003 -17"><span class='ocrx_word' id='word_1_592' title='bbox 1963 1460 2145 1529; x_wconf 89' lang='lat' dir='ltr'>gnovit</span> <span class='ocrx_word' id='word_1_593' title='bbox 2176 1476 2312 1514; x_wconf 92' lang='lat' dir='ltr'>eum.</span> <span class='ocrx_word' id='word_1_594' title='bbox 2347 1462 2471 1515; x_wconf 88' lang='lat' dir='ltr'>Non</span> <span class='ocrx_word' id='word_1_595' title='bbox 2497 1463 2585 1513; x_wconf 88' lang='lat' dir='ltr'>est</span> <span class='ocrx_word' id='word_1_596' title='bbox 2617 1459 2853 1512; x_wconf 89' lang='lat' dir='ltr'>mirum.</span> <span class='ocrx_word' id='word_1_597' title='bbox 2887 1459 3008 1511; x_wconf 87' lang='lat' dir='ltr'>Non</span> <span class='ocrx_word' id='word_1_598' title='bbox 3034 1472 3168 1508; x_wconf 89' lang='lat' dir='ltr'>eum</span> <span class='ocrx_word' id='word_1_599' title='bbox 3200 1454 3477 1521; x_wconf 90' lang='lat' dir='ltr'>vidimus,</span> <span class='ocrx_word' id='word_1_600' title='bbox 3512 1452 3619 1507; x_wconf 91' lang='lat' dir='ltr'>sed</span> 
     </span>
    </p>
   </div>
   <div class='ocr_carea' id='block_1_78' title="bbox 1967 1541 3621 1614">
    <p class='ocr_par' dir='ltr' id='par_1_78' title="bbox 1967 1541 3621 1614">
     <span class='ocr_line' id='line_1_79' title="bbox 1967 1541 3621 1614; baseline -0.004 -12"><span class='ocrx_word' id='word_1_601' title='bbox 1967 1547 2149 1603; x_wconf 90' lang='lat' dir='ltr'>visuri</span> <span class='ocrx_word' id='word_1_602' title='bbox 2182 1565 2389 1603; x_wconf 91' lang='lat' dir='ltr'>sumus</span> <span class='ocrx_word' id='word_1_603' title='bbox 2424 1565 2436 1602; x_wconf 91' lang='lat'><strong>:</strong></span> <span class='ocrx_word' id='word_1_604' title='bbox 2471 1564 2589 1602; x_wconf 91' lang='lat' dir='ltr'>non</span> <span class='ocrx_word' id='word_1_605' title='bbox 2632 1563 2769 1601; x_wconf 90' lang='lat' dir='ltr'>eum</span> <span class='ocrx_word' id='word_1_606' title='bbox 2810 1544 3225 1614; x_wconf 81' lang='lat' dir='ltr'>cognovimus,</span> <span class='ocrx_word' id='word_1_607' title='bbox 3262 1542 3365 1596; x_wconf 93' lang='lat' dir='ltr'>sed</span> <span class='ocrx_word' id='word_1_608' title='bbox 3420 1541 3621 1609; x_wconf 89' lang='lat' dir='ltr'>cogni-</span> 
     </span>
    </p>
   </div>
   <div class='ocr_carea' id='block_1_79' title="bbox 1967 1630 3622 1706">
    <p class='ocr_par' dir='ltr' id='par_1_79' title="bbox 1967 1630 3622 1706">
     <span class='ocr_line' id='line_1_80' title="bbox 1967 1630 3622 1706; baseline -0.005 -14"><span class='ocrx_word' id='word_1_609' title='bbox 1967 1637 2078 1692; x_wconf 89' lang='lat' dir='ltr'>turi</span> <span class='ocrx_word' id='word_1_610' title='bbox 2105 1653 2350 1706; x_wconf 80' lang='lat' dir='ltr'>sumus;</span> <span class='ocrx_word' id='word_1_611' title='bbox 2385 1636 2685 1691; x_wconf 88' lang='lat' dir='ltr'>credimus</span> <span class='ocrx_word' id='word_1_612' title='bbox 2718 1634 2776 1689; x_wconf 92' lang='lat' dir='ltr'>in</span> <span class='ocrx_word' id='word_1_613' title='bbox 2809 1650 2945 1689; x_wconf 91' lang='lat' dir='ltr'>eum</span> <span class='ocrx_word' id='word_1_614' title='bbox 2977 1650 3155 1703; x_wconf 90' lang='lat' dir='ltr'>quem</span> <span class='ocrx_word' id='word_1_615' title='bbox 3186 1647 3305 1686; x_wconf 89' lang='lat' dir='ltr'>non</span> <span class='ocrx_word' id='word_1_616' title='bbox 3334 1630 3622 1702; x_wconf 89' lang='lat' dir='ltr'>cognovi-</span> 
     </span>
    </p>
   </div>
   <div class='ocr_carea' id='block_1_80' title="bbox 1967 1719 3617 1792">
    <p class='ocr_par' dir='ltr' id='par_1_80' title="bbox 1967 1719 3617 1792">
     <span class='ocr_line' id='line_1_81' title="bbox 1967 1719 3617 1792; baseline -0.004 -12"><span class='ocrx_word' id='word_1_617' title='bbox 1967 1742 2121 1780; x_wconf 88' lang='lat' dir='ltr'>mus.</span> <span class='ocrx_word' id='word_1_618' title='bbox 2152 1729 2235 1780; x_wconf 82' lang='lat' dir='ltr'>An</span> <span class='ocrx_word' id='word_1_619' title='bbox 2256 1726 2399 1780; x_wconf 88' lang='lat' dir='ltr'>forte</span> <span class='ocrx_word' id='word_1_620' title='bbox 2413 1740 2482 1778; x_wconf 86' lang='lat' dir='ltr'>ex</span> <span class='ocrx_word' id='word_1_621' title='bbox 2500 1725 2614 1779; x_wconf 87' lang='lat' dir='ltr'>tide</span> <span class='ocrx_word' id='word_1_622' title='bbox 2631 1724 3114 1792; x_wconf 91' lang='lat' dir='ltr'>cognovimus,et</span> <span class='ocrx_word' id='word_1_623' title='bbox 3138 1721 3332 1792; x_wconf 88' lang='lat' dir='ltr'>specie</span> <span class='ocrx_word' id='word_1_624' title='bbox 3346 1719 3617 1774; x_wconf 91' lang='lat' dir='ltr'>nondum</span> 
     </span>
    </p>
   </div>
   <div class='ocr_carea' id='block_1_81' title="bbox 1967 1808 3621 1883">
    <p class='ocr_par' dir='ltr' id='par_1_81' title="bbox 1967 1808 3621 1883">
     <span class='ocr_line' id='line_1_82' title="bbox 1967 1808 3621 1883; baseline -0.006 -13"><span class='ocrx_word' id='word_1_625' title='bbox 1967 1815 2362 1883; x_wconf 91' lang='lat' dir='ltr'>cognovimus</span> <span class='ocrx_word' id='word_1_626' title='bbox 2391 1814 2419 1866; x_wconf 85' lang='lat'>‘?</span> <span class='ocrx_word' id='word_1_627' title='bbox 2448 1814 2560 1868; x_wconf 87' lang='lat' dir='ltr'>Sed</span> <span class='ocrx_word' id='word_1_628' title='bbox 2590 1813 2650 1867; x_wconf 91' lang='lat' dir='ltr'>in</span> <span class='ocrx_word' id='word_1_629' title='bbox 2684 1812 2800 1866; x_wconf 85' lang='lat' dir='ltr'>ﬁde</span> <span class='ocrx_word' id='word_1_630' title='bbox 2832 1816 2885 1865; x_wconf 91' lang='lat' dir='ltr'>et</span> <span class='ocrx_word' id='word_1_631' title='bbox 2934 1810 3195 1865; x_wconf 90' lang='lat' dir='ltr'>vidimus</span> <span class='ocrx_word' id='word_1_632' title='bbox 3235 1814 3294 1863; x_wconf 93' lang='lat' dir='ltr'>et</span> <span class='ocrx_word' id='word_1_633' title='bbox 3340 1808 3621 1876; x_wconf 89' lang='lat' dir='ltr'>cognovi-</span> 
     </span>
    </p>
   </div>
   <div class='ocr_carea' id='block_1_82' title="bbox 1969 1896 3621 1969">
    <p class='ocr_par' dir='ltr' id='par_1_82' title="bbox 1969 1896 3621 1969">
     <span class='ocr_line' id='line_1_83' title="bbox 1969 1896 3621 1969; baseline -0.005 -11"><span class='ocrx_word' id='word_1_634' title='bbox 1969 1920 2129 1959; x_wconf 90' lang='lat' dir='ltr'>mus.</span> <span class='ocrx_word' id='word_1_635' title='bbox 2158 1904 2213 1957; x_wconf 92' lang='lat' dir='ltr'>Si</span> <span class='ocrx_word' id='word_1_636' title='bbox 2242 1902 2401 1957; x_wconf 92' lang='lat' dir='ltr'>enim</span> <span class='ocrx_word' id='word_1_637' title='bbox 2426 1902 2695 1957; x_wconf 91' lang='lat' dir='ltr'>nondum</span> <span class='ocrx_word' id='word_1_638' title='bbox 2752 1900 2908 1954; x_wconf 92' lang='lat' dir='ltr'>videt</span> <span class='ocrx_word' id='word_1_639' title='bbox 2942 1899 3113 1963; x_wconf 86' lang='lat' dir='ltr'>ﬁdes,</span> <span class='ocrx_word' id='word_1_640' title='bbox 3147 1912 3334 1969; x_wconf 90' lang='lat' dir='ltr'>quare</span> <span class='ocrx_word' id='word_1_641' title='bbox 3364 1896 3621 1950; x_wconf 89' lang='lat' dir='ltr'>dicimur</span> 
     </span>
    </p>
   </div>
   <div class='ocr_carea' id='block_1_83' title="bbox 1968 1984 3657 2060">
    <p class='ocr_par' dir='ltr' id='par_1_83' title="bbox 1968 1984 3657 2060">
     <span class='ocr_line' id='line_1_84' title="bbox 1968 1984 3657 2060; baseline -0.004 -14"><span class='ocrx_word' id='word_1_642' title='bbox 1968 1992 2280 2047; x_wconf 91' lang='lat' dir='ltr'>illuminati</span> <span class='ocrx_word' id='word_1_643' title='bbox 2302 1992 2329 2045; x_wconf 86' lang='lat'>‘?</span> <span class='ocrx_word' id='word_1_644' title='bbox 2359 1994 2452 2046; x_wconf 88' lang='lat' dir='ltr'>Est</span> <span class='ocrx_word' id='word_1_645' title='bbox 2484 1989 2838 2045; x_wconf 90' lang='lat' dir='ltr'>illuminatio</span> <span class='ocrx_word' id='word_1_646' title='bbox 2865 2005 2968 2060; x_wconf 91' lang='lat' dir='ltr'>per</span> <span class='ocrx_word' id='word_1_647' title='bbox 2995 1988 3199 2057; x_wconf 83' lang='lat' dir='ltr'>ﬁdem,</span> <span class='ocrx_word' id='word_1_648' title='bbox 3227 1984 3622 2041; x_wconf 88' lang='lat' dir='ltr'>estillumina-</span> <span class='ocrx_word' id='word_1_649' title='bbox 3642 1990 3657 2051; x_wconf 61' lang='grc' dir='ltr'><em>ί</em></span> 
     </span>
    </p>
   </div>
   <div class='ocr_carea' id='block_1_84' title="bbox 1969 2073 3620 2152">
    <p class='ocr_par' dir='ltr' id='par_1_84' title="bbox 1969 2073 3620 2152">
     <span class='ocr_line' id='line_1_85' title="bbox 1969 2073 3620 2152; baseline -0.006 -15"><span class='ocrx_word' id='word_1_650' title='bbox 1969 2082 2049 2137; x_wconf 92' lang='lat' dir='ltr'>tio</span> <span class='ocrx_word' id='word_1_651' title='bbox 2076 2096 2181 2152; x_wconf 90' lang='lat' dir='ltr'>per</span> <span class='ocrx_word' id='word_1_652' title='bbox 2193 2082 2473 2152; x_wconf 89' lang='lat' dir='ltr'>speciem.</span> <span class='ocrx_word' id='word_1_653' title='bbox 2489 2080 2658 2136; x_wconf 79' lang='lat' dir='ltr'>Modo</span> <span class='ocrx_word' id='word_1_654' title='bbox 2671 2095 2807 2134; x_wconf 89' lang='lat' dir='ltr'>cum</span> <span class='ocrx_word' id='word_1_655' title='bbox 2824 2078 3292 2150; x_wconf 81' lang='lat' dir='ltr'>peregrinamur,</span> <span class='ocrx_word' id='word_1_656' title='bbox 3311 2091 3417 2146; x_wconf 90' lang='lat' dir='ltr'>per</span> <span class='ocrx_word' id='word_1_657' title='bbox 3438 2073 3620 2128; x_wconf 83' lang='lat' dir='ltr'>ﬁdem</span> 
     </span>
    </p>
   </div>
   <div class='ocr_carea' id='block_1_85' title="bbox 1968 2165 3622 2240">
    <p class='ocr_par' dir='ltr' id='par_1_85' title="bbox 1968 2165 3622 2240">
     <span class='ocr_line' id='line_1_86' title="bbox 1968 2165 3622 2240; baseline -0.007 -14"><span class='ocrx_word' id='word_1_658' title='bbox 1968 2168 2375 2234; x_wconf 91' lang='lat' dir='ltr'>ambulamus,</span> <span class='ocrx_word' id='word_1_659' title='bbox 2417 2184 2537 2223; x_wconf 94' lang='lat' dir='ltr'>non</span> <span class='ocrx_word' id='word_1_660' title='bbox 2563 2184 2669 2240; x_wconf 89' lang='lat' dir='ltr'>per</span> <span class='ocrx_word' id='word_1_661' title='bbox 2689 2168 2947 2239; x_wconf 90' lang='lat' dir='ltr'>speciem</span> <span class='ocrx_word' id='word_1_662' title='bbox 2976 2167 3043 2232; x_wconf 90' lang='lat' dir='ltr'>(Il</span> <span class='ocrx_word' id='word_1_663' title='bbox 3074 2166 3195 2221; x_wconf 84' lang='lat' dir='ltr'>Cor.</span> <span class='ocrx_word' id='word_1_664' title='bbox 3218 2165 3355 2239; x_wconf 68' lang='lat' dir='ltr'>v.7).</span> <span class='ocrx_word' id='word_1_665' title='bbox 3394 2166 3540 2230; x_wconf 89' lang='lat' dir='ltr'>Ergo</span> <span class='ocrx_word' id='word_1_666' title='bbox 3568 2165 3622 2216; x_wconf 91' lang='lat' dir='ltr'>et</span> 
     </span>
    </p>
   </div>
   <div class='ocr_carea' id='block_1_86' title="bbox 1965 2251 3623 2332">
    <p class='ocr_par' dir='ltr' id='par_1_86' title="bbox 1965 2251 3623 2332">
     <span class='ocr_line' id='line_1_87' title="bbox 1965 2251 3623 2332; baseline -0.006 -18"><span class='ocrx_word' id='word_1_667' title='bbox 1965 2260 2193 2332; x_wconf 89' lang='lat' dir='ltr'>justitia</span> <span class='ocrx_word' id='word_1_668' title='bbox 2219 2262 2427 2314; x_wconf 88' lang='lat' dir='ltr'>nostra</span> <span class='ocrx_word' id='word_1_669' title='bbox 2456 2272 2559 2328; x_wconf 90' lang='lat' dir='ltr'>per</span> <span class='ocrx_word' id='word_1_670' title='bbox 2590 2256 2773 2311; x_wconf 82' lang='lat' dir='ltr'>fidem</span> <span class='ocrx_word' id='word_1_671' title='bbox 2804 2261 2911 2324; x_wconf 91' lang='lat' dir='ltr'>est,</span> <span class='ocrx_word' id='word_1_672' title='bbox 2936 2270 3055 2310; x_wconf 93' lang='lat' dir='ltr'>non</span> <span class='ocrx_word' id='word_1_673' title='bbox 3089 2270 3194 2325; x_wconf 92' lang='lat' dir='ltr'>per</span> <span class='ocrx_word' id='word_1_674' title='bbox 3216 2251 3623 2323; x_wconf 89' lang='lat' dir='ltr'>speciem.Erit</span> 
     </span>
    </p>
   </div>
   <div class='ocr_carea' id='block_1_87' title="bbox 1970 2342 3620 2421">
    <p class='ocr_par' dir='ltr' id='par_1_87' title="bbox 1970 2342 3620 2421">
     <span class='ocr_line' id='line_1_88' title="bbox 1970 2342 3620 2421; baseline -0.007 -18"><span class='ocrx_word' id='word_1_675' title='bbox 1970 2347 2231 2421; x_wconf 86' lang='lat' dir='ltr'>perfecta</span> <span class='ocrx_word' id='word_1_676' title='bbox 2261 2352 2470 2401; x_wconf 88' lang='lat' dir='ltr'>nostra</span> <span class='ocrx_word' id='word_1_677' title='bbox 2490 2345 2740 2418; x_wconf 86' lang='lat' dir='ltr'>justitia,</span> <span class='ocrx_word' id='word_1_678' title='bbox 2792 2360 2930 2399; x_wconf 91' lang='lat' dir='ltr'>cum</span> <span class='ocrx_word' id='word_1_679' title='bbox 2960 2342 3301 2397; x_wconf 90' lang='lat' dir='ltr'>videbimus</span> <span class='ocrx_word' id='word_1_680' title='bbox 3357 2355 3462 2411; x_wconf 91' lang='lat' dir='ltr'>per</span> <span class='ocrx_word' id='word_1_681' title='bbox 3490 2352 3620 2408; x_wconf 88' lang='lat' dir='ltr'>spe-</span> 
     </span>
    </p>
   </div>
   <div class='ocr_carea' id='block_1_88' title="bbox 1970 2430 3623 2505">
    <p class='ocr_par' dir='ltr' id='par_1_88' title="bbox 1970 2430 3623 2505">
     <span class='ocr_line' id='line_1_89' title="bbox 1970 2430 3623 2505; baseline -0.007 -13"><span class='ocrx_word' id='word_1_682' title='bbox 1970 2436 2325 2493; x_wconf 88' lang='lat' dir='ltr'>ciem.Modo</span> <span class='ocrx_word' id='word_1_683' title='bbox 2351 2450 2471 2490; x_wconf 91' lang='lat' dir='ltr'>non</span> <span class='ocrx_word' id='word_1_684' title='bbox 2486 2434 2898 2505; x_wconf 88' lang='lat' dir='ltr'>relinquamus</span> <span class='ocrx_word' id='word_1_685' title='bbox 2921 2448 3051 2487; x_wconf 92' lang='lat' dir='ltr'>eam</span> <span class='ocrx_word' id='word_1_686' title='bbox 3069 2430 3361 2501; x_wconf 87' lang='lat' dir='ltr'>justitiam</span> <span class='ocrx_word' id='word_1_687' title='bbox 3380 2443 3516 2500; x_wconf 66' lang='lat' dir='ltr'>quae</span> <span class='ocrx_word' id='word_1_688' title='bbox 3535 2432 3623 2481; x_wconf 89' lang='lat' dir='ltr'>est</span> 
     </span>
    </p>
   </div>
   <div class='ocr_carea' id='block_1_89' title="bbox 1971 2516 3625 2595">
    <p class='ocr_par' dir='ltr' id='par_1_89' title="bbox 1971 2516 3625 2595">
     <span class='ocr_line' id='line_1_90' title="bbox 1971 2516 3625 2595; baseline -0.007 -14"><span class='ocrx_word' id='word_1_689' title='bbox 1971 2542 2042 2582; x_wconf 89' lang='lat' dir='ltr'>ex</span> <span class='ocrx_word' id='word_1_690' title='bbox 2067 2525 2207 2590; x_wconf 85' lang='lat' dir='ltr'>fide,</span> <span class='ocrx_word' id='word_1_691' title='bbox 2240 2524 2527 2595; x_wconf 91' lang='lat' dir='ltr'>quoniam</span> <span class='ocrx_word' id='word_1_692' title='bbox 2550 2524 2731 2592; x_wconf 87' lang='lat' dir='ltr'>justus</span> <span class='ocrx_word' id='word_1_693' title='bbox 2756 2539 2819 2576; x_wconf 76' lang='lat' dir='ltr'>ex</span> <span class='ocrx_word' id='word_1_694' title='bbox 2837 2522 2940 2593; x_wconf 85' lang='lat' dir='ltr'>ﬁde</span> <span class='ocrx_word' id='word_1_695' title='bbox 2968 2521 3105 2575; x_wconf 88' lang='lat' dir='ltr'>vivit</span> <span class='ocrx_word' id='word_1_696' title='bbox 3128 2516 3625 2590; x_wconf 79' lang='lat' dir='ltr'>(Rom.1,t‘i),sicut</span> 
     </span>
    </p>
   </div>
   <div class='ocr_carea' id='block_1_90' title="bbox 1974 2608 3620 2685">
    <p class='ocr_par' dir='ltr' id='par_1_90' title="bbox 1974 2608 3620 2685">
     <span class='ocr_line' id='line_1_91' title="bbox 1974 2608 3620 2685; baseline -0.008 -15"><span class='ocrx_word' id='word_1_697' title='bbox 1974 2616 2054 2670; x_wconf 87' lang='lat' dir='ltr'>ait</span> <span class='ocrx_word' id='word_1_698' title='bbox 2100 2613 2439 2685; x_wconf 85' lang='lat' dir='ltr'>Apostolus.</span> <span class='ocrx_word' id='word_1_699' title='bbox 2468 2614 2653 2669; x_wconf 88' lang='lat' dir='ltr'>Omnis</span> <span class='ocrx_word' id='word_1_700' title='bbox 2685 2612 2782 2681; x_wconf 88' lang='lat' dir='ltr'>qui</span> <span class='ocrx_word' id='word_1_701' title='bbox 2810 2616 2989 2663; x_wconf 90' lang='lat' dir='ltr'>manet</span> <span class='ocrx_word' id='word_1_702' title='bbox 3018 2610 3081 2662; x_wconf 87' lang='lat' dir='ltr'>in</span> <span class='ocrx_word' id='word_1_703' title='bbox 3110 2608 3244 2678; x_wconf 85' lang='lat' dir='ltr'>ipso,</span> <span class='ocrx_word' id='word_1_704' title='bbox 3285 2622 3391 2659; x_wconf 86' lang='lat' dir='ltr'>non</span> <span class='ocrx_word' id='word_1_705' title='bbox 3417 2610 3620 2674; x_wconf 88' lang='lat' dir='ltr'>peccat.</span> 
     </span>
    </p>
   </div>
   <div class='ocr_carea' id='block_1_91' title="bbox 1973 2693 3624 2773">
    <p class='ocr_par' dir='ltr' id='par_1_91' title="bbox 1973 2693 3624 2773">
     <span class='ocr_line' id='line_1_92' title="bbox 1973 2693 3624 2773; baseline -0.007 -14"><span class='ocrx_word' id='word_1_706' title='bbox 1973 2708 2119 2760; x_wconf 82' lang='lat' dir='ltr'>Nam</span> <span class='ocrx_word' id='word_1_707' title='bbox 2158 2703 2328 2758; x_wconf 80' lang='lat' dir='ltr'>omnis</span> <span class='ocrx_word' id='word_1_708' title='bbox 2359 2701 2447 2773; x_wconf 84' lang='lat' dir='ltr'>qui</span> <span class='ocrx_word' id='word_1_709' title='bbox 2470 2708 2664 2773; x_wconf 86' lang='lat' dir='ltr'>peccat,</span> <span class='ocrx_word' id='word_1_710' title='bbox 2705 2716 2808 2754; x_wconf 87' lang='lat' dir='ltr'>non</span> <span class='ocrx_word' id='word_1_711' title='bbox 2837 2698 2974 2753; x_wconf 86' lang='lat' dir='ltr'>vidit</span> <span class='ocrx_word' id='word_1_712' title='bbox 3005 2715 3143 2761; x_wconf 87' lang='lat' dir='ltr'>eum,</span> <span class='ocrx_word' id='word_1_713' title='bbox 3185 2712 3345 2766; x_wconf 90' lang='lat' dir='ltr'>neque</span> <span class='ocrx_word' id='word_1_714' title='bbox 3385 2693 3624 2764; x_wconf 85' lang='lat' dir='ltr'>cognovit</span> 
     </span>
    </p>
   </div>
   <div class='ocr_carea' id='block_1_92' title="bbox 1973 2783 3619 2862">
    <p class='ocr_par' dir='ltr' id='par_1_92' title="bbox 1973 2783 3619 2862">
     <span class='ocr_line' id='line_1_93' title="bbox 1973 2783 3619 2862; baseline -0.007 -13"><span class='ocrx_word' id='word_1_715' title='bbox 1973 2812 2109 2849; x_wconf 91' lang='lat' dir='ltr'>eum.</span> <span class='ocrx_word' id='word_1_716' title='bbox 2142 2794 2269 2848; x_wconf 90' lang='lat' dir='ltr'>Non</span> <span class='ocrx_word' id='word_1_717' title='bbox 2297 2791 2482 2847; x_wconf 88' lang='lat' dir='ltr'>credit</span> <span class='ocrx_word' id='word_1_718' title='bbox 2524 2790 2631 2845; x_wconf 92' lang='lat' dir='ltr'>iste</span> <span class='ocrx_word' id='word_1_719' title='bbox 2653 2790 2755 2862; x_wconf 92' lang='lat' dir='ltr'>qui</span> <span class='ocrx_word' id='word_1_720' title='bbox 2788 2794 3027 2860; x_wconf 89' lang='lat' dir='ltr'>peccat:</span> <span class='ocrx_word' id='word_1_721' title='bbox 3079 2786 3125 2841; x_wconf 90' lang='lat' dir='ltr'>si</span> <span class='ocrx_word' id='word_1_722' title='bbox 3180 2792 3381 2842; x_wconf 91' lang='lat' dir='ltr'>autem</span> <span class='ocrx_word' id='word_1_723' title='bbox 3412 2783 3619 2848; x_wconf 91' lang='lat' dir='ltr'>credit,</span> 
     </span>
    </p>
   </div>
   <div class='ocr_carea' id='block_1_93' title="bbox 1974 2878 3445 2956">
    <p class='ocr_par' dir='ltr' id='par_1_93' title="bbox 1974 2878 3445 2956">
     <span class='ocr_line' id='line_1_94' title="bbox 1974 2878 3445 2956; baseline -0.007 -19"><span class='ocrx_word' id='word_1_724' title='bbox 1974 2888 2270 2956; x_wconf 91' lang='lat' dir='ltr'>quantum</span> <span class='ocrx_word' id='word_1_725' title='bbox 2294 2882 2369 2936; x_wconf 91' lang='lat' dir='ltr'>ad</span> <span class='ocrx_word' id='word_1_726' title='bbox 2400 2881 2581 2935; x_wconf 84' lang='lat' dir='ltr'>tidem</span> <span class='ocrx_word' id='word_1_727' title='bbox 2613 2880 2743 2950; x_wconf 91' lang='lat' dir='ltr'>ejus</span> <span class='ocrx_word' id='word_1_728' title='bbox 2766 2879 3039 2950; x_wconf 89' lang='lat' dir='ltr'>pertinet,</span> <span class='ocrx_word' id='word_1_729' title='bbox 3077 2892 3196 2931; x_wconf 91' lang='lat' dir='ltr'>non</span> <span class='ocrx_word' id='word_1_730' title='bbox 3222 2878 3445 2946; x_wconf 88' lang='lat' dir='ltr'>peccat.</span> 
     </span>
    </p>
   </div>
   <div class='ocr_carea' id='block_1_94' title="bbox 2047 3017 3619 3089">
    <p class='ocr_par' dir='ltr' id='par_1_94' title="bbox 2047 3017 3619 3089">
     <span class='ocr_line' id='line_1_95' title="bbox 2047 3017 3619 3089; baseline -0.006 -9"><span class='ocrx_word' id='word_1_731' title='bbox 2047 3030 2097 3080; x_wconf 89' lang='lat'>9.</span> <span class='ocrx_word' id='word_1_732' title='bbox 2128 3023 2344 3088; x_wconf 84' lang='lat' dir='ltr'>Fitioti,</span> <span class='ocrx_word' id='word_1_733' title='bbox 2363 3039 2513 3077; x_wconf 89' lang='lat' dir='ltr'>nemo</span> <span class='ocrx_word' id='word_1_734' title='bbox 2530 3038 2615 3075; x_wconf 90' lang='lat' dir='ltr'>vos</span> <span class='ocrx_word' id='word_1_735' title='bbox 2644 3020 2877 3075; x_wconf 86' lang='lat' dir='ltr'>seducat.</span> <span class='ocrx_word' id='word_1_736' title='bbox 2899 3020 3006 3085; x_wconf 86' lang='lat' dir='ltr'>Qui</span> <span class='ocrx_word' id='word_1_737' title='bbox 3026 3020 3156 3087; x_wconf 85' lang='lat' dir='ltr'>facit</span> <span class='ocrx_word' id='word_1_738' title='bbox 3170 3018 3474 3089; x_wconf 86' lang='lat' dir='ltr'>justitiam,</span> <span class='ocrx_word' id='word_1_739' title='bbox 3498 3017 3619 3087; x_wconf 83' lang='lat' dir='ltr'>jus-</span> 
     </span>
    </p>
   </div>
   <div class='ocr_carea' id='block_1_95' title="bbox 1977 3105 3619 3180">
    <p class='ocr_par' dir='ltr' id='par_1_95' title="bbox 1977 3105 3619 3180">
     <span class='ocr_line' id='line_1_96' title="bbox 1977 3105 3619 3180; baseline -0.006 -12"><span class='ocrx_word' id='word_1_740' title='bbox 1977 3118 2062 3169; x_wconf 84' lang='lat' dir='ltr'>tus</span> <span class='ocrx_word' id='word_1_741' title='bbox 2086 3120 2182 3177; x_wconf 90' lang='lat' dir='ltr'>est,</span> <span class='ocrx_word' id='word_1_742' title='bbox 2209 3112 2347 3167; x_wconf 87' lang='lat' dir='ltr'>sicut</span> <span class='ocrx_word' id='word_1_743' title='bbox 2379 3118 2427 3165; x_wconf 89' lang='lat' dir='ltr'>et</span> <span class='ocrx_word' id='word_1_744' title='bbox 2454 3109 2548 3164; x_wconf 79' lang='lat' dir='ltr'>ille</span> <span class='ocrx_word' id='word_1_745' title='bbox 2563 3111 2747 3180; x_wconf 87' lang='lat' dir='ltr'>justus</span> <span class='ocrx_word' id='word_1_746' title='bbox 2777 3115 2871 3162; x_wconf 86' lang='lat' dir='ltr'>est.</span> <span class='ocrx_word' id='word_1_747' title='bbox 2908 3106 3209 3178; x_wconf 84' lang='lat' dir='ltr'>Numquid</span> <span class='ocrx_word' id='word_1_748' title='bbox 3240 3105 3486 3177; x_wconf 89' lang='lat' dir='ltr'>quando</span> <span class='ocrx_word' id='word_1_749' title='bbox 3519 3120 3619 3159; x_wconf 92' lang='lat' dir='ltr'>au-</span> 
     </span>
    </p>
   </div>
   <div class='ocr_carea' id='block_1_96' title="bbox 1976 3194 3632 3273">
    <p class='ocr_par' dir='ltr' id='par_1_96' title="bbox 1976 3194 3632 3273">
     <span class='ocr_line' id='line_1_97' title="bbox 1976 3194 3632 3273; baseline -0.007 -14"><span class='ocrx_word' id='word_1_750' title='bbox 1976 3203 2235 3259; x_wconf 91' lang='lat' dir='ltr'>divimus</span> <span class='ocrx_word' id='word_1_751' title='bbox 2257 3199 2557 3273; x_wconf 87' lang='lat' dir='ltr'>quiajusti</span> <span class='ocrx_word' id='word_1_752' title='bbox 2578 3213 2809 3259; x_wconf 91' lang='lat' dir='ltr'>sumus,</span> <span class='ocrx_word' id='word_1_753' title='bbox 2841 3196 2982 3251; x_wconf 87' lang='lat' dir='ltr'>sicut</span> <span class='ocrx_word' id='word_1_754' title='bbox 3004 3202 3053 3249; x_wconf 88' lang='lat' dir='ltr'>et</span> <span class='ocrx_word' id='word_1_755' title='bbox 3083 3195 3197 3259; x_wconf 83' lang='lat' dir='ltr'>itte,</span> <span class='ocrx_word' id='word_1_756' title='bbox 3230 3194 3492 3266; x_wconf 65' lang='lat' dir='ltr'>aequales</span> <span class='ocrx_word' id='word_1_757' title='bbox 3519 3208 3632 3247; x_wconf 91' lang='lat' dir='ltr'>nos</span> 
     </span>
    </p>
   </div>
   <div class='ocr_carea' id='block_1_97' title="bbox 1978 3282 3630 3363">
    <p class='ocr_par' dir='ltr' id='par_1_97' title="bbox 1978 3282 3630 3363">
     <span class='ocr_line' id='line_1_98' title="bbox 1978 3282 3630 3363; baseline -0.006 -15"><span class='ocrx_word' id='word_1_758' title='bbox 1978 3291 2270 3348; x_wconf 91' lang='lat' dir='ltr'>debemus</span> <span class='ocrx_word' id='word_1_759' title='bbox 2297 3296 2505 3363; x_wconf 91' lang='lat' dir='ltr'>putare</span> <span class='ocrx_word' id='word_1_760' title='bbox 2536 3285 2694 3342; x_wconf 80' lang='lat' dir='ltr'>Deo?</span> <span class='ocrx_word' id='word_1_761' title='bbox 2727 3286 2955 3341; x_wconf 91' lang='lat' dir='ltr'>Debetis</span> <span class='ocrx_word' id='word_1_762' title='bbox 2970 3298 3144 3338; x_wconf 88' lang='lat' dir='ltr'>nosse</span> <span class='ocrx_word' id='word_1_763' title='bbox 3158 3282 3304 3355; x_wconf 92' lang='lat' dir='ltr'>quid</span> <span class='ocrx_word' id='word_1_764' title='bbox 3330 3282 3630 3344; x_wconf 84' lang='lat' dir='ltr'>est,sicut:</span> 
     </span>
    </p>
   </div>
   <div class='ocr_carea' id='block_1_98' title="bbox 1975 3370 3637 3453">
    <p class='ocr_par' dir='ltr' id='par_1_98' title="bbox 1975 3370 3637 3453">
     <span class='ocr_line' id='line_1_99' title="bbox 1975 3370 3637 3453; baseline -0.008 -16"><span class='ocrx_word' id='word_1_765' title='bbox 1975 3381 2339 3453; x_wconf 84' lang='lat' dir='ltr'>jamdudum</span> <span class='ocrx_word' id='word_1_766' title='bbox 2372 3379 2531 3433; x_wconf 92' lang='lat' dir='ltr'>enim</span> <span class='ocrx_word' id='word_1_767' title='bbox 2564 3376 2729 3440; x_wconf 80' lang='lat' dir='ltr'>dixit,</span> <span class='ocrx_word' id='word_1_768' title='bbox 2774 3374 3054 3444; x_wconf 82' lang='lat' dir='ltr'>Castiﬁcat</span> <span class='ocrx_word' id='word_1_769' title='bbox 3100 3371 3458 3441; x_wconf 87' lang='lat' dir='ltr'>semetipsum,</span> <span class='ocrx_word' id='word_1_770' title='bbox 3497 3370 3637 3424; x_wconf 88' lang='lat' dir='ltr'>sicut</span> 
     </span>
    </p>
   </div>
   <div class='ocr_carea' id='block_1_99' title="bbox 1981 3457 3637 3541">
    <p class='ocr_par' dir='ltr' id='par_1_99' title="bbox 1981 3457 3637 3541">
     <span class='ocr_line' id='line_1_100' title="bbox 1981 3457 3637 3541; baseline -0.008 -18"><span class='ocrx_word' id='word_1_771' title='bbox 1981 3470 2089 3541; x_wconf 82' lang='lat' dir='ltr'>ipse</span> <span class='ocrx_word' id='word_1_772' title='bbox 2117 3476 2291 3525; x_wconf 89' lang='lat' dir='ltr'>castus</span> <span class='ocrx_word' id='word_1_773' title='bbox 2321 3474 2416 3523; x_wconf 85' lang='lat' dir='ltr'>est.</span> <span class='ocrx_word' id='word_1_774' title='bbox 2449 3469 2579 3521; x_wconf 86' lang='lat' dir='ltr'>Jam</span> <span class='ocrx_word' id='word_1_775' title='bbox 2612 3480 2752 3534; x_wconf 89' lang='lat' dir='ltr'>ergo</span> <span class='ocrx_word' id='word_1_776' title='bbox 2786 3479 2893 3534; x_wconf 91' lang='lat' dir='ltr'>par</span> <span class='ocrx_word' id='word_1_777' title='bbox 2914 3468 2969 3517; x_wconf 91' lang='lat' dir='ltr'>et</span> <span class='ocrx_word' id='word_1_778' title='bbox 2999 3460 3247 3533; x_wconf 78' lang='lat' dir='ltr'>aequalis</span> <span class='ocrx_word' id='word_1_779' title='bbox 3279 3462 3364 3514; x_wconf 90' lang='lat' dir='ltr'>est</span> <span class='ocrx_word' id='word_1_780' title='bbox 3392 3457 3637 3513; x_wconf 89' lang='lat' dir='ltr'>castitas</span> 
     </span>
    </p>
   </div>
   <div class='ocr_carea' id='block_1_100' title="bbox 1980 3544 3633 3624">
    <p class='ocr_par' dir='ltr' id='par_1_100' title="bbox 1980 3544 3633 3624">
     <span class='ocr_line' id='line_1_101' title="bbox 1980 3544 3633 3624; baseline -0.01 -9"><span class='ocrx_word' id='word_1_781' title='bbox 1980 3566 2185 3615; x_wconf 89' lang='lat' dir='ltr'>nostra</span> <span class='ocrx_word' id='word_1_782' title='bbox 2205 3556 2463 3614; x_wconf 89' lang='lat' dir='ltr'>castitati</span> <span class='ocrx_word' id='word_1_783' title='bbox 2495 3555 2613 3623; x_wconf 89' lang='lat' dir='ltr'>Dei,</span> <span class='ocrx_word' id='word_1_784' title='bbox 2648 3560 2702 3609; x_wconf 92' lang='lat' dir='ltr'>et</span> <span class='ocrx_word' id='word_1_785' title='bbox 2724 3551 2952 3624; x_wconf 89' lang='lat' dir='ltr'>justitia</span> <span class='ocrx_word' id='word_1_786' title='bbox 2979 3556 3180 3605; x_wconf 81' lang='lat' dir='ltr'>nostra</span> <span class='ocrx_word' id='word_1_787' title='bbox 3207 3548 3447 3619; x_wconf 71' lang='lat' dir='ltr'>justitiaa</span> <span class='ocrx_word' id='word_1_788' title='bbox 3480 3544 3633 3601; x_wconf 84' lang='lat' dir='ltr'>Dei?</span> 
     </span>
    </p>
   </div>
   <div class='ocr_carea' id='block_1_101' title="bbox 1982 3633 3638 3713">
    <p class='ocr_par' dir='ltr' id='par_1_101' title="bbox 1982 3633 3638 3713">
     <span class='ocr_line' id='line_1_102' title="bbox 1982 3633 3638 3713; baseline -0.009 -10"><span class='ocrx_word' id='word_1_789' title='bbox 1982 3649 2122 3713; x_wconf 88' lang='lat' dir='ltr'>Quis</span> <span class='ocrx_word' id='word_1_790' title='bbox 2150 3649 2263 3703; x_wconf 88' lang='lat' dir='ltr'>hoc</span> <span class='ocrx_word' id='word_1_791' title='bbox 2280 3647 2438 3701; x_wconf 88' lang='lat' dir='ltr'>dicat</span> <span class='ocrx_word' id='word_1_792' title='bbox 2471 3646 2500 3698; x_wconf 82' lang='lat'>‘?</span> <span class='ocrx_word' id='word_1_793' title='bbox 2520 3644 2653 3707; x_wconf 91' lang='lat' dir='ltr'>Sed,</span> <span class='ocrx_word' id='word_1_794' title='bbox 2685 3644 2846 3706; x_wconf 90' lang='lat' dir='ltr'>sicut,</span> <span class='ocrx_word' id='word_1_795' title='bbox 2879 3656 2999 3696; x_wconf 91' lang='lat' dir='ltr'>non</span> <span class='ocrx_word' id='word_1_796' title='bbox 3024 3654 3260 3710; x_wconf 90' lang='lat' dir='ltr'>semper</span> <span class='ocrx_word' id='word_1_797' title='bbox 3285 3637 3362 3692; x_wconf 89' lang='lat' dir='ltr'>ad</span> <span class='ocrx_word' id='word_1_798' title='bbox 3391 3633 3638 3707; x_wconf 63' lang='lat' dir='ltr'>aequali-</span> 
     </span>
    </p>
   </div>
   <div class='ocr_carea' id='block_1_102' title="bbox 1980 3724 3635 3800">
    <p class='ocr_par' dir='ltr' id='par_1_102' title="bbox 1980 3724 3635 3800">
     <span class='ocr_line' id='line_1_103' title="bbox 1980 3724 3635 3800; baseline -0.009 -8"><span class='ocrx_word' id='word_1_799' title='bbox 1980 3742 2156 3794; x_wconf 88' lang='lat' dir='ltr'>tatem</span> <span class='ocrx_word' id='word_1_800' title='bbox 2175 3736 2287 3789; x_wconf 88' lang='lat' dir='ltr'>dici</span> <span class='ocrx_word' id='word_1_801' title='bbox 2303 3734 2470 3790; x_wconf 90' lang='lat' dir='ltr'>solet.</span> <span class='ocrx_word' id='word_1_802' title='bbox 2488 3732 2825 3798; x_wconf 87' lang='lat' dir='ltr'>Quomodo,</span> <span class='ocrx_word' id='word_1_803' title='bbox 2844 3729 3001 3785; x_wconf 91' lang='lat' dir='ltr'>verbi</span> <span class='ocrx_word' id='word_1_804' title='bbox 3014 3728 3227 3800; x_wconf 88' lang='lat' dir='ltr'>gratia,</span> <span class='ocrx_word' id='word_1_805' title='bbox 3246 3726 3371 3781; x_wconf 90' lang='lat' dir='ltr'>visa</span> <span class='ocrx_word' id='word_1_806' title='bbox 3388 3724 3635 3781; x_wconf 90' lang='lat' dir='ltr'>basilica</span> 
     </span>
    </p>
   </div>
   <div class='ocr_carea' id='block_1_103' title="bbox 1978 3814 3638 3896">
    <p class='ocr_par' dir='ltr' id='par_1_103' title="bbox 1978 3814 3638 3896">
     <span class='ocr_line' id='line_1_104' title="bbox 1978 3814 3638 3896; baseline -0.009 -12"><span class='ocrx_word' id='word_1_807' title='bbox 1978 3831 2085 3886; x_wconf 84' lang='lat' dir='ltr'>ista</span> <span class='ocrx_word' id='word_1_808' title='bbox 2110 3826 2333 3896; x_wconf 90' lang='lat' dir='ltr'>ampla,</span> <span class='ocrx_word' id='word_1_809' title='bbox 2367 3824 2414 3878; x_wconf 91' lang='lat' dir='ltr'>si</span> <span class='ocrx_word' id='word_1_810' title='bbox 2447 3823 2585 3877; x_wconf 88' lang='lat' dir='ltr'>velit</span> <span class='ocrx_word' id='word_1_811' title='bbox 2614 3822 2806 3877; x_wconf 90' lang='lat' dir='ltr'>facere</span> <span class='ocrx_word' id='word_1_812' title='bbox 2832 3819 3049 3890; x_wconf 90' lang='lat' dir='ltr'>aliquis</span> <span class='ocrx_word' id='word_1_813' title='bbox 3081 3818 3397 3885; x_wconf 86' lang='lat' dir='ltr'>minorem,</span> <span class='ocrx_word' id='word_1_814' title='bbox 3422 3814 3524 3870; x_wconf 91' lang='lat' dir='ltr'>sed</span> <span class='ocrx_word' id='word_1_815' title='bbox 3548 3818 3638 3870; x_wconf 87' lang='lat' dir='ltr'>ta-</span> 
     </span>
    </p>
   </div>
   <div class='ocr_carea' id='block_1_104' title="bbox 1980 3903 3627 3987">
    <p class='ocr_par' dir='ltr' id='par_1_104' title="bbox 1980 3903 3627 3987">
     <span class='ocr_line' id='line_1_105' title="bbox 1980 3903 3627 3987; baseline -0.009 -15"><span class='ocrx_word' id='word_1_816' title='bbox 1980 3932 2117 3972; x_wconf 90' lang='lat' dir='ltr'>men</span> <span class='ocrx_word' id='word_1_817' title='bbox 2146 3913 2525 3987; x_wconf 87' lang='lat' dir='ltr'>proportione</span> <span class='ocrx_word' id='word_1_818' title='bbox 2553 3911 2629 3966; x_wconf 94' lang='lat' dir='ltr'>ad</span> <span class='ocrx_word' id='word_1_819' title='bbox 2643 3925 2958 3966; x_wconf 90' lang='lat' dir='ltr'>mensuras</span> <span class='ocrx_word' id='word_1_820' title='bbox 2981 3907 3130 3978; x_wconf 88' lang='lat' dir='ltr'>ejus,</span> <span class='ocrx_word' id='word_1_821' title='bbox 3148 3911 3206 3962; x_wconf 91' lang='lat' dir='ltr'>ut</span> <span class='ocrx_word' id='word_1_822' title='bbox 3230 3904 3391 3961; x_wconf 90' lang='lat' dir='ltr'>verbi</span> <span class='ocrx_word' id='word_1_823' title='bbox 3418 3903 3627 3976; x_wconf 87' lang='lat' dir='ltr'>gratia,</span> 
     </span>
    </p>
   </div>
   <div class='ocr_carea' id='block_1_105' title="bbox 1979 3993 3632 4072">
    <p class='ocr_par' dir='ltr' id='par_1_105' title="bbox 1979 3993 3632 4072">
     <span class='ocr_line' id='line_1_106' title="bbox 1979 3993 3632 4072; baseline -0.008 -11"><span class='ocrx_word' id='word_1_824' title='bbox 1979 4006 2025 4061; x_wconf 94' lang='lat' dir='ltr'>si</span> <span class='ocrx_word' id='word_1_825' title='bbox 2044 4006 2163 4061; x_wconf 88' lang='lat' dir='ltr'>lata</span> <span class='ocrx_word' id='word_1_826' title='bbox 2196 4010 2283 4060; x_wconf 92' lang='lat' dir='ltr'>est</span> <span class='ocrx_word' id='word_1_827' title='bbox 2312 4004 2423 4058; x_wconf 88' lang='lat' dir='ltr'>ista</span> <span class='ocrx_word' id='word_1_828' title='bbox 2437 4000 2752 4072; x_wconf 89' lang='lat' dir='ltr'>simplum,</span> <span class='ocrx_word' id='word_1_829' title='bbox 2786 4004 2840 4054; x_wconf 92' lang='lat' dir='ltr'>et</span> <span class='ocrx_word' id='word_1_830' title='bbox 2861 3998 3043 4067; x_wconf 91' lang='lat' dir='ltr'>longa</span> <span class='ocrx_word' id='word_1_831' title='bbox 3065 3994 3350 4068; x_wconf 88' lang='lat' dir='ltr'>duplum;</span> <span class='ocrx_word' id='word_1_832' title='bbox 3377 3993 3557 4049; x_wconf 88' lang='lat' dir='ltr'>faciat</span> <span class='ocrx_word' id='word_1_833' title='bbox 3573 3997 3632 4049; x_wconf 89' lang='lat' dir='ltr'>et</span> 
     </span>
    </p>
   </div>
   <div class='ocr_carea' id='block_1_106' title="bbox 1978 4083 3636 4162">
    <p class='ocr_par' dir='ltr' id='par_1_106' title="bbox 1978 4083 3636 4162">
     <span class='ocr_line' id='line_1_107' title="bbox 1978 4083 3636 4162; baseline -0.008 -11"><span class='ocrx_word' id='word_1_834' title='bbox 1978 4095 2073 4151; x_wconf 93' lang='lat' dir='ltr'>ille</span> <span class='ocrx_word' id='word_1_835' title='bbox 2103 4095 2285 4150; x_wconf 88' lang='lat' dir='ltr'>latam</span> <span class='ocrx_word' id='word_1_836' title='bbox 2317 4091 2623 4162; x_wconf 90' lang='lat' dir='ltr'>simplum,</span> <span class='ocrx_word' id='word_1_837' title='bbox 2640 4095 2695 4145; x_wconf 90' lang='lat' dir='ltr'>et</span> <span class='ocrx_word' id='word_1_838' title='bbox 2720 4089 2965 4159; x_wconf 89' lang='lat' dir='ltr'>longam</span> <span class='ocrx_word' id='word_1_839' title='bbox 2992 4086 3275 4157; x_wconf 86' lang='lat' dir='ltr'>duplum:</span> <span class='ocrx_word' id='word_1_840' title='bbox 3304 4083 3535 4139; x_wconf 89' lang='lat' dir='ltr'>videtur</span> <span class='ocrx_word' id='word_1_841' title='bbox 3554 4083 3636 4138; x_wconf 89' lang='lat' dir='ltr'>sic</span> 
     </span>
    </p>
   </div>
   <div class='ocr_carea' id='block_1_107' title="bbox 1980 4172 3623 4240">
    <p class='ocr_par' dir='ltr' id='par_1_107' title="bbox 1980 4172 3623 4240">
     <span class='ocr_line' id='line_1_108' title="bbox 1980 4172 3623 4240; baseline -0.008 -2"><span class='ocrx_word' id='word_1_842' title='bbox 1980 4184 2188 4240; x_wconf 87' lang='lat' dir='ltr'>fecisse</span> <span class='ocrx_word' id='word_1_843' title='bbox 2216 4182 2369 4237; x_wconf 88' lang='lat' dir='ltr'>sicut</span> <span class='ocrx_word' id='word_1_844' title='bbox 2397 4184 2485 4236; x_wconf 89' lang='lat' dir='ltr'>est</span> <span class='ocrx_word' id='word_1_845' title='bbox 2516 4180 2641 4235; x_wconf 90' lang='lat' dir='ltr'>ista.</span> <span class='ocrx_word' id='word_1_846' title='bbox 2682 4178 2795 4234; x_wconf 91' lang='lat' dir='ltr'>Sed</span> <span class='ocrx_word' id='word_1_847' title='bbox 2829 4178 2939 4232; x_wconf 89' lang='lat' dir='ltr'>ista</span> <span class='ocrx_word' id='word_1_848' title='bbox 2986 4174 3187 4239; x_wconf 89' lang='lat' dir='ltr'>habet,</span> <span class='ocrx_word' id='word_1_849' title='bbox 3216 4172 3383 4228; x_wconf 85' lang='lat' dir='ltr'>verbi</span> <span class='ocrx_word' id='word_1_850' title='bbox 3414 4172 3623 4240; x_wconf 89' lang='lat' dir='ltr'>gratia,</span> 
     </span>
    </p>
   </div>
   <div class='ocr_carea' id='block_1_108' title="bbox 1979 4261 3631 4335">
    <p class='ocr_par' dir='ltr' id='par_1_108' title="bbox 1979 4261 3631 4335">
     <span class='ocr_line' id='line_1_109' title="bbox 1979 4261 3631 4335; baseline -0.01 -7"><span class='ocrx_word' id='word_1_851' title='bbox 1979 4279 2215 4329; x_wconf 91' lang='lat' dir='ltr'>centum</span> <span class='ocrx_word' id='word_1_852' title='bbox 2245 4268 2607 4334; x_wconf 88' lang='lat' dir='ltr'>cubitos,illa</span> <span class='ocrx_word' id='word_1_853' title='bbox 2635 4268 2873 4335; x_wconf 87' lang='lat' dir='ltr'>triginta</span> <span class='ocrx_word' id='word_1_854' title='bbox 2894 4282 2906 4319; x_wconf 89' lang='lat'><strong>:</strong></span> <span class='ocrx_word' id='word_1_855' title='bbox 2927 4264 3082 4319; x_wconf 88' lang='lat' dir='ltr'>etsic</span> <span class='ocrx_word' id='word_1_856' title='bbox 3104 4269 3211 4327; x_wconf 90' lang='lat' dir='ltr'>est,</span> <span class='ocrx_word' id='word_1_857' title='bbox 3244 4261 3631 4331; x_wconf 88' lang='lat' dir='ltr'>etimparest.</span> 
     </span>
    </p>
   </div>
   <div class='ocr_carea' id='block_1_109' title="bbox 1978 4348 3629 4432">
    <p class='ocr_par' dir='ltr' id='par_1_109' title="bbox 1978 4348 3629 4432">
     <span class='ocr_line' id='line_1_110' title="bbox 1978 4348 3629 4432; baseline -0.005 -19"><span class='ocrx_word' id='word_1_858' title='bbox 1978 4362 2197 4417; x_wconf 90' lang='lat' dir='ltr'>Videtis</span> <span class='ocrx_word' id='word_1_859' title='bbox 2226 4360 2369 4432; x_wconf 91' lang='lat' dir='ltr'>quia</span> <span class='ocrx_word' id='word_1_860' title='bbox 2399 4374 2516 4413; x_wconf 90' lang='lat' dir='ltr'>non</span> <span class='ocrx_word' id='word_1_861' title='bbox 2559 4371 2814 4427; x_wconf 89' lang='lat' dir='ltr'>semper,</span> <span class='ocrx_word' id='word_1_862' title='bbox 2861 4354 3020 4417; x_wconf 86' lang='lat' dir='ltr'>sicut,</span> <span class='ocrx_word' id='word_1_863' title='bbox 3072 4351 3150 4406; x_wconf 90' lang='lat' dir='ltr'>ad</span> <span class='ocrx_word' id='word_1_864' title='bbox 3187 4348 3539 4419; x_wconf 90' lang='lat' dir='ltr'>parilitatem</span> <span class='ocrx_word' id='word_1_865' title='bbox 3572 4351 3629 4404; x_wconf 90' lang='lat' dir='ltr'>et</span> 
     </span>
    </p>
   </div>
   <div class='ocr_carea' id='block_1_110' title="bbox 1977 4438 3632 4524">
    <p class='ocr_par' dir='ltr' id='par_1_110' title="bbox 1977 4438 3632 4524">
     <span class='ocr_line' id='line_1_111' title="bbox 1977 4438 3632 4524; baseline -0.013 -16"><span class='ocrx_word' id='word_1_866' title='bbox 1977 4450 2381 4524; x_wconf 76' lang='lat' dir='ltr'>aequalitatem</span> <span class='ocrx_word' id='word_1_867' title='bbox 2397 4446 2659 4502; x_wconf 89' lang='lat' dir='ltr'>refertur.</span> <span class='ocrx_word' id='word_1_868' title='bbox 2676 4443 2846 4500; x_wconf 85' lang='lat' dir='ltr'>Verbi</span> <span class='ocrx_word' id='word_1_869' title='bbox 2874 4439 3084 4512; x_wconf 88' lang='lat' dir='ltr'>gratia,</span> <span class='ocrx_word' id='word_1_870' title='bbox 3120 4438 3311 4492; x_wconf 91' lang='lat' dir='ltr'>videte</span> <span class='ocrx_word' id='word_1_871' title='bbox 3332 4439 3632 4524; x_wconf 87' lang='lat' dir='ltr'>quantum</span> 
     </span>
    </p>
   </div>
   <div class='ocr_carea' id='block_1_111' title="bbox 1978 4521 3625 4597">
    <p class='ocr_par' dir='ltr' id='par_1_111' title="bbox 1978 4521 3625 4597">
     <span class='ocr_line' id='line_1_112' title="bbox 1978 4521 3625 4597; baseline -0.013 -1"><span class='ocrx_word' id='word_1_872' title='bbox 1978 4521 2224 4596; x_wconf 33' lang='lat' dir='ltr'>sit‘inter</span> <span class='ocrx_word' id='word_1_873' title='bbox 2248 4537 2461 4593; x_wconf 86' lang='lat' dir='ltr'>faciem</span> <span class='ocrx_word' id='word_1_874' title='bbox 2488 4533 2768 4593; x_wconf 89' lang='lat' dir='ltr'>hominis,</span> <span class='ocrx_word' id='word_1_875' title='bbox 2802 4536 2857 4586; x_wconf 91' lang='lat' dir='ltr'>et</span> <span class='ocrx_word' id='word_1_876' title='bbox 2879 4528 3203 4597; x_wconf 88' lang='lat' dir='ltr'>imaginem</span> <span class='ocrx_word' id='word_1_877' title='bbox 3235 4525 3310 4580; x_wconf 91' lang='lat' dir='ltr'>de</span> <span class='ocrx_word' id='word_1_878' title='bbox 3339 4521 3584 4595; x_wconf 88' lang='lat' dir='ltr'>speculo</span> <span class='ocrx_word' id='word_1_879' title='bbox 3612 4538 3625 4576; x_wconf 90' lang='lat'><strong>:</strong></span> 
     </span>
    </p>
   </div>
   <div class='ocr_carea' id='block_1_112' title="bbox 1977 4611 3625 4693">
    <p class='ocr_par' dir='ltr' id='par_1_112' title="bbox 1977 4611 3625 4693">
     <span class='ocr_line' id='line_1_113' title="bbox 1977 4611 3625 4693; baseline -0.012 -7"><span class='ocrx_word' id='word_1_880' title='bbox 1977 4630 2158 4687; x_wconf 86' lang='lat' dir='ltr'>facies</span> <span class='ocrx_word' id='word_1_881' title='bbox 2193 4628 2252 4681; x_wconf 92' lang='lat' dir='ltr'>in</span> <span class='ocrx_word' id='word_1_882' title='bbox 2279 4625 2562 4693; x_wconf 88' lang='lat' dir='ltr'>imagine,</span> <span class='ocrx_word' id='word_1_883' title='bbox 2577 4620 2819 4677; x_wconf 85' lang='lat' dir='ltr'>faciesin</span> <span class='ocrx_word' id='word_1_884' title='bbox 2836 4632 3084 4689; x_wconf 89' lang='lat' dir='ltr'>corpore</span> <span class='ocrx_word' id='word_1_885' title='bbox 3102 4632 3115 4681; x_wconf 91' lang='lat'><strong>;</strong></span> <span class='ocrx_word' id='word_1_886' title='bbox 3132 4614 3406 4683; x_wconf 89' lang='lat' dir='ltr'>imagoin</span> <span class='ocrx_word' id='word_1_887' title='bbox 3425 4611 3625 4667; x_wconf 89' lang='lat' dir='ltr'>imita-</span> 
     </span>
    </p>
   </div>
   <div class='ocr_carea' id='block_1_113' title="bbox 1978 4701 3631 4786">
    <p class='ocr_par' dir='ltr' id='par_1_113' title="bbox 1978 4701 3631 4786">
     <span class='ocr_line' id='line_1_114' title="bbox 1978 4701 3631 4786; baseline -0.011 -11"><span class='ocrx_word' id='word_1_888' title='bbox 1978 4720 2155 4782; x_wconf 91' lang='lat' dir='ltr'>tione,</span> <span class='ocrx_word' id='word_1_889' title='bbox 2172 4730 2390 4786; x_wconf 91' lang='lat' dir='ltr'>corpus</span> <span class='ocrx_word' id='word_1_890' title='bbox 2403 4713 2462 4767; x_wconf 93' lang='lat' dir='ltr'>in</span> <span class='ocrx_word' id='word_1_891' title='bbox 2483 4710 2749 4766; x_wconf 90' lang='lat' dir='ltr'>veritate.</span> <span class='ocrx_word' id='word_1_892' title='bbox 2771 4712 2834 4764; x_wconf 88' lang='lat' dir='ltr'>Et</span> <span class='ocrx_word' id='word_1_893' title='bbox 2848 4706 2994 4780; x_wconf 92' lang='lat' dir='ltr'>quid</span> <span class='ocrx_word' id='word_1_894' title='bbox 3007 4704 3263 4760; x_wconf 93' lang='lat' dir='ltr'>dicimus</span> <span class='ocrx_word' id='word_1_895' title='bbox 3275 4703 3304 4757; x_wconf 80' lang='lat' dir='ltr'>‘I</span> <span class='ocrx_word' id='word_1_896' title='bbox 3318 4706 3463 4759; x_wconf 85' lang='lat' dir='ltr'>Nam</span> <span class='ocrx_word' id='word_1_897' title='bbox 3478 4701 3631 4757; x_wconf 89' lang='lat' dir='ltr'>sicut</span> 
     </span>
    </p>
   </div>
   <div class='ocr_carea' id='block_1_114' title="bbox 1975 4791 3624 4867">
    <p class='ocr_par' dir='ltr' id='par_1_114' title="bbox 1975 4791 3624 4867">
     <span class='ocr_line' id='line_1_115' title="bbox 1975 4791 3624 4867; baseline -0.012 -4"><span class='ocrx_word' id='word_1_898' title='bbox 1975 4807 2072 4863; x_wconf 91' lang='lat' dir='ltr'>hic</span> <span class='ocrx_word' id='word_1_899' title='bbox 2100 4804 2278 4867; x_wconf 92' lang='lat' dir='ltr'>oculi,</span> <span class='ocrx_word' id='word_1_900' title='bbox 2308 4803 2389 4858; x_wconf 91' lang='lat' dir='ltr'>ita</span> <span class='ocrx_word' id='word_1_901' title='bbox 2419 4808 2475 4856; x_wconf 92' lang='lat' dir='ltr'>et</span> <span class='ocrx_word' id='word_1_902' title='bbox 2505 4800 2585 4855; x_wconf 94' lang='lat' dir='ltr'>ibi</span> <span class='ocrx_word' id='word_1_903' title='bbox 2615 4816 2626 4852; x_wconf 88' lang='lat'>:</span> <span class='ocrx_word' id='word_1_904' title='bbox 2654 4797 2912 4854; x_wconf 91' lang='lat' dir='ltr'>sicuthic</span> <span class='ocrx_word' id='word_1_905' title='bbox 2930 4810 3128 4857; x_wconf 91' lang='lat' dir='ltr'>aures,</span> <span class='ocrx_word' id='word_1_906' title='bbox 3156 4793 3237 4848; x_wconf 91' lang='lat' dir='ltr'>ita</span> <span class='ocrx_word' id='word_1_907' title='bbox 3270 4795 3329 4846; x_wconf 89' lang='lat' dir='ltr'>et</span> <span class='ocrx_word' id='word_1_908' title='bbox 3350 4791 3624 4847; x_wconf 90' lang='lat' dir='ltr'>ibiaures</span> 
     </span>
    </p>
   </div>
   <div class='ocr_carea' id='block_1_115' title="bbox 1980 4879 3617 4963">
    <p class='ocr_par' dir='ltr' id='par_1_115' title="bbox 1980 4879 3617 4963">
     <span class='ocr_line' id='line_1_116' title="bbox 1980 4879 3617 4963; baseline -0.012 -11"><span class='ocrx_word' id='word_1_909' title='bbox 1980 4900 2136 4952; x_wconf 91' lang='lat' dir='ltr'>sunt.</span> <span class='ocrx_word' id='word_1_910' title='bbox 2168 4893 2380 4963; x_wconf 90' lang='lat' dir='ltr'>Dispar</span> <span class='ocrx_word' id='word_1_911' title='bbox 2408 4894 2494 4945; x_wconf 88' lang='lat' dir='ltr'>est</span> <span class='ocrx_word' id='word_1_912' title='bbox 2530 4905 2623 4945; x_wconf 90' lang='lat' dir='ltr'>res</span> <span class='ocrx_word' id='word_1_913' title='bbox 2656 4907 2669 4955; x_wconf 90' lang='lat'><strong>;</strong></span> <span class='ocrx_word' id='word_1_914' title='bbox 2704 4887 2828 4951; x_wconf 90' lang='lat' dir='ltr'>sed,</span> <span class='ocrx_word' id='word_1_915' title='bbox 2859 4885 3017 4952; x_wconf 88' lang='lat' dir='ltr'>sicut,</span> <span class='ocrx_word' id='word_1_916' title='bbox 3060 4882 3135 4938; x_wconf 91' lang='lat' dir='ltr'>ad</span> <span class='ocrx_word' id='word_1_917' title='bbox 3169 4879 3617 4936; x_wconf 91' lang='lat' dir='ltr'>similitudinem</span> 
     </span>
    </p>
   </div>
   <div class='ocr_carea' id='block_1_116' title="bbox 1976 4968 3629 5048">
    <p class='ocr_par' dir='ltr' id='par_1_116' title="bbox 1976 4968 3629 5048">
     <span class='ocr_line' id='line_1_117' title="bbox 1976 4968 3629 5048; baseline -0.013 -6"><span class='ocrx_word' id='word_1_918' title='bbox 1976 4982 2516 5041; x_wconf 87' lang='lat' dir='ltr'>dicitur.Habemus</span> <span class='ocrx_word' id='word_1_919' title='bbox 2530 4993 2669 5048; x_wconf 91' lang='lat' dir='ltr'>ergo</span> <span class='ocrx_word' id='word_1_920' title='bbox 2685 4982 2739 5033; x_wconf 91' lang='lat' dir='ltr'>et</span> <span class='ocrx_word' id='word_1_921' title='bbox 2753 4992 2862 5031; x_wconf 84' lang='lat' dir='ltr'>nos</span> <span class='ocrx_word' id='word_1_922' title='bbox 2884 4972 3213 5045; x_wconf 87' lang='lat' dir='ltr'>imaginem</span> <span class='ocrx_word' id='word_1_923' title='bbox 3237 4970 3364 5039; x_wconf 86' lang='lat' dir='ltr'>Dei;</span> <span class='ocrx_word' id='word_1_924' title='bbox 3391 4968 3492 5023; x_wconf 92' lang='lat' dir='ltr'>sed</span> <span class='ocrx_word' id='word_1_925' title='bbox 3511 4982 3629 5021; x_wconf 89' lang='lat' dir='ltr'>non</span> 
     </span>
    </p>
   </div>
   <div class='ocr_carea' id='block_1_117' title="bbox 1978 5058 3629 5145">
    <p class='ocr_par' dir='ltr' id='par_1_117' title="bbox 1978 5058 3629 5145">
     <span class='ocr_line' id='line_1_118' title="bbox 1978 5058 3629 5145; baseline -0.015 -13"><span class='ocrx_word' id='word_1_926' title='bbox 1978 5076 2139 5132; x_wconf 90' lang='lat' dir='ltr'>illam</span> <span class='ocrx_word' id='word_1_927' title='bbox 2165 5087 2350 5145; x_wconf 92' lang='lat' dir='ltr'>quam</span> <span class='ocrx_word' id='word_1_928' title='bbox 2368 5069 2544 5125; x_wconf 89' lang='lat' dir='ltr'>habet</span> <span class='ocrx_word' id='word_1_929' title='bbox 2563 5068 2735 5123; x_wconf 86' lang='lat' dir='ltr'>Filius</span> <span class='ocrx_word' id='word_1_930' title='bbox 2750 5063 3001 5137; x_wconf 73' lang='lat' dir='ltr'>aequalis</span> <span class='ocrx_word' id='word_1_931' title='bbox 3016 5060 3200 5131; x_wconf 81' lang='lat' dir='ltr'>Patri;</span> <span class='ocrx_word' id='word_1_932' title='bbox 3233 5058 3501 5114; x_wconf 89' lang='lat' dir='ltr'>tamenet</span> <span class='ocrx_word' id='word_1_933' title='bbox 3516 5070 3629 5145; x_wconf 83' lang='lat' dir='ltr'>nos</span> 
     </span>
    </p>
   </div>
   <div class='ocr_carea' id='block_1_118' title="bbox 1976 5142 3624 5237">
    <p class='ocr_par' dir='ltr' id='par_1_118' title="bbox 1976 5142 3624 5237">
     <span class='ocr_line' id='line_1_119' title="bbox 1976 5142 3624 5237; baseline -0.012 -18"><span class='ocrx_word' id='word_1_934' title='bbox 1976 5179 2087 5237; x_wconf 85' lang='lat' dir='ltr'>pro</span> <span class='ocrx_word' id='word_1_935' title='bbox 2120 5142 2364 5217; x_wconf 82' lang='lat' dir='ltr'>modulo</span> <span class='ocrx_word' id='word_1_936' title='bbox 2380 5165 2581 5213; x_wconf 90' lang='lat' dir='ltr'>nostro</span> <span class='ocrx_word' id='word_1_937' title='bbox 2596 5157 2640 5211; x_wconf 92' lang='lat' dir='ltr'>si</span> <span class='ocrx_word' id='word_1_938' title='bbox 2656 5171 2777 5211; x_wconf 93' lang='lat' dir='ltr'>non</span> <span class='ocrx_word' id='word_1_939' title='bbox 2793 5154 2945 5209; x_wconf 90' lang='lat' dir='ltr'>sicut</span> <span class='ocrx_word' id='word_1_940' title='bbox 2960 5152 3051 5207; x_wconf 89' lang='lat' dir='ltr'>ille</span> <span class='ocrx_word' id='word_1_941' title='bbox 3066 5160 3435 5211; x_wconf 83' lang='lat' dir='ltr'>essemus,ex</span> <span class='ocrx_word' id='word_1_942' title='bbox 3457 5142 3624 5237; x_wconf 86' lang='lat' dir='ltr'>nulla</span> 
     </span>
    </p>
   </div>
   <div class='ocr_carea' id='block_1_119' title="bbox 1979 5232 3632 5325">
    <p class='ocr_par' dir='ltr' id='par_1_119' title="bbox 1979 5232 3632 5325">
     <span class='ocr_line' id='line_1_120' title="bbox 1979 5232 3632 5325; baseline -0.013 -17"><span class='ocrx_word' id='word_1_943' title='bbox 1979 5232 2143 5325; x_wconf 80' lang='lat' dir='ltr'>parte</span> <span class='ocrx_word' id='word_1_944' title='bbox 2174 5248 2393 5304; x_wconf 89' lang='lat' dir='ltr'>similes</span> <span class='ocrx_word' id='word_1_945' title='bbox 2426 5246 2780 5302; x_wconf 89' lang='lat' dir='ltr'>diceremur.</span> <span class='ocrx_word' id='word_1_946' title='bbox 2816 5246 2967 5311; x_wconf 89' lang='lat' dir='ltr'>Ergo</span> <span class='ocrx_word' id='word_1_947' title='bbox 3020 5236 3308 5294; x_wconf 83' lang='lat' dir='ltr'>castiﬁcat</span> <span class='ocrx_word' id='word_1_948' title='bbox 3336 5249 3447 5290; x_wconf 90' lang='lat' dir='ltr'>nos</span> <span class='ocrx_word' id='word_1_949' title='bbox 3479 5232 3632 5325; x_wconf 80' lang='lat' dir='ltr'>sicut</span> 
     </span>
    </p>
   </div>
   <div class='ocr_carea' id='block_1_120' title="bbox 1977 5322 3629 5412">
    <p class='ocr_par' dir='ltr' id='par_1_120' title="bbox 1977 5322 3629 5412">
     <span class='ocr_line' id='line_1_121' title="bbox 1977 5322 3629 5412; baseline -0.012 -15"><span class='ocrx_word' id='word_1_950' title='bbox 1977 5322 2171 5412; x_wconf 83' lang='lat' dir='ltr'>etipse</span> <span class='ocrx_word' id='word_1_951' title='bbox 2183 5342 2383 5394; x_wconf 90' lang='lat' dir='ltr'>castus</span> <span class='ocrx_word' id='word_1_952' title='bbox 2406 5340 2525 5400; x_wconf 90' lang='lat' dir='ltr'>est;</span> <span class='ocrx_word' id='word_1_953' title='bbox 2553 5334 2658 5389; x_wconf 91' lang='lat' dir='ltr'>sed</span> <span class='ocrx_word' id='word_1_954' title='bbox 2673 5332 2765 5388; x_wconf 91' lang='lat' dir='ltr'>ille</span> <span class='ocrx_word' id='word_1_955' title='bbox 2790 5336 2986 5387; x_wconf 86' lang='lat' dir='ltr'>castus</span> <span class='ocrx_word' id='word_1_956' title='bbox 3002 5325 3463 5392; x_wconf 78' lang='lat' dir='ltr'>aeternitate,nos</span> <span class='ocrx_word' id='word_1_957' title='bbox 3477 5322 3629 5379; x_wconf 91' lang='lat' dir='ltr'>casti</span> 
     </span>
    </p>
   </div>
   <div class='ocr_carea' id='block_1_121' title="bbox 1976 5412 3627 5498">
    <p class='ocr_par' dir='ltr' id='par_1_121' title="bbox 1976 5412 3627 5498">
     <span class='ocr_line' id='line_1_122' title="bbox 1976 5412 3627 5498; baseline -0.013 -12"><span class='ocrx_word' id='word_1_958' title='bbox 1976 5430 2094 5486; x_wconf 86' lang='lat' dir='ltr'>ﬁde</span> <span class='ocrx_word' id='word_1_959' title='bbox 2127 5445 2140 5483; x_wconf 90' lang='lat'>:</span> <span class='ocrx_word' id='word_1_960' title='bbox 2170 5426 2317 5498; x_wconf 91' lang='lat' dir='ltr'>justi</span> <span class='ocrx_word' id='word_1_961' title='bbox 2348 5440 2559 5479; x_wconf 87' lang='lat' dir='ltr'>sumus</span> <span class='ocrx_word' id='word_1_962' title='bbox 2590 5422 2809 5476; x_wconf 91' lang='lat' dir='ltr'>sicutet</span> <span class='ocrx_word' id='word_1_963' title='bbox 2834 5419 2962 5490; x_wconf 90' lang='lat' dir='ltr'>ipse</span> <span class='ocrx_word' id='word_1_964' title='bbox 2990 5417 3186 5487; x_wconf 77' lang='lat' dir='ltr'>justUS</span> <span class='ocrx_word' id='word_1_965' title='bbox 3217 5417 3335 5480; x_wconf 87' lang='lat' dir='ltr'>est;</span> <span class='ocrx_word' id='word_1_966' title='bbox 3369 5412 3474 5467; x_wconf 90' lang='lat' dir='ltr'>sed</span> <span class='ocrx_word' id='word_1_967' title='bbox 3500 5413 3627 5483; x_wconf 90' lang='lat' dir='ltr'>ipse</span> 
     </span>
    </p>
   </div>
   <div class='ocr_carea' id='block_1_122' title="bbox 1976 5502 3632 5590">
    <p class='ocr_par' dir='ltr' id='par_1_122' title="bbox 1976 5502 3632 5590">
     <span class='ocr_line' id='line_1_123' title="bbox 1976 5502 3632 5590; baseline -0.01 -17"><span class='ocrx_word' id='word_1_968' title='bbox 1976 5519 2034 5575; x_wconf 91' lang='lat' dir='ltr'>in</span> <span class='ocrx_word' id='word_1_969' title='bbox 2066 5518 2201 5590; x_wconf 90' lang='lat' dir='ltr'>ipsa</span> <span class='ocrx_word' id='word_1_970' title='bbox 2228 5510 2703 5571; x_wconf 91' lang='lat' dir='ltr'>incommutabili</span> <span class='ocrx_word' id='word_1_971' title='bbox 2749 5506 3159 5580; x_wconf 90' lang='lat' dir='ltr'>perpetuitate,</span> <span class='ocrx_word' id='word_1_972' title='bbox 3192 5518 3303 5558; x_wconf 91' lang='lat' dir='ltr'>nos</span> <span class='ocrx_word' id='word_1_973' title='bbox 3333 5502 3480 5573; x_wconf 90' lang='lat' dir='ltr'>justi</span> <span class='ocrx_word' id='word_1_974' title='bbox 3508 5517 3632 5556; x_wconf 91' lang='lat' dir='ltr'>cre-</span> 
     </span>
    </p>
   </div>
   <div class='ocr_carea' id='block_1_123' title="bbox 1974 5590 3622 5674">
    <p class='ocr_par' dir='ltr' id='par_1_123' title="bbox 1974 5590 3622 5674">
     <span class='ocr_line' id='line_1_124' title="bbox 1974 5590 3622 5674; baseline -0.012 -10"><span class='ocrx_word' id='word_1_975' title='bbox 1974 5607 2173 5664; x_wconf 88' lang='lat' dir='ltr'>dendo</span> <span class='ocrx_word' id='word_1_976' title='bbox 2204 5605 2265 5659; x_wconf 93' lang='lat' dir='ltr'>in</span> <span class='ocrx_word' id='word_1_977' title='bbox 2295 5617 2476 5674; x_wconf 91' lang='lat' dir='ltr'>quem</span> <span class='ocrx_word' id='word_1_978' title='bbox 2506 5615 2627 5656; x_wconf 91' lang='lat' dir='ltr'>non</span> <span class='ocrx_word' id='word_1_979' title='bbox 2655 5598 2949 5663; x_wconf 89' lang='lat' dir='ltr'>videmus,</span> <span class='ocrx_word' id='word_1_980' title='bbox 2984 5599 3046 5651; x_wconf 88' lang='lat' dir='ltr'>ut</span> <span class='ocrx_word' id='word_1_981' title='bbox 3068 5591 3397 5665; x_wconf 88' lang='lat' dir='ltr'>aliquando</span> <span class='ocrx_word' id='word_1_982' title='bbox 3423 5590 3622 5646; x_wconf 87' lang='lat' dir='ltr'>videa-</span> 
     </span>
    </p>
   </div>
   <div class='ocr_carea' id='block_1_124' title="bbox 1973 5676 3633 5765">
    <p class='ocr_par' dir='ltr' id='par_1_124' title="bbox 1973 5676 3633 5765">
     <span class='ocr_line' id='line_1_125' title="bbox 1973 5676 3633 5765; baseline -0.013 -10"><span class='ocrx_word' id='word_1_983' title='bbox 1973 5712 2130 5755; x_wconf 89' lang='lat' dir='ltr'>mus.</span> <span class='ocrx_word' id='word_1_984' title='bbox 2150 5697 2366 5753; x_wconf 88' lang='lat' dir='ltr'>Etcum</span> <span class='ocrx_word' id='word_1_985' title='bbox 2391 5688 2651 5765; x_wconf 88' lang='lat' dir='ltr'>perfecta</span> <span class='ocrx_word' id='word_1_986' title='bbox 2670 5687 2841 5745; x_wconf 86' lang='lat' dir='ltr'>fuerit</span> <span class='ocrx_word' id='word_1_987' title='bbox 2852 5684 3086 5758; x_wconf 86' lang='lat' dir='ltr'>justitia</span> <span class='ocrx_word' id='word_1_988' title='bbox 3100 5686 3471 5747; x_wconf 86' lang='lat' dir='ltr'>nostra,cum</span> <span class='ocrx_word' id='word_1_989' title='bbox 3487 5676 3633 5735; x_wconf 86' lang='lat' dir='ltr'>facti</span> 
     </span>
    </p>
   </div>
   <div class='ocr_carea' id='block_1_125' title="bbox 2542 0 4158 27">
    <p class='ocr_par' dir='ltr' id='par_1_125' title="bbox 2542 0 4158 27">
     <span class='ocr_line' id='line_1_126' title="bbox 2542 0 4158 27; baseline -0.001 1"><span class='ocrx_word' id='word_1_990' title='bbox 2542 0 4158 27; x_wconf 45' lang='lat' dir='ltr'><em>w</em></span> 
     </span>
    </p>
   </div>
   <div class='ocr_carea' id='block_1_126' title="bbox 4138 2310 4182 5837">
    <p class='ocr_par' dir='ltr' id='par_1_126' title="bbox 4142 2824 4182 5833">
     <span class='ocr_line' id='line_1_127' title="bbox 4174 2824 4182 2903; baseline 0 0"><span class='ocrx_word' id='word_1_991' title='bbox 4174 2824 4182 2903; x_wconf 74' lang='grc' dir='ltr'><strong>ἰ</strong></span> 
     </span>
     <span class='ocr_line' id='line_1_128' title="bbox 4170 3190 4182 3417; baseline 0 0"><span class='ocrx_word' id='word_1_992' title='bbox 4170 3210 4182 3417; x_wconf 56' lang='grc' dir='ltr'>ἕ</span> 
     </span>
     <span class='ocr_line' id='line_1_129' title="bbox 4146 3596 4182 4103; baseline 0 0"><span class='ocrx_word' id='word_1_993' title='bbox 4160 3596 4182 4103; x_wconf 71' lang='lat' dir='ltr'>l</span> 
     </span>
     <span class='ocr_line' id='line_1_130' title="bbox 4164 4150 4182 4257; baseline 0 -44"><span class='ocrx_word' id='word_1_994' title='bbox 4164 4150 4182 4257; x_wconf 54' lang='grc' dir='ltr'>ξ</span> 
     </span>
     <span class='ocr_line' id='line_1_131' title="bbox 4142 4258 4182 5833; baseline 0 0"><span class='ocrx_word' id='word_1_995' title='bbox 4142 4258 4182 5833; x_wconf 56' lang='lat'>1</span> 
     </span>
     <span class='ocr_line' id='line_1_132' title="bbox 4144 5686 4153 5807; baseline 0 -16"><span class='ocrx_word' id='word_1_996' title='bbox 4144 5686 4153 5807; x_wconf 69' lang='grc' dir='ltr'><em>ἔ</em></span> 
     </span>
    </p>
   </div>
  </div>
