4164 6184
572 144 705 205 2011

566 276 828 349 aequales
852 273 1089 345 Angelis
1109 274 1434 339 fuerimus;
1464 290 1572 330 nec
1595 280 1734 330 tunc
1755 274 1834 329 illi
1864 274 2216 347 aequabitur.

568 368 802 431 Quanto
815 380 958 433 ergo
978 365 1159 420 modo
1182 364 1370 421 abillo
1385 364 1557 435 longe
1570 369 1673 431 est,
1695 365 1941 436 quando
1958 380 2064 421 nec
2080 369 2218 420 tunc

568 470 679 525 par
707 454 814 509 erit
844 454 871 509 ?
922 466 927 471 '

642 589 723 642 10.
761 586 865 653 Qui
892 587 1026 657 facit
1054 594 1351 657 peccatum,
1376 586 1437 641 de
1466 586 1673 641 diabolo
1695 594 1769 642 est
1780 589 1946 658 ;quia
1968 587 2034 643 ab
2054 588 2217 643 initio

564 675 809 731 diabolus
852 683 1052 746 peccat.
1100 678 1175 729 De
1213 675 1428 730 diabolo
1469 682 1561 741 est,
1608 678 1793 731 nostis
1831 678 1979 749 quid
2012 678 2212 743 dicat;

561 765 855 821 imitando
886 764 1376 819 diabolum.Nam
1409 765 1712 820 neminem
1746 765 1876 821 fecit
1915 765 2211 831 diabolus,

562 854 865 909 neminem
888 854 1109 924 genuit,
1133 854 1435 908 neminem
1454 855 1670 909 creavit
1689 871 1701 909 :
1720 854 1823 909 sed
1847 856 2215 928 quicumque

563 942 1009 997 fueritimitatus
1024 940 1538 1015 diabolum,quasi
1555 942 1626 998 de
1645 942 1742 999 illo
1756 944 2214 1008 natus,ﬁtﬁliius

558 1029 785 1084 diaboli
808 1030 1121 1093 imitando,
1147 1046 1266 1084 non
1291 1031 1523 1102 proprie
1547 1032 1869 1087 nascendo.
1897 1032 2213 1097 Quomodo

561 1134 623 1173 es
636 1117 791 1172 ﬁlius
808 1118 1058 1173 Abrahae
1073 1119 1099 1173 ?
1114 1120 1407 1190 numquid
1423 1119 1725 1175 Abraham
1740 1125 1792 1175 te
1807 1121 2047 1189 genuit?
2061 1122 2213 1186 Quo-

558 1207 742 1262 modo
761 1207 1061 1270 Judae,ﬁlii
1080 1207 1333 1263 Abrahae
1355 1225 1473 1263 non
1504 1210 1800 1264 imitantes
1828 1209 2007 1263 ﬁdem
2026 1209 2212 1266 Abra-

558 1296 672 1360 hae,
698 1296 831 1352 facti
861 1302 1001 1351 sunt
1024 1296 1125 1351 ﬁlii
1158 1296 1381 1352 diaboli
1410 1298 1518 1352 :de
1551 1314 1728 1353 carne
1754 1297 2058 1354 Abraham
2090 1300 2210 1355 nati

557 1390 708 1449 sunt,
736 1392 790 1439 et
811 1384 991 1440 ﬁdem
1019 1385 1263 1440 Abrahae
1289 1401 1407 1441 non
1435 1391 1574 1440 sunt
1595 1386 1824 1442 imitati.
1853 1387 1910 1441 Si
1936 1402 2078 1456 ergo
2104 1387 2209 1460 qui

556 1472 689 1527 inde
712 1474 830 1527 nati
855 1479 1011 1536 sunt,
1038 1474 1395 1529 exhteredati
1421 1479 1577 1540 sunt,
1607 1474 1749 1546 quia
1772 1491 1892 1530 non
1922 1481 2059 1531 sunt
2083 1476 2207 1531 imi~

558 1560 660 1615 tati
680 1578 693 1625 ;
715 1566 775 1617 tu
793 1563 1034 1633 quinon
1063 1562 1257 1617 deillo
1280 1568 1456 1618 natus
1472 1580 1556 1627 es,
1587 1563 1835 1619 etﬁceris
1862 1564 2208 1629 ﬁlius,etsic

555 1649 669 1703 eris
694 1649 852 1705 ﬁlius
878 1651 1185 1707 imitando.
1216 1652 1279 1706 Et
1304 1652 1349 1706 si
1380 1652 1686 1707 diabolum
1720 1653 1897 1708 fueris
1928 1653 2205 1723 imitatus,

557 1738 805 1809 quiaille
819 1740 1114 1810 superbus
1139 1740 1654 1813 exstititetimpius
1679 1742 1968 1797 adversus
1994 1744 2202 1809 Deum,

559 1828 672 1882 eris
690 1827 843 1883 ﬁlius
860 1828 1107 1893 diaboli,
1140 1830 1463 1899 imitando;
1481 1846 1602 1886 non
1624 1830 1762 1902 quia
1786 1831 2001 1887 creavit
2022 1836 2205 1897 te,aut

556 1916 761 1985 genuit
788 1922 858 1972 te.

624 2049 711 2103 11.
745 2049 812 2103 In
836 2050 931 2104 hoc
954 2050 1339 2121 manifestam
1355 2060 1433 2108 est
1458 2053 1641 2110 Filius
1660 2054 1788 2111 Dei.
1816 2054 2200 2121 Eia.fratres,

553 2152 761 2192 omnes
789 2144 1130 2208 peccatores
1143 2157 1214 2196 ex
1228 2142 1466 2199 diabolo
1493 2144 1618 2199 nati
1648 2148 1804 2209 sunt,
1822 2144 1879 2199 in
1905 2148 2201 2215 quantum

555 2231 917 2296 peccatores.
937 2228 1125 2284 Adam
1144 2245 1179 2285 a
1200 2233 1314 2286 Deo
1333 2231 1521 2287 factus
1540 2238 1653 2287 est:
1672 2232 1774 2288 sed
1793 2234 2036 2304 quando
2058 2250 2203 2290 con-

554 2315 740 2369 sensit
767 2314 1028 2381 diabolo,
1049 2333 1120 2373 ex
1137 2318 1379 2375 diabolo
1405 2326 1581 2376 natus
1610 2326 1696 2377 est
1716 2338 1732 2386 ;
1752 2327 1809 2377 et
1827 2322 1971 2377 tales
1992 2338 2202 2378 omnes

554 2405 758 2472 genuit
772 2405 966 2476 qualis
985 2415 1129 2461 erat.
1149 2409 1295 2463 Cum
1314 2408 1448 2481 ipsa
1470 2409 1950 2480 concupiscentia
1968 2412 2088 2465 nati
2108 2428 2201 2466 su-

552 2508 689 2545 mus
724 2508 737 2555 ;
767 2498 823 2547 et
854 2499 1177 2565 antequam
1207 2512 1315 2551 nos
1342 2497 1542 2553 debita
1563 2504 1767 2553 nostra
1786 2498 2199 2563 addamus,de

552 2578 653 2633 illa
669 2578 1056 2636 damnatione
1068 2584 1544 2640 nascimur.Nam
1566 2586 1612 2639 si
1632 2602 1700 2639 cu
1713 2604 1767 2640 m
1785 2587 1945 2641 nullo
1962 2592 2200 2657 peccato

552 2668 878 2736 nascimur,
904 2669 1051 2740 quid
1082 2678 1171 2726 est
1202 2673 1365 2742 quod
1396 2689 1533 2727 cum
1564 2674 1888 2729 infantibus
1912 2676 1988 2730 ad
2012 2677 2195 2747 Bapti-

550 2772 743 2811 smum
772 2758 1041 2823 curritur,
1068 2765 1127 2814 ut
1159 2760 1505 2816 solvantur?
1526 2765 1644 2832 Ego
1672 2763 1825 2817 duas
1856 2765 2195 2820 nativitates

546 2845 847 2915 attendite,
881 2846 1108 2913 fratres,
1143 2849 1336 2904 Adam
1368 2854 1423 2905 et
1458 2851 1749 2907 Christum
1782 2855 1797 2887 ¹
1836 2870 1849 2907 :
1892 2854 2013 2909 duo
2055 2860 2195 2911 sunt

544 2932 849 3004 homines;
870 2937 972 2991 sed
994 2953 1145 2992 unus
1164 2938 1431 3008 ipsorum
1450 2939 1634 2996 homo
1653 2942 1856 3008 homo,
1876 2942 2021 2998 alter
2036 2943 2193 3015 ipso-

543 3037 675 3077 rum
691 3023 873 3079 homo
889 3026 1184 3084 Deus.Per
1202 3029 1504 3084 hominem
1519 3030 2193 3103 hominem,peccatores

548 3128 679 3167 sum
692 3129 760 3167 us
778 3130 791 3168 :
808 3130 910 3185 per
925 3114 1233 3173 hominem
1250 3117 1457 3185 Deum,
1469 3120 1488 3188 j
1501 3120 1888 3176 ustiﬁcamur.
1910 3122 2193 3179 Nativitas

548 3200 648 3257 illa
666 3202 965 3273 dejecitad
986 3211 1237 3261 mortem
1254 3225 1267 3273 ;
1286 3206 1399 3263 ista
1411 3208 1689 3265 nativitas
1704 3210 1977 3266 erexitad
1989 3212 2188 3268 vitam:

545 3292 821 3347 nativitas
853 3292 953 3349 illa
974 3295 1152 3349 trahit
1175 3312 1379 3351 secum
1404 3304 1754 3368 peccatum;
1783 3300 2056 3356 nativitas
2080 3301 2193 3357 ista

541 3379 801 3437 liberata
819 3388 1084 3454 peccato.
1109 3384 1247 3440 Ideo
1267 3386 1425 3440 enim
1448 3388 1603 3441 venit
1621 3388 1882 3443 Christus
1904 3389 2108 3454 homo,
2128 3395 2192 3445 ut

543 3469 797 3527 solveret
828 3478 1074 3542 peccata
1104 3473 1443 3529 hominum.
1478 3475 1546 3529 In
1576 3477 1669 3531 hoc
1701 3477 2086 3547 mani/estatus
2114 3488 2189 3536 est

534 3556 718 3614 Filius
758 3561 886 3628 Dei,
927 3569 985 3616 ut
1011 3564 1190 3617 solvat
1229 3580 1397 3633 opera
1425 3564 1650 3621 diaboli.

613 3705 920 3759 l2.Caetera
942 3707 1295 3761 commendo
1308 3706 1591 3763 Charitati
1612 3714 1924 3776 vestramne
1942 3727 2045 3768 vos
2057 3728 2189 3783 gra-

536 3804 689 3843 vem.
713 3791 850 3860 Ipsa
871 3793 1029 3847 enim
1048 3796 1301 3864 quaestio
1322 3798 1631 3868 est,inqua
1652 3798 1937 3857 solvenda
1957 3801 2187 3860 labora-

540 3879 844 3948 mus,quia
868 3886 1205 3949 peccatores
1222 3898 1332 3938 nos
1351 3885 1635 3941 dicimus:
1660 3888 1707 3942 si
1726 3890 1885 3945 enim
1902 3892 2005 3962 qui
2026 3893 2186 3947 dixe-

532 3964 607 4017 rit
640 3981 700 4019 se
732 3980 858 4020 esse
894 3967 1020 4023 sine
1062 3977 1325 4039 peccato,
1362 3974 1621 4030 mendax
1659 3982 1764 4032 est.
1800 3980 1861 4033 Et
1894 3979 1954 4033 in
1994 3980 2185 4051 ipsius

537 4052 798 4123 Epistola
815 4055 1060 4111 Joannis
1086 4059 1445 4125 invenimus,
1467 4062 1838 4120 Sidixerimus
1863 4068 1990 4138 quia
2002 4086 2184 4140 pecca-

535 4149 647 4198 tum
661 4159 767 4197 non
788 4145 1055 4212 habemus,
1074 4163 1165 4201 nos
1182 4148 1326 4218 ipsos
1341 4152 1657 4207 seducimus.
1677 4156 2006 4214 Meminisse
2023 4160 2182 4215 enim

536 4232 763 4288 debetis
808 4235 1069 4306 priorum
1103 4255 1115 4293 :
1150 4237 1211 4293 Si
1239 4238 1545 4295 dixerimus
1591 4243 1720 4312 quia
1759 4252 2031 4315 peccatum
2080 4266 2185 4304 non

538 4322 809 4391 habemus,
830 4340 923 4379 nos
948 4326 1087 4396 ipsos
1104 4326 1423 4395 seducimus,
1440 4338 1489 4385 et
1512 4334 1713 4386 veritas
1739 4333 1795 4387 in
1819 4334 1972 4389 nobis
1993 4344 2181 4393 nonest

534 4411 577 4479 (l
596 4410 754 4465 Joan.
788 4428 823 4475 ι,
840 4414 917 4484 8).
941 4416 1003 4468 Et
1024 4430 1231 4471 rursus
1250 4418 1309 4473 in
1328 4421 1841 4492 consequentibus
1866 4424 2061 4491 audis,
2078 4429 2185 4492 Qui

530 4507 690 4554 natus
720 4507 796 4556 est
827 4518 893 4555 ea:
921 4505 1050 4568 Deo,
1077 4521 1183 4559 non
1208 4515 1388 4576 peccat
1416 4527 1431 4563 :
1463 4509 1571 4574 Qui
1590 4510 1732 4579 facit
1752 4519 2041 4581 peccatum,
2076 4532 2183 4571 non

532 4589 668 4643 vidit
698 4605 836 4655 eum,
862 4609 1024 4662 neque
1052 4598 1295 4665 cognovit
1318 4613 1434 4652 eum
1457 4619 1476 4655 :
1507 4599 1694 4655 Omnis
1714 4602 1809 4672 qui
1828 4602 1963 4673 facit
1999 4620 2184 4675 pecca—

534 4683 669 4744 tum,
709 4678 770 4730 de
792 4680 1010 4738 diabolo
1038 4690 1134 4739 est.
1169 4686 1249 4739 Ex
1284 4688 1399 4742 Deo
1432 4704 1552 4743 non
1592 4696 1681 4744 est
1707 4697 2039 4761 peccatum.
2072 4696 2178 4749 lte-

529 4780 665 4819 rum
706 4772 878 4821 terret
921 4786 1051 4825 nos.
1096 4772 1412 4837 Quomodo
1451 4777 1569 4832 nati
1599 4794 1807 4833 sumus
1848 4796 1917 4836 ex
1952 4780 2091 4847 Deo,
2128 4788 2182 4838 et

527 4854 837 4926 quomodo
850 4872 961 4911 nos
976 4857 1153 4914 intem
1164 4869 1579 4933 urpeccatores
1593 4867 1710 4921 PAn
1724 4867 1938 4923 dicturi
1952 4886 2180 4936 sumus,

528 4942 673 5014 quia
698 4942 770 4997 de
805 4946 920 4999 Deo
949 4948 1069 5002 nati
1102 4963 1221 5003 non
1252 4967 1461 5006 sumus
1492 4953 1518 5005 ‘I
1554 4958 1613 5008 Et
1642 4955 1783 5025 quid
1814 4956 2036 5013 faciunt
2068 4960 2181 5017 ista

530 5034 912 5090 Sacramenta
947 5037 1004 5090 in
1032 5036 1364 5093 infantibus
1381 5041 1408 5094 ?
1422 5042 1574 5107 Quid
1597 5043 1743 5099 dixit
1761 5046 2022 5102 Joannes
2036 5046 2063 5101 Ὺ
2077 5048 2181 5113 Qui

524 5128 685 5177 natus
722 5130 796 5177 est
835 5141 910 5178 ea:
952 5126 1079 5187 Deo,
1108 5143 1213 5182 non
1248 5137 1449 5199 peccat.
1487 5134 1615 5202 Ipse
1654 5134 1922 5191 Joannes
1958 5136 2177 5196 iterum

528 5212 694 5278 dixit,
710 5213 770 5268 Si
792 5214 1097 5271 dixerimus
1112 5218 1239 5288 quia
1256 5228 1527 5289 peccatum
1544 5239 1648 5277 non
1668 5224 1933 5293 habemus,
1952 5236 2176 5284 nosmet-

529 5300 667 5370 ipsos
708 5303 1025 5373 seducimus,
1065 5314 1116 5363 et
1158 5309 1359 5365 veritas
1398 5311 1458 5365 in
1500 5312 1649 5366 nobis
1689 5330 1791 5368 non
1828 5321 1926 5371 est.
1969 5319 2178 5386 Magna

527 5392 775 5458 quaestio
789 5398 877 5450 est
898 5400 1227 5466 etangusta
1244 5415 1257 5465 ;
1274 5405 1329 5456 et
1348 5400 1421 5456 ad
1448 5403 1603 5458 hanc
1626 5403 2180 5464 solvendaminten-

590 5588 782 5676 ΕΔΗ-μς...
809 5596 1061 5676 'Aldgmet
1078 5599 1288 5651 Christi.
1317 5604 1384 5654 At
1411 5606 1528 5655 Am.
1560 5607 1692 5658 Bad.
1733 5612 1784 5659 et
1810 5609 1936 5665 Mss.
1964 5610 2180 5676 habent,

532 5651 705 5704 Adam
728 5659 773 5702 et
807 5656 1086 5710 christum.

1343 149 1414 203 IN
1454 148 1855 205 EPISTOLAM
1894 148 2186 206 JOANNIS
2225 150 2322 207 AD
2358 150 2710 221 PARTHOS,
2749 150 2810 207 8.
2849 149 3231 207 AUGUSTINI

3783 158 3892 215 Ἃ)ὶὲ

2328 278 2449 331 tam
2462 275 2703 331 fecerim
2718 275 3075 332 Charitatem
3099 278 3374 332 vestram.
3388 279 3451 333 In
3473 279 3695 336 nomine
3708 280 3897 340 Domini

2326 380 2459 421 eras
2478 365 2644 437 quod
2666 366 2800 421 inde
2830 365 3077 434 dederit,
3109 364 3483 422 disseremus.

2894 491 3299 548 TRACTATUS
3331 491 3399 548 V.

2324 614 2392 669 In
2415 614 2473 669 id
2491 616 2629 687 quod
2647 617 2912 689 sequitur,
2944 616 3148 672 Omnis
3165 616 3268 687 qui
3286 622 3458 671 natus
3481 621 3564 673 est
3587 633 3653 673 ex
3675 620 3793 684 Deo,
3811 635 3905 676 non

2393 704 2531 761 facit
2555 710 2898 777 peccatum,-
2921 722 3083 777 usque
3099 706 3169 760 ad
3193 706 3270 772 id,
3301 709 3421 762 Non
3443 706 3742 777 diligamus
3760 712 3905 765 verbo

2396 799 2625 850 tantum
2652 800 2708 851 et
2737 795 2968 866 lingua,
2999 794 3107 851 sed
3138 810 3317 867 opere
3341 800 3397 852 et
3424 797 3680 853 veritate.
3709 797 3817 869 Cap.
3839 813 3903 864 ιιι,

2391 882 2453 942 it.
2475 886 2622 939 9-18.

2397 1008 2447 1058 1.
2488 1004 2714 1059 Intente
2744 1003 2968 1070 audite,
2998 1004 3248 1060 obsecro
3274 1018 3403 1069 vos,
3429 1003 3571 1075 quia
3598 1020 3685 1062 res
3708 1021 3810 1062 non
3829 1009 3891 1063 mi

2319 1092 2485 1148 nima
2500 1098 2769 1149 versatur
2788 1094 2846 1148 in
2861 1093 3088 1148 medio:
3107 1097 3162 1148 et
3182 1107 3301 1149 non
3315 1093 3524 1149 dubito
3535 1094 3673 1166 quia
3683 1095 3908 1151 hesterno

2318 1181 2413 1235 die
2436 1181 2711 1237 adfuistis
2733 1183 2976 1248 intente,
3002 1182 3165 1254 quod
3185 1186 3243 1236 et
3264 1182 3438 1237 hodie
3459 1182 3726 1238 intentius
3743 1200 3911 1240 conve-

2318 1272 2512 1325 nistis.
2538 1274 2635 1327 Est
2660 1272 2819 1327 enim
2839 1288 2957 1326 non
2979 1286 3165 1341 parva
3188 1270 3461 1343 quaestio,
3480 1272 3769 1343 quomodo
3790 1275 3910 1329 dicat

2318 1358 2377 1414 in
2407 1359 2520 1415 ista
2570 1360 2851 1431 Epistola,
2882 1360 2989 1426 Qui
3039 1365 3201 1415 natus
3248 1367 3322 1415 est
3350 1377 3417 1414 ea:
3452 1360 3575 1426 Deo,
3608 1377 3708 1416 non
3727 1369 3873 1432 peccat
3895 1378 3911 1417 ,ο

2316 1452 2372 1502 et
2415 1447 2724 1519 quomodo
2755 1449 2814 1503 in
2851 1448 3063 1504 eadem
3108 1448 3360 1520 Epistola
3390 1449 3657 1520 superius
3684 1450 3827 1517 dixit,
3860 1452 3914 1505 Si

2314 1535 2619 1592 dixerimus
2648 1538 2775 1608 quia
2803 1544 3072 1608 peccatum
3098 1553 3201 1592 non
3234 1538 3501 1602 habemus,
3533 1554 3622 1592 nos
3648 1539 3774 1609 ipsos
3794 1538 3913 1594 sedu-

2313 1628 2499 1691 cimus,
2533 1633 2582 1680 et
2610 1627 2817 1682 veritas
2847 1628 2906 1680 in
2947 1626 3097 1681 nobis
3144 1644 3249 1681 non
3280 1634 3355 1681 est
3385 1629 3432 1696 (Ι
3461 1627 3616 1682 Ιοαη.
3639 1629 3762 1696 ι,8).
3789 1626 3912 1693 Quid

2313 1714 2575 1771 facturus
2594 1722 2873 1788 estquem
2895 1720 3143 1788 uterque
3157 1732 3356 1771 sermo
3378 1732 3450 1772 ex
3468 1716 3673 1773 eadem
3698 1716 3913 1788 Epistola

2311 1804 2372 1859 in
2396 1804 2594 1859 medio
2616 1806 2939 1861 coarctavit
2960 1806 2991 1859 ’ἲ
3011 1806 3066 1861 Si
3090 1821 3150 1860 se
3168 1804 3478 1861 confessus
3500 1805 3663 1860 fuerit
3684 1810 3910 1877 peccato-

2313 1908 2457 1959 rem,
2492 1894 2654 1948 timet
2685 1910 2759 1948 ne
2789 1894 3022 1951 dicatur
3047 1894 3148 1959 illi,
3182 1898 3309 1950 Non
3350 1909 3494 1964 ergo
3533 1910 3601 1949 ex
3635 1894 3744 1949 Deo
3770 1898 3911 1949 natus

2308 1997 2371 2037 es
2396 2000 2415 2049 ;
2439 1983 2583 2055 quia
2607 1984 2895 2055 scriptum
2925 1988 3033 2049 est,
3069 1984 3174 2048 Qui
3202 1990 3365 2039 natus
3393 1990 3467 2039 est
3496 2001 3560 2039 ea:
3587 1985 3697 2047 Deo,
3717 2000 3807 2038 non
3823 1999 3908 2054 pec-

2306 2079 2411 2127 cat.
2434 2070 2495 2125 Si
2521 2079 2720 2127 autem
2743 2072 2955 2128 dixerit
2977 2089 3037 2128 se
3064 2074 3320 2143 justum,
3345 2078 3405 2129 et
3429 2089 3547 2129 non
3569 2072 3770 2128 habere
3802 2087 3912 2143 pec-

2309 2166 2532 2225 catum,
2548 2161 2763 2233 accipit
2776 2178 2847 2217 ex
2864 2162 2979 2218 alia
2998 2167 3163 2232 parte
3184 2162 3432 2233 plagam
3450 2178 3519 2217 ex
3533 2163 3664 2232 ipsa
3684 2160 3907 2231 Epistola,

2307 2249 2368 2304 Si
2403 2249 2718 2305 dixerimus
2752 2250 2881 2320 quia
2928 2257 3197 2320 peccatum
3228 2267 3339 2307 non
3380 2251 3651 2314 habemus,
3688 2266 3769 2305 nos
3802 2250 3910 2319 ipsos

2306 2338 2629 2403 seducimus,
2658 2346 2708 2394 et
2737 2340 2939 2394 veritas
2987 2340 3045 2393 in
3079 2339 3228 2394 nobis
3270 2356 3379 2393 non
3413 2346 3513 2395 est.
3568 2339 3775 2394 Positus
3800 2352 3908 2405 ergo

2306 2427 2491 2483 homo
2522 2428 2581 2483 in
2610 2428 2828 2493 medio,
2853 2428 2998 2500 quid
3020 2428 3198 2493 dicat,
3222 2434 3275 2484 et
3297 2430 3451 2500 quid
3475 2427 3814 2491 conﬁteatur,
3832 2430 3909 2481 aut

2309 2516 2455 2587 quid
2483 2517 2850 2586 proﬁteatur,
2886 2533 3004 2573 non
3034 2518 3278 2572 invenit.
3310 2517 3571 2573 Proﬁteri
3602 2532 3660 2572 se
3677 2532 3791 2572 esse
3812 2515 3908 2569 sine

2309 2610 2574 2675 peccato,
2617 2606 3020 2676 periculosum
3057 2612 3146 2662 est
3170 2623 3185 2671 ;
3208 2612 3263 2660 et
3293 2622 3421 2661 non
3455 2606 3643 2662 solum
3672 2602 3910 2677 periculo-

2309 2709 2466 2759 sum,
2488 2694 2591 2748 sed
2614 2695 2790 2749 etiam
2816 2695 3201 2751 mendosum:
3218 2697 3332 2750 Nos
3348 2695 3511 2766 ipsos,
3537 2695 3732 2766 inquit,
3748 2692 3908 2748 seduci-

2306 2790 2493 2847 mus,et
2507 2783 2706 2839 veritas
2720 2785 2777 2839 in
2790 2785 2940 2839 nobis
2952 2801 3056 2839 non
3068 2784 3547 2853 est,sidia:erimus
3557 2785 3679 2856 quia
3684 2789 3906 2855 peccatum

2305 2889 2409 2927 non
2440 2872 2717 2928 habemus.
2752 2873 2869 2929 Sed
2902 2875 3129 2930 utinam
3165 2889 3285 2929 non
3307 2874 3586 2937 haberes,
3614 2878 3665 2928 et
3684 2867 3904 2927 diceres!

2304 2976 2511 3017 verum
2526 2963 2685 3017 enim
2704 2962 2952 3029 diceres,
2968 2979 3075 3017 nec
3091 2964 3146 3017 in
3167 2962 3415 3018 veritate
3432 2961 3745 3033 promenda
3757 2958 3905 3014 ullum

2302 3051 2632 3123 iniquitatis
2658 3052 2747 3107 vel
2771 3052 3082 3121 vestigium
3106 3051 3491 3107 formidares.
3519 3051 3626 3108 Sed
3647 3050 3766 3105 ideo
3786 3046 3907 3102 male

2302 3138 2448 3194 facis
2478 3140 2527 3194 si
2553 3140 2702 3195 dicis
2731 3140 2874 3212 quia
2890 3140 3270 3196 mendacium
3295 3139 3449 3194 dicis
3470 3157 3481 3194 :
3506 3135 3906 3209 Veritas,inquit,

2302 3230 2360 3282 in
2392 3229 2539 3283 nobis
2567 3246 2673 3284 non
2692 3237 2789 3297 est,
2822 3246 2874 3284 se
2897 3229 3201 3284 dixerimus
3220 3230 3351 3300 quia
3367 3236 3645 3300 peccatum
3670 3243 3761 3282 non
3783 3223 3907 3279 habe-

2299 3334 2435 3372 mus.
2462 3322 2585 3373 Non
2617 3320 2714 3382 ait,
2742 3318 2871 3374 Non
2894 3319 3219 3375 habuimus
3244 3335 3258 3385 ;
3284 3334 3356 3375 ne
3386 3320 3539 3375 forte
3565 3318 3635 3374 de
3662 3313 3910 3389 praeterita

2303 3406 2417 3461 vita
2446 3406 2675 3462 dictum
2705 3407 3019 3462 videretur.
3055 3408 3271 3463 Habuit
3300 3409 3469 3463 enim
3502 3410 3730 3479 peccata
3760 3405 3906 3459 homo

2301 3492 2410 3549 iste
2436 3494 2572 3559 ;sed
2594 3511 2666 3549 ex
2688 3511 2813 3567 quo
2827 3500 3002 3550 natus
3015 3501 3101 3551 est
3117 3511 3189 3552 ex
3213 3495 3351 3563 Deo,
3374 3497 3563 3568 cmpit
3584 3510 3696 3550 non
3710 3492 3907 3549 habere.

2301 3584 2355 3640 Si
2378 3584 2458 3639 ita
2472 3590 2645 3649 esset,
2662 3584 2825 3639 nulla
2840 3599 2948 3641 nos
2964 3590 3309 3654 angustaret
3322 3585 3606 3655 quaestio.
3620 3584 3908 3638 Diceremus

2299 3672 2454 3727 enim
2486 3689 2498 3727 :
2535 3672 2776 3728 Fuimus
2799 3680 3158 3745 peccatores,
3191 3674 3297 3729 sed
3332 3674 3523 3729 modo
3540 3669 3811 3745 justiﬁcati
3836 3681 3908 3720 su-

2298 3776 2463 3826 mus;
2491 3761 2812 3817 habuimus
2823 3762 3269 3835 peccatum,sed
3294 3763 3480 3817 modo
3497 3777 3613 3817 non
3633 3759 3906 3815 habemus.

2294 3852 2421 3904 Non
2453 3850 2564 3906 hoc
2596 3850 2681 3906 ait
2708 3865 2719 3905 :
2751 3852 2856 3907 sed
2890 3851 3034 3922 quid
3061 3850 3256 3907 ait?Si
3284 3850 3594 3905 diter-imus
3630 3848 3747 3920 quia
3765 3857 3907 3917 pecca-

2295 3943 2406 3993 tum
2434 3955 2542 3993 non
2579 3939 2847 4007 habemus,
2886 3958 2981 3995 nos
3019 3942 3160 4012 ipsos
3198 3940 3537 4003 seducimus,
3572 3944 3620 3993 et
3659 3935 3832 3991 veritas
3862 3931 3907 3985 in

2292 4027 2441 4083 nobis
2464 4044 2569 4083 non
2600 4036 2693 4084 est.
2730 4032 2865 4085 Post
2896 4030 3271 4100 aliquantum
3304 4045 3535 4084 rursus.
3566 4027 3667 4093 Qui
3690 4023 3905 4079 natusest

2294 4133 2367 4171 ea:
2387 4118 2510 4180 Deo.
2532 4120 3065 4190 inquit,nonpeccat.
3086 4118 3389 4191 Numquid
3409 4116 3795 4185 Joannesipse
3808 4123 3902 4165 non

2294 4212 2419 4263 erat
2433 4215 2608 4263 natus
2622 4224 2693 4263 ex
2711 4212 2823 4263 Deo
2838 4208 2865 4263 ‘i
2885 4209 2941 4265 Si
2960 4210 3222 4265 Joannes
3245 4224 3368 4264 non
3386 4213 3512 4263 erat
3527 4212 3695 4261 natus
3711 4218 3773 4257 ex
3790 4202 3902 4260 Deo,

2294 4296 2368 4350 de
2389 4313 2509 4368 quo
2527 4297 2778 4353 audistis
2800 4298 2942 4370 quia
2964 4314 3147 4369 supra
3162 4302 3372 4370 pectus
3392 4296 3627 4353 Domini
3647 4289 3904 4348 recumbe-

2293 4386 2424 4453 bat;
2459 4386 2678 4458 aliquis
2709 4387 2820 4442 sibi
2851 4388 3036 4443 audet
3064 4386 3410 4459 promittere
3443 4380 3905 4455 regenerationem

2295 4473 2513 4530 factam
2528 4476 2581 4529 in
2598 4491 2679 4540 se,
2694 4492 2881 4547 quam
2894 4476 2988 4532 ille
3010 4476 3231 4532 habere
3250 4491 3371 4530 non
3387 4473 3619 4537 meruit,
3637 4469 3730 4542 qui
3758 4478 3905 4534 super

2294 4568 2499 4633 pectus
2522 4563 2754 4620 Domini
2784 4565 3131 4621 recumbere
3160 4564 3417 4620 meruit?
3439 4565 3624 4629 Quem
3658 4555 3902 4613 Dominus

2293 4652 2423 4723 plus
2440 4669 2627 4724 quam
2641 4659 2885 4709 caeteros
2898 4648 3813 4725 diligebat(Joan.x1u,23),ipsum
3827 4656 3901 4697 so-

2288 4740 2414 4796 lum
2446 4742 2520 4797 de
2544 4743 2762 4813 Spiritu
2796 4759 2918 4798 non
2946 4742 3284 4814 genuerat?

2362 4870 2410 4920 2.
2430 4867 2719 4923 Attendite
2746 4883 2907 4923 nunc
2930 4868 3111 4924 verba
3128 4869 3269 4924 ista:
3291 4868 3491 4924 adhuc
3513 4862 3805 4938 angustias
3821 4870 3904 4912 no-

2290 4960 2443 5011 stras
2473 4957 2856 5022 commendo,
2884 4963 2945 5012 ut
2965 4973 3071 5029 per
3095 4958 3478 5013 intentionem
3507 4958 3901 5019 vestram,qum

2288 5045 2479 5100 oratio
2503 5050 2593 5099 est
2622 5051 2677 5101 et
2706 5062 2813 5117 pro
2844 5046 3020 5101 nobis
3038 5053 3093 5100 et
3117 5062 3223 5116 pro
3250 5046 3441 5111 vobis,
3466 5046 3667 5101 dilatet
3693 5035 3903 5099 Deus,el

2287 5134 2385 5189 det
2414 5134 2635 5189 exitum
2659 5151 2672 5198 ;
2697 5150 2769 5189 ne
2800 5133 3016 5207 aliquis
3039 5138 3099 5190 in
3126 5135 3311 5191 verbo
3328 5135 3459 5205 ejus
3487 5133 3741 5189 inveniat
3758 5136 3902 5182 occa-

2288 5222 2516 5278 sionem
2542 5224 2887 5294 perditionis
2905 5240 3049 5289 suae,
3074 5224 3238 5295 quod
3254 5223 3511 5299 verbum
3539 5235 3655 5277 non
3673 5222 3754 5274 est
3778 5225 3901 5285 prm-

2284 5312 2547 5366 dicatum
2571 5317 2627 5367 et
2648 5313 3076 5384 conscriptum,
3103 5313 3309 5369 nisiad
3335 5312 3687 5367 medicinam
3703 5312 3754 5361 et
3769 5301 3897 5356 salu-

2286 5404 2427 5455 tem.
2459 5402 2656 5465 Omnis,
2682 5401 2886 5473 inquit,
2912 5404 3009 5473 qui
3038 5404 3174 5474 facit
3202 5407 3489 5472 peccatum,
3509 5407 3556 5454 et
3584 5396 3893 5467 iniquitatem

2282 5490 2436 5559 facit.
2471 5492 2548 5545 Ne
2581 5490 2729 5546 forte
2763 5490 3103 5547 discernas:
3137 5492 3411 5548 Peccatum
3440 5487 3694 5559 iniquitas
3715 5486 3800 5537 est.
3831 5474 3894 5529 Ne

2288 5578 2478 5645 dicas,
2516 5582 2789 5635 Peccator
2817 5595 2974 5649 sum,
3001 5580 3107 5635 sed
3140 5580 3379 5653 iniquus
3411 5592 3532 5633 non
3587 5587 3715 5629 sum
3740 5586 3752 5623 :
3782 5566 3888 5621 Peo-

2289 5668 2856 5742 catuminiquitasest.
2888 5670 2965 5726 Et
2983 5670 3135 5727 scitis
3176 5671 3304 5743 quia
3330 5672 3384 5724 in
3415 5665 3515 5723 hoc
3556 5664 3644 5719 ille
3678 5654 3898 5725 manifu‘
