4182 6198
325 186 471 246 2013

322 317 471 367 tatus
494 317 591 377 est,
621 318 683 367 ut
696 316 913 382 peccata
937 311 1197 381 auferat;
1209 317 1257 365 et
1274 317 1542 381 peccatum
1565 312 1624 366 in
1639 310 1735 366 illo
1766 320 1976 368 nonest.

321 401 391 455 Et
406 400 555 472 quid
579 401 818 472 prodest
844 400 1017 454 nobis
1043 399 1189 471 quia
1209 399 1372 455 venit
1393 401 1519 455 sine
1539 404 1787 472 peccato
1810 402 1837 458 i’
1853 406 1980 461 0m-

322 490 411 544 nis
439 490 571 562 quid
591 504 696 545 non
714 490 987 561 peccat,in
1018 489 1135 559 ipso
1156 497 1367 546 manet:
1393 506 1444 545 es
1472 490 1643 545 omnis
1672 491 1973 563 quipeccat,

320 596 430 634 non
461 579 607 634 vidit
637 596 776 644 eum,
806 594 971 650 neque
995 580 1236 649 cognovit
1270 596 1406 634 eum.
1442 580 1660 646 Filioli,
1710 598 1859 636 nemo
1890 596 1977 635 vos

318 669 556 724 seducat.
575 670 683 734 Qui
705 669 837 738 facit
852 669 1151 739 justitiam,
1177 670 1360 739 justus
1382 676 1480 740 est,
1503 672 1647 726 sicut
1673 673 1724 725 et
1751 671 1845 725 ille
1851 672 1976 741 jus-

328 764 413 812 tus
440 766 535 814 est.
576 760 707 814 Jam
749 759 863 813 ista
907 757 1185 823 diximus,
1237 759 1380 829 quia
1435 760 1582 815 sicut
1638 760 1972 815 secundum

318 848 653 919 quamdam
684 847 1154 917 similitudinem,
1193 862 1313 904 non
1364 848 1696 905 secundum
1730 849 1971 921 aequali-

322 941 525 1001 tatem,
555 937 674 992 dici
705 937 869 992 solet.
902 937 1011 1002 Qui
1027 938 1168 1008 facit
1194 943 1486 1009 peccatum,
1512 939 1574 993 de
1601 938 1811 994 diabolo
1845 946 1919 994 est
1949 961 1972 1010 ,-

320 1025 451 1095 quia
478 1026 544 1081 ab
574 1026 738 1081 initio
762 1026 1009 1082 diabolus
1032 1033 1232 1095 peccat.
1272 1030 1333 1082 Et
1362 1027 1473 1081 hoc
1508 1026 1795 1094 diximus,
1823 1029 1971 1099 quia

319 1115 624 1170 neminem
641 1115 865 1170 creavit
889 1115 1187 1180 diabolus,
1210 1131 1403 1188 neque
1434 1116 1636 1185 genuit
1664 1134 1678 1181 ;
1708 1114 1813 1171 sed
1836 1117 1968 1172 imi-

320 1206 537 1259 tatores
568 1205 1003 1276 ejustanquam
1037 1221 1108 1260 ex
1128 1204 1227 1260 illo
1253 1210 1599 1260 nascuntur.
1629 1206 1696 1260 In
1738 1206 1829 1261 hoc
1854 1223 1967 1261 ma~

314 1290 604 1361 ni/estatus
625 1300 699 1347 est
719 1292 905 1348 Filius
937 1294 1056 1359 Dei,
1089 1302 1146 1349 ut
1165 1294 1309 1349 salva
1333 1311 1494 1365 opera
1518 1294 1746 1349 diabolit
1778 1294 1962 1364 (Joan.

313 1395 396 1450 ιιι,
420 1382 560 1451 4ο8).
594 1382 745 1451 Ergo
768 1388 829 1437 ut
859 1383 1055 1439 solvat
1086 1389 1329 1454 peccata
1358 1386 1374 1419 ¹
1396 1383 1489 1439 ille
1517 1385 1619 1456 qui
1643 1400 1763 1439 non
1784 1384 1966 1440 habet

312 1476 649 1540 peccatum.
677 1471 900 1526 Deinde
937 1474 1203 1543 sequitur
1233 1488 1245 1527 :
1271 1474 1458 1528 Omnis
1475 1474 1570 1544 qui
1596 1479 1755 1528 natus
1792 1481 1867 1530 est
1897 1491 1965 1529 ea:

313 1558 444 1623 Deo,
476 1575 584 1614 non
596 1559 733 1629 facit
749 1568 1044 1630 peccatum.
1074 1562 1203 1632 quia
1216 1578 1387 1617 semen
1402 1563 1515 1633 ejus
1536 1563 1596 1617 in
1618 1564 1733 1633 ipso
1752 1571 1961 1627 manet;

307 1656 358 1703 et
388 1665 497 1703 non
521 1656 687 1719 potest
710 1665 951 1720 peccare,
979 1651 1109 1722 quia
1136 1668 1200 1705 eae
1226 1651 1333 1706 Deo
1364 1659 1525 1706 natus
1569 1657 1667 1706 est.
1722 1653 1962 1708 Fortiter

306 1737 627 1794 instrinxit.
656 1740 942 1796 Fortassis
967 1740 1299 1796 secundum
1314 1741 1622 1812 quoddam
1649 1746 1959 1811 peccatum

305 1826 475 1891 dixit,
519 1845 622 1882 non
644 1835 841 1898 peccat,
865 1844 986 1884 non
1019 1829 1352 1885 secundum
1388 1846 1567 1887 omne
1598 1836 1911 1901 peccatum
1942 1847 1953 1887 :

305 1921 370 1971 ut
391 1918 556 1987 quod
588 1918 688 1981 ait,
720 1917 825 1982 Qui
841 1925 1000 1973 natus
1014 1925 1097 1974 est
1127 1935 1194 1974 ea:
1209 1920 1334 1983 Deo,
1369 1937 1470 1974 non
1497 1928 1707 1990 peccat,
1728 1924 1956 1975 certum

302 2006 618 2076 quoddam
653 2013 963 2078 peccatum
1000 2007 1316 2078 intelligas,
1380 2010 1545 2080 quod
1596 2026 1717 2066 non
1765 2014 1955 2081 potest

302 2094 618 2152 admittere
642 2095 824 2152 homo
842 2097 945 2169 qui
977 2114 1047 2154 ex
1081 2100 1201 2154 Deo
1233 2102 1408 2154 natus
1436 2104 1523 2154 est
1550 2115 1563 2153 :
1593 2105 1650 2155 et
1683 2099 1801 2154 tale
1822 2115 1956 2170 pec-

305 2188 501 2237 catum
544 2190 630 2237 est
660 2183 826 2251 illud,
865 2189 997 2240 utsi
1032 2187 1361 2259 quisquam
1418 2186 1562 2242 illud
1622 2188 1949 2254 admiserit,

300 2272 611 2327 conﬁrmet
636 2280 848 2329 caetera
868 2292 885 2338 ;
907 2274 955 2330 si
980 2275 1116 2347 quis
1138 2280 1339 2331 autem
1357 2276 1601 2333 hocnon
1624 2276 1949 2344 admiserit,

300 2358 497 2415 solvat
527 2367 764 2418 caetera.
793 2363 961 2427 Quod
1029 2369 1116 2418 est
1154 2363 1269 2419 hoc
1314 2369 1627 2436 peccatum
1678 2366 1706 2420 ?
1740 2369 1951 2423 Facere

294 2453 506 2503 contra
538 2450 910 2505 mandatum.
947 2451 1115 2517 Quod
1153 2457 1244 2508 est
1278 2454 1627 2509 mandatum
1667 2456 1693 2510 ‘l
1721 2456 1951 2512 Manda-

294 2544 409 2591 tum
441 2553 633 2593 novum
662 2539 728 2593 do
768 2539 932 2605 vobis,
961 2549 1019 2596 ut
1056 2558 1142 2595 vos
1170 2543 1390 2597 invicem
1409 2543 1658 2614 diligatis
1684 2546 1793 2615 (Id.
1830 2562 1945 2613 xm,

292 2627 406 2693 34).
471 2627 775 2682 Intendite.
835 2630 956 2684 Hoc
1016 2631 1372 2685 mandatum
1439 2632 1653 2688 Christi
1708 2634 1945 2691 dilectio

288 2720 539 2769 vocatur
568 2731 580 2770 :
605 2731 709 2786 per
737 2716 895 2772 hanc
926 2718 1309 2775 dilectionem
1342 2728 1589 2792 peccata
1610 2723 1941 2781 solvuntur.

291 2803 426 2857 Haec
456 2803 501 2857 si
527 2819 645 2860 non
671 2810 957 2872 teneatur,
997 2813 1053 2862 et
1105 2824 1288 2878 grave
1357 2818 1667 2881 peccatum
1733 2821 1841 2885 est,
1889 2821 1945 2872 et

287 2891 460 2947 radix
485 2894 759 2949 omnium
790 2902 1190 2965 peccatorum.

358 3038 414 3093 3.
456 3036 763 3103 lntendite,
799 3039 1007 3094 fratres
1037 3058 1049 3107 ;
1086 3042 1445 3113 protulimus
1476 3045 1700 3117 aliquid
1729 3047 1789 3103 in
1821 3063 1942 3120 quo

282 3122 439 3178 bene
471 3125 930 3198 intelligentibus
963 3131 1156 3187 soluta
1197 3137 1284 3188 est
1312 3134 1584 3205 quaestio.
1618 3136 1736 3191 Sed
1768 3153 1939 3193 num-

283 3212 433 3283 quid
448 3230 583 3269 cum
604 3217 986 3272 celerioribus
1004 3224 1235 3276 tantum
1262 3222 1646 3280 ambulamus
1665 3227 1862 3283 viam?
1882 3231 1941 3284 Et

282 3300 385 3371 qui
415 3303 643 3357 tardius
672 3304 1003 3371 ambulant,
1039 3323 1157 3363 non
1193 3315 1332 3365 sunt
1374 3313 1768 3384 relinquendi.
1806 3318 1942 3371 Ver-

285 3404 489 3443 semus
537 3391 651 3447 hoc
677 3393 897 3465 quibus
926 3412 1246 3468 possumus
1287 3402 1496 3470 verbis,
1529 3407 1590 3457 ut
1615 3403 1693 3458 ad
1727 3419 1940 3460 omnes

285 3479 617 3548 perveniat.
646 3482 789 3538 Puto
817 3485 996 3547 enim,
1060 3487 1294 3555 fratres,
1346 3492 1487 3561 quia
1528 3494 1723 3547 omnis
1754 3494 1938 3550 homo

285 3566 574 3623 sollicitus
600 3576 687 3626 est
720 3588 827 3639 pro
843 3574 1046 3629 anima
1075 3592 1205 3641 sua,
1238 3577 1341 3649 qui
1374 3594 1494 3635 non
1521 3582 1939 3639 sinecausain-

285 3660 399 3711 trat
417 3658 758 3725 Ecclesiam,
778 3663 881 3733 qui
911 3680 1030 3718 non
1050 3667 1399 3737 temporalia
1422 3671 1631 3741 quaerit
1656 3672 1716 3727 in
1745 3675 1941 3729 Eccle-

282 3746 511 3817 sia,qui
528 3765 645 3803 non
672 3758 984 3822 prepterea
1000 3753 1180 3810 intrat
1201 3762 1259 3811 ut
1276 3760 1562 3827 trausigat
1583 3763 1818 3831 negotia
1833 3781 1937 3819 saa-

283 3835 511 3892 cularia
552 3854 565 3902 ;
615 3839 719 3893 sed
762 3840 897 3895 ideo
940 3843 1224 3906 intrat,ut
1249 3846 1475 3917 aliquid
1509 3848 1619 3903 sibi
1647 3857 1936 3908 internum

283 3927 647 3995 promissum
671 3933 883 3996 teneat,
914 3948 1036 4003 quo
1056 3935 1389 4003 perveniat:
1414 3952 1657 3994 necesse
1671 3947 1756 3996 est
1782 3945 1938 4013 cogi-

285 4018 364 4069 tet
394 4017 415 4050 ²
446 4018 965 4086 quemadmodum
998 4023 1266 4080 ambulet
1298 4025 1484 4091 invia,
1508 4043 1582 4083 ne
1608 4038 1935 4100 remaneat,

283 4118 359 4158 ne
390 4110 545 4159 retro
563 4111 677 4170 eat,
708 4124 780 4162 ne
795 4108 1044 4176 aberret,
1075 4128 1149 4166 ne
1174 4112 1575 4172 claudicando
1594 4134 1710 4174 non
1740 4137 1937 4190 perve-

282 4193 427 4247 niat.
450 4195 555 4259 Qui
579 4211 719 4265 ergo
747 4197 1029 4253 sollicitus
1050 4207 1156 4267 est,
1182 4202 1385 4258 tardus
1403 4206 1493 4271 sit,
1519 4207 1685 4262 velox
1709 4211 1798 4277 sit,
1817 4228 1935 4267 non

281 4280 518 4337 recedat
545 4282 619 4338 de
654 4285 765 4341 via.
800 4288 916 4341 Hoc
943 4303 1085 4359 ergo
1107 4290 1250 4355 dixi,
1282 4294 1424 4363 quia
1450 4297 1548 4364 qui
1577 4303 1737 4351 natus
1767 4307 1839 4354 est
1870 4318 1936 4355 ea:

280 4370 413 4438 Deo,
447 4387 549 4425 non
577 4381 774 4442 peccat,
810 4374 1078 4431 fortassis
1111 4381 1444 4437 secundum
1467 4385 1779 4455 quoddam
1803 4404 1935 4458 pec-

279 4464 483 4514 catum
503 4461 684 4517 voluit
710 4463 949 4537 intelligi
974 4483 985 4519 :
1006 4483 1147 4523 nam
1170 4470 1277 4524 erit
1298 4473 1661 4527 contrarium
1682 4475 1758 4529 illi
1778 4476 1927 4546 loco,

275 4547 335 4601 Si
353 4547 661 4605 dixerimus
685 4553 815 4622 quia
843 4562 1109 4624 peccatum
1142 4574 1248 4612 non
1274 4560 1547 4626 habemus,
1583 4580 1675 4619 nos
1696 4567 1832 4636 ipsos
1851 4584 1931 4622 se-

272 4635 546 4703 ducimus,
575 4647 624 4694 et
662 4643 864 4696 veritas
886 4644 946 4697 in
972 4645 1125 4702 nobis
1156 4664 1261 4702 non
1309 4658 1405 4704 est.
1441 4652 1531 4707 Sic
1563 4669 1700 4723 ergo
1721 4635 1929 4726 potest

275 4725 426 4780 solvi
455 4729 717 4798 quaestio.
757 4732 853 4786 Est
890 4734 1204 4804 quoddam
1260 4745 1570 4809 peccatum
1602 4725 1771 4814 quod
1808 4762 1928 4801 non

270 4817 790 4886 potestadmittere
811 4820 902 4875 ille
917 4824 1019 4893 qui
1044 4829 1218 4879 natus
1247 4833 1416 4883 estex
1444 4832 1558 4886 Deo
1578 4847 1590 4897 ;
1609 4838 1791 4903 etquo
1806 4850 1929 4890 non

267 4903 540 4960 admisso
564 4906 877 4963 solvuntur
895 4917 1124 4980 caetera,
1146 4930 1267 4986 quo
1280 4917 1546 4973 admisso
1569 4922 1928 4979 confirman-

267 5172 439 5237 Quod
473 5179 560 5228 est
591 5175 943 5233 mandatum
979 5195 1202 5237 novum
1234 5183 1261 5236 ‘l
1287 5184 1606 5241 Mandatum
1638 5204 1830 5243 novum
1859 5190 1924 5245 do

265 5261 431 5327 υοῦίδ,
466 5270 524 5317 ut
548 5281 635 5319 vos
660 5264 885 5324 invicem
908 5270 1168 5340 diligatis.
1205 5273 1313 5337 Qui
1347 5274 1709 5332 facitcontra
1735 5277 1924 5333 chari-

263 5352 498 5408 ritatem
516 5360 693 5412 etcon
707 5362 793 5414 tra
813 5359 1187 5416 dilectionem
1203 5362 1547 5429 fraternam,
1568 5381 1686 5421 non
1706 5366 1924 5426 audeat

266 5574 513 5687 bu'squisti
550 5578 759 5631 addunt
788 5580 872 5631 hic
900 5596 1103 5640 vocem,
1124 5586 1263 5633 venit
1289 5598 1309 5645 ;
1338 5599 1457 5649 quae
1488 5586 1639 5637 abest
1668 5588 1735 5638 ab
1754 5590 1921 5639 omni-

485 5654 534 5688 s.

324 5700 341 5730 ³
376 5702 468 5755 Er.
510 5703 682 5769 Lugd.
723 5705 855 5762 Ven.
885 5707 1040 5765 Lov.,
1065 5724 1256 5762 necesse
1290 5717 1360 5763 est
1389 5726 1506 5776 ergo
1536 5715 1733 5778 cogitet.
1760 5716 1826 5767 Μ.

1598 184 2023 244 TRACTATUS
2063 188 2130 244 V.
2173 190 2404 251 CAPUT
2442 198 2539 257 ΙΙΙ.

3610 216 3749 273 2014

2089 314 2349 386 gloriari,
2375 326 2430 378 et
2454 324 2649 381 dicere
2676 334 2883 384 natum
2921 345 2981 385 se
3008 346 3135 386 esse
3152 348 3220 388 ex
3249 336 3369 392 Deo
3393 353 3404 391 :
3430 340 3747 409 quiautem

2085 405 2142 459 in
2171 406 2487 468 dilectione
2502 414 2757 473 fraterna
2776 420 3127 476 constitutus
3149 429 3257 489 est,
3284 405 3740 500 certasuntpec-

2084 500 2217 551 cata
2244 514 2375 568 quae
2405 518 2526 559 non
2559 511 2753 576 potest
2785 508 3119 575 admittere,
3152 516 3207 565 et
3239 512 3353 569 hoc
3386 517 3641 573 maxime
3669 533 3742 574 ne

2083 583 2274 674 oderit
2324 588 2585 648 fratrem.
2622 597 2686 649 Et
2716 596 2861 667 quid
2894 597 2967 651 de
3023 600 3251 655 caeteris
3282 605 3546 674 peccatis
3578 605 3741 671 facit,

2084 673 2241 729 unde
2270 676 2493 735 dictum
2519 686 2629 747 est,
2658 684 2727 738 Si
2749 685 3055 742 dixerimus
3078 690 3207 758 quia
3230 673 3503 760 peccatum
3520 711 3626 748 non
3647 695 3739 749 ha-

2082 760 2275 830 bemus,
2299 783 2392 821 nos
2402 770 2541 839 ipsos
2563 772 2883 837 seducimus,
2908 782 2959 829 et
3004 780 3209 832 veritas
3233 781 3291 833 in
3312 781 3460 835 nobis
3484 799 3588 837 non
3611 790 3690 837 est
3705 784 3734 841 7

2078 852 2293 910 Audiat
2314 860 2693 916 securitatem
2710 861 2783 917 de
2803 863 2919 917 alio
2947 864 3077 920 loco
3104 868 3451 938 Scripturaa:
3477 872 3738 927 Charitas

2076 945 2312 1011 cooperit
2351 947 2761 1006 multitudinem
2784 961 3130 1021 peccatorum
3165 956 3207 1026 (Ι
3240 959 3397 1011 Petr.
3432 975 3511 1023 1v,
3548 962 3625 1030 8).

2148 1058 2198 1111 4.
2230 1058 2584 1118 Charitatem
2613 1081 2754 1135 ergo
2785 1070 3287 1126 commendamus
3314 1088 3326 1137 ;
3380 1072 3730 1130 charitatem

2075 1150 2461 1205 commendat
2489 1152 2614 1208 haec
2640 1156 2921 1226 Epistola.
2944 1157 3087 1212 Post
3105 1162 3599 1217 resurrectionem
3622 1164 3733 1218 Do-

2073 1235 2272 1289 minus
2300 1238 2445 1308 quid
2476 1240 2639 1295 aliud
2686 1244 3067 1314 interrogavit
3100 1250 3355 1311 Petrum,
3386 1249 3516 1313 nisi,
3562 1252 3732 1305 Amas

2070 1322 2197 1377 me?
2228 1326 2289 1378 Et
2314 1340 2527 1395 parum
2553 1328 2658 1385 fuit
2687 1332 2869 1386 semel
2902 1334 3265 1403 interrogare
3290 1353 3302 1401 ;
3328 1343 3382 1391 et
3404 1338 3615 1393 iterum
3640 1338 3731 1394 ni-

2070 1411 2150 1466 hil
2165 1412 2408 1478 aliud,et
2420 1418 2590 1473 tertio
2603 1419 2748 1476 nihil
2766 1421 3239 1492 aliud.Cumjam
3258 1425 3424 1481 tertio
3440 1425 3533 1481 ille
3552 1428 3727 1484 taedio

2070 1500 2424 1569 afﬁceretur,
2452 1507 2624 1577 quasi
2656 1524 2777 1563 non
2827 1509 2939 1563 sibi
2972 1512 3255 1576 crederet,
3290 1515 3601 1584 quomodo
3626 1517 3728 1586 qui

2068 1590 2317 1646 nesciret
2347 1594 2493 1665 quid
2520 1596 2577 1650 in
2621 1596 2718 1652 illo
2748 1603 3025 1667 ageretur
3052 1616 3067 1664 ;
3104 1605 3304 1655 tamen
3333 1606 3389 1656 et
3420 1603 3636 1673 primo,
3670 1609 3727 1660 et

2068 1681 2354 1745 secundo,
2387 1688 2443 1737 et
2467 1684 2632 1739 tertio
2662 1686 2775 1741 hoc
2807 1688 3212 1756 interrogavit.
3246 1691 3354 1745 Ter
3385 1691 3625 1761 negavit
3661 1694 3723 1747 ti-

2069 1783 2219 1833 mor,
2251 1773 2335 1824 ter
2350 1772 2658 1829 confessus
2680 1783 2765 1830 est
2790 1792 2962 1832 amor
2988 1776 3167 1849 (Joan.
3193 1795 3315 1845 xxx,
3348 1780 3555 1851 15-17).
3580 1780 3724 1837 Ecce

2067 1863 2230 1913 amat
2256 1859 2455 1915 Petrus
2472 1863 2814 1919 Dominum.
2842 1866 2993 1929 Quid
3013 1872 3402 1936 praestaturus
3434 1871 3723 1926 Domino?

2065 1948 2189 2001 Non
2222 1948 2379 2003 enim
2410 1954 2468 2003 et
2496 1951 2621 2021 ipse
2654 1969 2773 2008 non
2808 1954 3076 2009 turbatus
3108 1960 3199 2010 est
3230 1957 3287 2011 in
3321 1956 3418 2012 illo
3458 1958 3718 2027 psalmo,

2066 2034 2209 2099 Quid
2232 2038 2534 2094 retribuam
2560 2041 2788 2097 Domino
2808 2060 2907 2114 pro
2935 2044 3179 2099 omnibus
3191 2062 3309 2115 quae
3336 2046 3603 2101 retribuit
3622 2049 3719 2102 mi-

2061 2124 2119 2178 hi
2145 2123 2299 2192 ?Qui
2330 2128 2489 2183 enim
2521 2128 2758 2186 dicebat
2807 2132 2935 2187 haec
2967 2134 3026 2188 in
3063 2132 3313 2200 Psalmo,
3372 2135 3718 2192 attendebat

2060 2219 2289 2283 quanta
2301 2214 2413 2270 sibi
2434 2224 2629 2273 essent
2658 2221 2919 2289 praestita
2940 2238 2974 2277 a
2990 2221 3145 2286 Deo;
3171 2224 3549 2294 etquaerebat
3570 2225 3715 2295 quid

2060 2302 2406 2360 retribueret
2440 2308 2574 2371 Deo,
2608 2312 2663 2361 et
2688 2324 2807 2363 non
2832 2309 3188 2365 inveniebat.
3225 2311 3525 2382 Quidquid
3553 2313 3713 2367 enim

2056 2391 2383 2447 retribuere
2437 2394 2714 2461 volueris,
2744 2397 2821 2451 ab
2875 2398 3007 2468 ipso
3064 2398 3342 2471 accepisti
3378 2405 3439 2455 ut
3469 2400 3709 2456 reddas.

2060 2476 2124 2534 Et
2151 2480 2299 2551 quid
2321 2482 2545 2538 invenit
2562 2490 2620 2540 ut
2648 2486 2979 2541 retribuat?
2999 2487 3191 2556 Quod,
3210 2495 3270 2543 ut
3299 2488 3577 2553 diximus,
3599 2488 3716 2544 fra-

2058 2569 2420 2641 tres,abipso
2433 2580 2767 2643 acceperat,
2786 2574 2900 2630 hoc
2922 2576 3316 2648 invenitquod
3338 2578 3711 2633 retribueret.

2058 2656 2292 2713 Calicem
2321 2660 2588 2715 salutaris
2611 2664 2898 2732 accipiam,
2922 2672 2975 2719 et
3000 2682 3186 2720 nomen
3218 2667 3435 2720 Domini
3464 2667 3715 2722 invocabo

2055 2746 2225 2817 (Psal.
2256 2763 2385 2812 cxv,
2421 2751 2506 2813 t2,
2549 2751 2649 2821 13).
2687 2750 2828 2819 Quis
2859 2753 3018 2807 enim
3071 2753 3150 2808 illi
3182 2754 3429 2810 dederat
3462 2755 3710 2811 calicem

2056 2836 2379 2893 salutarem
2398 2839 2510 2894 nisi
2531 2840 2624 2896 ille
2650 2841 2743 2896 cui
2777 2842 3023 2897 volebat
3053 2842 3342 2898 retribure
3375 2853 3401 2901 7
3430 2844 3710 2915 Accipere

2052 2931 2243 2980 autem
2276 2927 2521 2983 calicem
2553 2929 2898 2995 salutarem,
2931 2936 2987 2986 et
3017 2930 3296 2987 invocare
3336 2948 3554 2989 nomen
3598 2933 3711 2990 Do-

2052 3014 2217 3079 mini,
2278 3015 2483 3072 hocest
2522 3017 2723 3073 satiari
2764 3018 3046 3074 charitate
3091 3035 3105 3085 ;
3156 3026 3211 3075 et
3262 3020 3342 3075 ita
3394 3022 3615 3087 satiari,
3649 3028 3711 3079 ut

2052 3117 2172 3157 non
2222 3103 2415 3159 solum
2454 3120 2577 3160 non
2634 3106 2831 3161 oderis
2880 3106 3141 3173 fratrem,
3173 3109 3279 3163 sed
3338 3116 3585 3180 paratus
3628 3111 3707 3167 sis

2052 3193 2201 3246 mori
2224 3207 2332 3262 pro
2375 3192 2573 3249 fratre.
2625 3193 2884 3250 Perfecta
2914 3196 3033 3251 ista
3082 3196 3339 3252 charitas
3372 3204 3478 3261 est,
3510 3205 3571 3255 ut
3600 3216 3703 3271 pa-

2052 3286 2210 3335 ratus
2269 3280 2353 3335 sis
2408 3283 2558 3339 mori
2606 3298 2713 3354 pro
2768 3284 2965 3339 fratre.
3028 3285 3189 3339 Hanc
3229 3284 3358 3355 ipse
3414 3287 3703 3343 Dominus

2051 3368 2108 3423 in
2144 3385 2204 3424 se
2254 3369 2541 3442 exhibuit,
2588 3377 2856 3427 mortuus
2892 3388 3000 3443 pro
3040 3373 3343 3438 omnibus,
3378 3389 3560 3429 orans
3593 3390 3703 3445 pro

2051 3459 2136 3511 eis
2194 3475 2227 3514 a
2289 3460 2507 3530 quibus
2556 3461 3034 3531 cruciﬁgebatur,
3098 3466 3155 3517 et
3207 3461 3459 3517 dicens:
3513 3465 3700 3531 Pater,

2043 3552 2250 3617 ignosce
2279 3548 2415 3614 illis,
2446 3552 2577 3620 quia
2621 3553 2863 3605 nesciunt
2913 3550 3043 3621 quid
3088 3550 3303 3620 faciunt
3336 3551 3487 3622 (Luc.
3534 3568 3699 3615 xxm,

2045 3637 2155 3706 34).
2188 3638 2299 3693 Sed
2323 3637 2370 3691 si
2415 3638 2575 3693 solus
2603 3639 2714 3693 hoc
2753 3639 2909 3704 fecit,
2964 3655 3085 3694 non
3139 3644 3264 3695 erat
3310 3641 3613 3712 magister,
3650 3641 3700 3696 si

2043 3723 2366 3796 discipulos
2423 3742 2544 3781 non
2593 3726 2866 3783 habebat.
2902 3728 3093 3783 Secuti
3152 3728 3427 3800 discipuli
3460 3730 3574 3785 hoc
3619 3730 3703 3785 fe-

2045 3821 2270 3869 cerunt.
2299 3815 2704 3886 Lapidabatur
2728 3816 3089 3887 Stephanus,
3120 3825 3176 3872 et
3205 3833 3363 3887 genu
3399 3818 3516 3874 ﬁxo
3571 3820 3653 3876 ait
3681 3838 3695 3876 :

2047 3904 2290 3969 Domine,
2306 3921 2370 3959 ne
2392 3911 2599 3960 statuas
2612 3905 2726 3960 illis
2737 3905 2829 3960 hoc
2840 3906 3088 3962 delictum
3113 3906 3176 3978 (A
3189 3913 3260 3961 ct.
3276 3923 3371 3976 v11,
3384 3908 3499 3978 59).
3518 3911 3695 3965 Ama-

2042 3993 2145 4049 bat
2174 4010 2211 4048 a
2240 3994 2459 4065 quibus
2488 3994 2892 4061 occidebatur,
2924 3997 3067 4067 quia
3097 4002 3152 4052 et
3182 4013 3290 4067 pro
3311 3998 3457 4068 ipsis
3484 4000 3693 4055 morie-

2042 4084 2238 4139 batur.
2264 4083 2411 4138 Audi
2443 4090 2498 4139 et
2526 4085 2861 4155 apostolum
2896 4085 3146 4141 Paulum
3176 4102 3188 4139 :
3218 4086 3291 4141 Et
3314 4087 3444 4157 ipse,
3476 4089 3693 4161 inquit.

2042 4171 2325 4242 impendar
2348 4189 2445 4243 pro
2470 4174 2752 4230 animabus
2778 4176 2966 4230 vestris
2997 4176 3063 4247 (ll
3087 4175 3213 4231 Cor.
3247 4192 3345 4241 xu,
3386 4180 3503 4247 l5).
3539 4180 3696 4234 Inter

2040 4261 2172 4316 illos
2192 4261 2349 4316 enim
2367 4267 2492 4317 erat
2506 4279 2612 4334 pro
2639 4265 2856 4334 quibus
2874 4265 3209 4336 Stephanus
3228 4264 3688 4336 deprecabatur,

2040 4350 2286 4422 quando
2312 4366 2518 4406 eorum
2550 4353 2831 4409 manibus
2856 4354 3236 4408 moriebatur.
3265 4352 3522 4410 Perfecta
3547 4371 3689 4427 ergo

2038 4440 2199 4496 chari
2210 4444 2295 4495 tas
2309 4440 2437 4496 haec
2454 4446 2559 4496 est.
2570 4441 2624 4498 Si
2640 4441 2775 4512 quis
2791 4447 3014 4497 tantam
3028 4441 3307 4497 habuerit
3320 4443 3688 4510 charitatem,

2041 4535 2102 4585 ut
2134 4534 2376 4600 paratus
2405 4529 2480 4585 sit
2506 4546 2612 4600 pro
2628 4530 3098 4584 fratribusetiam
3131 4530 3298 4598 mori,
3336 4531 3693 4601 perfectaest

2037 4617 2096 4672 in
2126 4618 2226 4673 illo
2249 4618 2525 4673 charitas.
2556 4617 2671 4673 Sed
2700 4618 2995 4689 numquid
3011 4633 3149 4673 mox
3181 4618 3541 4687 utnascitur,
3562 4620 3687 4690 jam

2037 4720 2276 4776 prorsus
2298 4705 2558 4776 perfecta
2587 4714 2715 4764 est?
2742 4708 2812 4762 Ut
2835 4707 3195 4777 perﬁciatur,
3230 4710 3529 4764 nascitur:
3552 4725 3691 4767 cum

2035 4793 2209 4850 fuerit
2236 4800 2396 4858 nata,
2423 4794 2710 4861 nutritur;
2733 4811 2873 4851 cum
2897 4794 3073 4851 fuerit
3091 4796 3311 4853 nutrita
3334 4796 3685 4865 roboratur;

2035 4898 2172 4938 cum
2196 4881 2369 4938 fuerit
2396 4884 2700 4947 roborata,
2728 4884 3063 4955 perﬁcitur:
3094 4900 3230 4939 cum
3265 4885 3342 4939 ad
3373 4886 3688 4957 perfectio-

2036 4987 2172 5026 nem
2204 4972 2442 5035 venerit,
2467 4972 2613 5044 quid
2645 4972 2787 5028 dicit
2812 4982 2837 5030 9
2861 4973 3005 5029 Mihi
3026 4973 3201 5029 vivere
3231 4974 3484 5030 Christus
3513 4981 3606 5040 est,
3637 4981 3687 5029 et

2034 5062 2173 5115 mori
2185 5062 2415 5117 lucrum.
2436 5061 2693 5131 Optabam
2708 5062 2929 5118 dissolvi
2943 5069 2992 5117 et
3016 5080 3119 5118 esse
3142 5080 3260 5120 cum
3284 5064 3499 5119 Christo
3517 5085 3535 5131 ;
3550 5065 3686 5118 mul-

2032 5156 2083 5204 to
2108 5152 2251 5203 enim
2272 5151 2441 5220 magis
2460 5152 2721 5221 optimum
2749 5170 2765 5207 :
2798 5169 3011 5207 manere
3039 5154 3099 5207 in
3138 5170 3297 5207 carne
3329 5151 3683 5209 necessarium

2023 5245 2251 5309 propter
2280 5255 2366 5292 vos
2392 5239 2657 5311 (Philipp.
2716 5257 2755 5304 1,
2787 5242 2993 5311 “ll-'24).
3030 5244 3273 5311 Propter
3304 5255 3407 5295 eos
3440 5239 3681 5298 volebat

2030 5326 2245 5393 vivere,
2288 5344 2397 5399 pro
2432 5329 2652 5399 quibus
2686 5337 2926 5400 paratus
2952 5334 3077 5385 erat
3105 5329 3277 5387 mori.

2103 5446 2152 5497 5.
2187 5443 2252 5496 Et
2278 5446 2340 5496 ut
2365 5440 2647 5496 noveritis
2678 5441 2819 5512 quia
2846 5441 2977 5512 ipsa
2993 5446 3082 5497 est
3112 5442 3375 5513 perfecta
3400 5442 3676 5511 charitas,

2028 5545 2213 5601 quam
2228 5545 2348 5585 non
2364 5528 2561 5595 violat,
2577 5531 2703 5585 etin
2731 5545 2915 5602 quam
2935 5546 3051 5585 non
3071 5532 3391 5603 peccatqui
3405 5537 3580 5589 natus
3593 5538 3682 5590 est

2029 5634 2098 5674 ex
2130 5619 2248 5674 Deo
2274 5636 2287 5681 ;
2320 5619 2434 5675 hoc
2466 5619 2753 5675 Dominus
2783 5619 2924 5675 dicit
2944 5620 3109 5676 Petro
3139 5620 3347 5687 :Petre,
3374 5638 3524 5678 amas
3550 5624 3678 5679 me?

2030 5710 2094 5764 Et
2122 5708 2217 5765 ille
2250 5723 2264 5764 :
2293 5709 2448 5765 Amo.
2473 5710 2600 5765 Non
2628 5709 2726 5779 ait,
2752 5710 2811 5765 Si
2828 5724 2996 5767 amas
3010 5724 3129 5778 me,
3156 5710 3491 5785 obsequere
3507 5712 3674 5770 mihi.
