4164 6184
547 146 694 202 2015

548 274 801 338 Quando
822 276 979 332 enim
1011 280 1435 339 eratDominus
1466 284 1525 341 in
1552 288 2189 354 carnemortali,esuri-

534 362 638 428 vit,
654 365 826 419 sitivit
851 384 863 416 :
889 382 958 422 eo
975 372 1237 440 tempore
1260 388 1382 443 quo
1407 374 1707 430 esuriebat
1724 376 2043 444 etsitiebat,
2063 395 2190 434 sus-

536 457 742 523 ceptus
756 455 1112 527 esthospitio
1137 461 1577 523 ;ministrarunt
1595 464 1675 519 illi
1699 465 1802 536 qui
1824 465 2181 539 habuerunt,

537 540 609 595 de
637 541 971 600 substantia
993 562 1121 612 sua,
1151 548 1300 604 sicut
1326 549 1653 621 legimusin
1684 555 2003 624 Evangelio
2028 558 2181 624 (Luc.

532 643 656 693 vm,
691 631 765 702 3).
800 634 1071 705 Suscepit
1103 652 1239 691 eum
1287 637 1545 710 hospitio
1578 643 1927 700 Zacchasus:
1980 646 2183 701 salvus

534 717 724 773 factus
754 725 840 775 est
870 738 905 776 a
932 723 1163 789 morbo,
1195 734 1471 798 suscepto
1498 730 1749 787 medico.
1777 733 1905 797 Quo
1932 734 2185 790 morbo?

534 808 826 863 Avaritiae.
862 811 994 866 Erat
1023 813 1182 868 enim
1209 814 1558 888 ditissimus,
1587 824 1643 875 et
1674 821 1952 891 princeps
1982 823 2180 894 publi-

531 911 835 951 canorum.
891 900 1184 959 Attendite
1240 912 1517 962 sanatum
1549 924 1582 963 a
1635 910 1849 966 morbo
1891 912 2177 969 avaritiae.

539 984 867 1056 Dimidium,
908 987 1119 1061 inquit,
1168 995 1420 1049 bonorum
1451 1013 1685 1053 meorum
1728 999 1794 1054 do
1817 1002 2183 1073 pauperibus;

535 1078 583 1125 et
611 1073 773 1129 sicui
821 1075 1034 1147 aliquid
1080 1082 1210 1146 tuli,
1267 1084 1629 1157 quadruplum
1660 1088 1875 1144 reddam
1924 1090 2029 1161 (Id.
2058 1107 2177 1157 χιχ,

530 1162 661 1232 6-8).
680 1163 817 1218 ideo
839 1168 1091 1223 servavit
1111 1169 1357 1225 alterum
1383 1173 1717 1241 dimidium,
1745 1193 1864 1233 non
1887 1195 2007 1250 quo
2029 1179 2181 1235 frue-

529 1255 703 1316 retur,
735 1255 840 1307 sed
861 1255 1016 1310 unde
1043 1257 1538 1320 debitasolveret.
1576 1267 1849 1338 Suscepit
1869 1283 2011 1338 ergo
2040 1274 2179 1325 tunc

531 1339 833 1395 medicum
854 1342 1133 1415 hospitio,
1150 1350 1291 1417 quia
1306 1352 1754 1409 eratinﬁrmitas
1784 1358 1978 1412 carnis
2000 1359 2058 1413 in
2074 1361 2181 1414 Do-

527 1428 712 1493 mino,
746 1432 841 1485 cui
871 1432 984 1487 hoc
1015 1434 1373 1507 obsequium
1426 1442 1755 1510 praeberent
1784 1445 2095 1503 homines:
2125 1453 2182 1505 et

530 1516 666 1582 hoc,
680 1519 823 1589 quia
835 1519 1019 1575 voluit
1033 1532 1312 1593 praestare
1330 1528 1799 1603 obsequentibus
1820 1553 1833 1601 ;
1853 1536 2181 1608 obsequen-

529 1605 689 1660 tibus
722 1608 876 1662 enim
911 1611 1210 1680 proderat,
1244 1631 1365 1671 non
1398 1617 1500 1673 illi.
1527 1621 1630 1676 Cui
1662 1622 1822 1679 enim
1845 1605 2051 1695 Angeli
2074 1629 2180 1683 mi-

530 1695 1108 1762 nistrabant,horum
1130 1702 1487 1777 obsequium
1511 1712 2011 1781 requirebatiNec
2026 1716 2179 1773 Elias

532 1798 739 1838 servus
766 1784 919 1841 illius
944 1787 1059 1844 hoc
1090 1796 1495 1851 necessarium
1527 1799 1787 1857 habebat
1826 1803 2175 1875 aliquando,

533 1872 626 1926 cui
654 1888 875 1944 panem
905 1881 961 1932 et
987 1894 1229 1938 carnem
1260 1899 1366 1954 per
1396 1901 1640 1944 corvum
1673 1891 1979 1959 mittebat;
2011 1900 2067 1951 et
2094 1901 2180 1951 ta-

531 1976 671 2016 men
701 1968 763 2017 ut
793 1964 974 2022 vidua
1000 1969 1277 2039 religiosa
1298 1973 1761 2048 benediceretur,
1791 1983 2038 2039 mittitur
2060 2001 2179 2040 ser-

533 2065 643 2104 vus
672 2052 789 2121 Dei,
809 2056 1317 2123 pascituravidua
1345 2080 1525 2136 quem
1552 2070 1707 2123 Deus
1729 2070 1786 2124 in
1802 2078 2027 2128 secreto
2046 2090 2179 2144 pas-

532 2138 703 2195 cebat
733 2143 824 2211 (Ill
856 2144 983 2215 Reg.
1013 2163 1156 2211 xvu,
1189 2154 1323 2223 4-9).
1359 2156 1777 2214 Verumtamen
1822 2138 2176 2235 quanquam

530 2227 604 2282 de
633 2228 724 2283 his
744 2234 930 2288 servis
963 2237 1059 2291 Dei
1090 2238 1202 2293 sibi
1225 2247 1527 2313 praestent,
1550 2247 1653 2318 qui
1673 2265 1879 2306 eorum
1904 2252 2180 2322 indigen-

526 2316 670 2372 tiam
697 2321 1096 2391 considerant,
1121 2337 1365 2401 propter
1388 2333 1550 2390 illam
1570 2316 1910 2395 mercedem
1931 2358 1965 2398 a
1987 2342 2178 2398 Domi-

524 2419 605 2460 no
633 2406 690 2461 in
720 2410 1036 2481 Evangelio
1089 2419 1571 2479 manifestissime
1603 2428 1883 2497 positam,
1943 2430 2046 2496 Qui
2065 2449 2178 2487 sus-

529 2494 665 2565 cipit
681 2498 890 2567 justum
930 2502 990 2555 in
1021 2508 1238 2562 nomine
1255 2510 1416 2579 justi,
1442 2494 1726 2572 mercedem
1747 2519 1891 2589 justi
1910 2494 2135 2593 accipiet
2158 2539 2176 2589 ;

529 2588 577 2636 et
603 2584 699 2653 qui
707 2588 932 2656 suscipit
939 2594 1255 2663 prophetam
1268 2598 1327 2653 in
1355 2603 1567 2658 nomine
1586 2584 1874 2677 prophetae,
1893 2584 2181 2666 mercedem

535 2672 807 2742 prophetae
829 2679 1096 2749 accipiet;
1120 2692 1168 2739 et
1192 2687 1285 2756 qui
1310 2689 1523 2745 dederit
1542 2672 1757 2751 calicem
1786 2713 1941 2769 aquae
1958 2700 2180 2771 frigidae

532 2761 633 2814 uni
653 2778 718 2816 ea:
748 2763 834 2819 his
852 2767 1093 2825 minimis
1123 2779 1329 2831 tantum
1364 2781 1423 2833 in
1452 2784 1668 2838 nomine
1696 2786 1973 2858 discipuli,
2030 2808 2183 2845 amen

536 2849 652 2905 dico
682 2853 844 2921 vobis,
872 2873 978 2913 non
1000 2863 1191 2931 perdet
1216 2869 1503 2926 mercedem
1523 2889 1675 2929 suum
1699 2849 1921 2947 (Matth.
1953 2849 2012 2944 x,
2041 2881 2104 2935 41
2136 2886 2184 2935 et

538 2938 625 3011 42)
661 2958 673 2997 :
707 2947 985 3013 quamvis
1011 2964 1152 3020 ergo
1201 2954 1312 3010 sibi
1345 2965 1626 3027 praestent
1651 2938 1751 3035 qui
1790 2965 1904 3021 hoc
1933 2938 2182 3036 faciunt,

540 3032 736 3084 tamen
762 3048 869 3088 nec
892 3034 1003 3091 hoc
1021 3044 1251 3109 poterat
1265 3044 1507 3114 praeberi
1535 3032 1927 3110 ascensuroin
1944 3056 2181 3113 coelum.

541 3116 690 3214 Quid
723 3119 801 3175 illi
832 3132 1061 3193 poterat
1090 3131 1411 3189 retribuere
1461 3139 1681 3206 Petrus,
1713 3143 1816 3214 qui
1847 3145 2095 3203 amabat
2123 3148 2187 3203 il-

537 3203 661 3308 lum
690 3215 717 3264 ’ἲ
743 3212 895 3267 Audi
926 3217 1072 3287 quid
1106 3236 1118 3275 :
1160 3220 1326 3278 Pasce
1354 3241 1470 3280 oves
1492 3244 1635 3283 meas
1716 3203 1774 3287 id
1801 3238 1906 3299 est,
1938 3237 2047 3291 Fac
2078 3252 2186 3308 pro

537 3292 820 3354 fratribus
864 3306 1029 3375 quod
1062 3324 1169 3377 pro
1200 3314 1252 3365 te
1299 3311 1430 3368 feci.
1465 3317 1681 3373 Omnes
1734 3324 2025 3391 sanguine
2054 3342 2186 3382 meo

538 3386 763 3444 redemi
793 3408 805 3445 :
837 3392 1013 3449 nolite
1039 3397 1313 3456 dubitare
1346 3406 1493 3459 mori
1528 3421 1636 3477 pro
1668 3410 1928 3467 veritatis
1954 3415 2188 3472 confes-

542 3474 728 3543 sione,
762 3483 825 3535 ut
855 3485 1050 3540 caeteri
1082 3503 1187 3543 vos
1222 3474 1541 3549 imitentur:

610 3582 665 3639 6.
697 3584 810 3676 Sed
837 3587 987 3655 haec,
1006 3596 1068 3648 ut
1096 3592 1371 3664 diximus,
1404 3599 1636 3669 fratres,
1664 3605 2187 3676 perfectacharitas

543 3676 629 3726 est
647 3691 665 3743 ;
685 3674 788 3744 qui
805 3683 978 3733 natus
992 3686 1078 3737 est
1099 3700 1166 3738 ex
1192 3687 1330 3757 Deo,
1348 3689 1531 3748 habet
1556 3674 2187 3757 illaiantendatCha-

539 3759 682 3815 ritas
709 3769 924 3835 vestra,
944 3768 1136 3826 videte
1152 3775 1297 3845 quid
1326 3778 1544 3835 dicam.
1569 3782 1715 3839 Ecce
1738 3788 1965 3858 accepit
1981 3789 2191 3846 Sacra-

539 3853 807 3939 mentum
823 3856 1145 3913 nativitatis
1158 3861 1340 3919 homo
1355 3866 1718 3939 baptizatus;
1736 3853 2189 3935 Sacrameutum

540 3933 1103 4012 habet,etmagnum
1119 3950 2184 4032 Sacramentum,divinum,sanctum,

541 4023 862 4085 ineﬁabile.
889 4033 1216 4093 Considera
1244 4043 1421 4111 quale
1474 4062 1487 4099 :
1525 4052 1585 4102 ut
1615 4064 1838 4106 novum
1880 4054 2190 4112 hominem

539 4112 717 4171 faciat
749 4117 1102 4179 dimissione
1156 4129 1428 4187 omnium
1465 4142 1864 4205 peccatorum.
1916 4145 2194 4202 Attendat

540 4210 742 4262 tamen
772 4207 832 4263 in
865 4225 986 4280 cor,
1019 4215 1064 4268 si
1098 4216 1425 4287 perfectum
1439 4228 1525 4289 est
1549 4224 1650 4291 ibi,
1676 4230 1834 4298 quod
1860 4230 2082 4289 factum
2106 4240 2195 4292 est

543 4292 601 4347 in
624 4310 873 4367 corpore
895 4317 907 4355 :
928 4302 1123 4360 videat
1147 4292 1767 4384 sihabetcharitatem,
1786 4324 1837 4371 et
1857 4325 1995 4374 tunc
2013 4322 2188 4391 dicat,

542 4385 723 4439 Natus
753 4403 885 4444 sum
918 4406 987 4447 ex
1016 4394 1151 4449 Deo.
1186 4396 1241 4451 Si
1278 4403 1479 4455 autem
1509 4417 1631 4458 non
1663 4405 1863 4474 habet,
1892 4385 2194 4468 characte;

539 4488 667 4528 rem
685 4476 927 4547 quidem
943 4482 1291 4554 impositum
1311 4487 1625 4557 habet,sed
1639 4494 1905 4552 desertor
1918 4508 2190 4568 vagatur.

543 4564 766 4621 Habeat
795 4568 1138 4628 charitatem
1165 4590 1178 4641 ;
1211 4576 1378 4633 aliter
1426 4596 1545 4637 non
1579 4599 1640 4638 se
1671 4584 1830 4641 dicat
1881 4564 2090 4645 natum
2121 4608 2191 4647 ex

542 4651 681 4706 Deo.
708 4654 824 4711 Sed
854 4658 1070 4726 habeo,
1094 4663 1307 4736 inquit,
1341 4677 1808 4730 sacramentum.
1833 4676 1985 4732 Audi
2009 4685 2193 4751 Apos-

542 4740 729 4797 tolum
756 4759 768 4796 :
800 4746 869 4800 Si
886 4748 1049 4804 sciam
1086 4755 1636 4827 omniasacramenta,
1669 4770 1720 4817 et
1742 4763 1957 4821 habeam
1988 4784 2187 4826 omnem

541 4828 716 4896 ﬁdem,
752 4833 833 4887 ita
854 4842 911 4888 ut
932 4847 1130 4894 montes
1161 4845 1514 4914 transferam,
1546 4849 1868 4907 charitatem
1888 4862 2065 4910 autem
2085 4874 2191 4913 non

544 4916 783 4987 habeam,
810 4924 955 4979 nihil
981 4944 1099 4981 sum
1119 4930 1167 4999 (Ι
1199 4932 1326 4986 Cor.
1360 4950 1479 4999 xm,
1507 4936 1584 5007 2).

609 5030 661 5081 7.
702 5029 841 5096 Hoc,
879 5032 924 5085 si
944 5035 1317 5103 meministis,
1339 5044 1918 5115 commendavimus,
1950 5066 2088 5108 cum
2118 5055 2191 5109 is-

538 5119 660 5172 tam
686 5118 1009 5189 Epistolam
1036 5123 1229 5196 legere
1243 5125 1662 5199 inciperemus,
1685 5136 1831 5191 nihil
1858 5138 1917 5193 in
1931 5155 2002 5195 ea
2016 5142 2189 5199 nobis

536 5206 618 5260 sic
632 5212 1066 5279 commendari,
1091 5218 1400 5286 quomodo
1417 5219 1783 5280 charitatem.
1814 5228 1880 5282 Et
1901 5229 1945 5283 si
1960 5230 2188 5289 videtur

537 5293 653 5351 alia
684 5303 740 5353 et
769 5298 885 5356 alia
915 5301 1129 5374 dicere,
1155 5304 1290 5362 illuc
1312 5306 1450 5365 facit
1478 5311 1735 5369 reditum
1764 5337 1774 5380 ;
1800 5320 1856 5371 et
1885 5318 1960 5374 ad
1988 5319 2184 5390 ipsam

536 5382 884 5444 charitatem
914 5393 1121 5450 omnia
1153 5396 1501 5455 vultreferre
1526 5416 1926 5478 quaecumque
1947 5407 2180 5466 dixerit.

534 5469 851 5531 Videamus
870 5477 918 5532 si
932 5480 1218 5539 ethichoc
1235 5485 1390 5544 facit.
1406 5469 1655 5547 Attende
1680 5509 1693 5549 :
1719 5469 1907 5551 Omnis
1918 5498 2183 5568 quinatus

534 5564 609 5613 est
633 5574 699 5613 ea:
725 5562 853 5628 Deo,
886 5583 992 5621 non
1018 5571 1159 5638 facit
1177 5583 1467 5644 peccatum.
1504 5581 1838 5646 Quaerimus
1856 5562 2020 5658 quod
2045 5604 2182 5659 pec-

538 5653 739 5709 catum
762 5668 773 5706 :
802 5654 943 5723 quia
965 5658 1011 5711 si
1037 5674 1216 5718 omne
1241 5662 1610 5737 intellexeris,
1631 5653 1964 5732 contrarius
1978 5676 2083 5734 erit
2097 5677 2180 5734 illi

1318 156 1389 213 IN
1422 156 1827 216 EPISTOLAM
1866 159 2162 218 JOANNIS
2199 162 2295 220 AD
2330 165 2679 239 PARTHOb,
2717 170 2778 228 S.
2818 170 3202 230 AUGUSTINI

3772 175 3887 235 2016

2300 290 2452 361 loco,
2477 295 2540 349 Si
2566 296 2869 353 dixerimus
2892 298 3025 369 quia
3034 304 3303 369 peccatum
3331 312 3428 352 non
3453 296 3709 369 habemus,
3723 318 3891 359 nosme-

2292 382 2455 453 tipsos
2482 386 2804 453 seducimus,
2826 394 2875 441 et
2898 389 3099 443 veritas
3119 388 3179 441 in
3202 387 3351 442 nobis
3371 404 3468 442 non
3489 396 3582 444 est.
3601 391 3742 460 Ergo
3756 391 3888 448 dicat

2290 473 2454 543 quod
2480 480 2813 545 peccatum,
2846 476 3059 533 doceat
3107 493 3216 532 nos
3242 495 3258 547 ;
3292 492 3366 532 ne
3398 477 3537 533 forte
3567 494 3673 548 ego
3702 484 3890 538 temere

2289 560 2536 618 dixerim
2569 572 2877 636 peccatum
2906 566 3020 621 hoc
3042 581 3173 621 esse
3198 565 3574 622 violationem
3600 568 3887 637 charitatis,

2287 651 2430 721 quia
2460 669 2643 724 supra
2671 654 2837 720 dixit,
2874 656 2979 721 Qui
3003 654 3117 710 odit
3143 656 3379 725 fratrem
3407 672 3579 724 suum,
3612 657 3666 711 in
3696 660 3893 715 tenebris

2285 746 2381 806 est,
2405 747 2453 795 et
2468 742 2775 806 inztenebris
2794 744 3033 799 ambulat
3044 786 3053 808 ,
3078 752 3127 799 et
3139 745 3303 799 nescit
3314 762 3414 816 quo
3432 752 3537 811 eat,
3564 746 3687 817 quia
3699 748 3891 803 tenebrn

2285 837 2687 887 cremaverunt
2713 834 2891 889 oculos
2918 835 3029 905 ejus
3056 834 3098 905 (Ι
3123 834 3282 889 Joan.
3304 843 3363 899 ii,
3400 836 3507 903 11).
3537 835 3648 890 Sed
3677 835 3886 892 fortedi-

2286 917 2367 973 xit
2391 918 2615 991 aliquid
2643 921 2702 977 in
2730 922 3183 994 posterioribus,
3217 928 3271 978 et
3320 924 3650 979 nominavit
3673 924 3889 981 charita-

2287 1010 2401 1062 tem
2429 1010 2470 1061 ¹.
2505 1009 2702 1066 Videte
2728 1012 2870 1082 quia
2895 1012 3175 1067 circuitus
3198 1012 3292 1067 ille
3317 1012 3634 1067 verborum
3657 1013 3893 1070 hancha-

2283 1095 2385 1151 bet
2414 1098 2615 1167 tinem,
2643 1099 2804 1156 hunc
2833 1101 3014 1157 habet
3058 1102 3304 1157 exitum.
3338 1101 3523 1156 Omnis
3551 1103 3646 1173 qui
3666 1108 3809 1157 natus
3830 1111 3890 1158 est

2284 1201 2348 1239 ea:
2381 1185 2503 1252 Deo,
2528 1205 2633 1243 non
2657 1191 3026 1263 peccat;quia
3042 1207 3215 1246 semen
3236 1190 3348 1261 ejus
3373 1193 3432 1246 in
3464 1192 3576 1263 ipso
3605 1198 3787 1247 manet.
3807 1194 3885 1249 Se-

2284 1290 2423 1330 men
2454 1276 2573 1340 Dei,
2593 1277 2649 1332 id
2667 1284 2774 1349 est,
2807 1278 3057 1334 verbum
3081 1280 3174 1335 Dei
3203 1292 3215 1332 :
3242 1280 3399 1335 unde
3425 1280 3569 1334 dicit
3591 1280 3889 1351 Apostolus.

2283 1363 2387 1417 Per
2417 1364 2769 1436 Evangelium
2799 1384 2887 1438 ego
2917 1384 3003 1423 vos
3031 1369 3197 1439 genui
3247 1369 3291 1439 (I
3312 1368 3432 1423 Cor.
3464 1384 3542 1434 iv,
3578 1373 3677 1439 15).
3709 1369 3775 1424 Et
3808 1386 3890 1424 non

2284 1458 2450 1523 potest
2476 1470 2720 1524 peccare,
2767 1456 2895 1528 quia
2919 1473 2985 1511 ea:
3018 1456 3126 1511 Deo
3154 1464 3315 1513 natus
3355 1463 3449 1511 est.
3482 1457 3644 1513 Dicat
3684 1458 3803 1523 hoc,
3830 1461 3895 1513 vi-

2284 1541 2535 1597 deamus
2566 1544 2623 1599 in
2656 1560 2776 1616 quo
2807 1561 2926 1601 non
2961 1550 3153 1617 potest
3181 1562 3449 1617 peccare.
3484 1546 3549 1600 In
3576 1546 3896 1617 hocmanifes-

2284 1632 2391 1686 tati
2419 1638 2543 1687 sunt
2565 1634 2675 1704 ﬁlii
2697 1634 2800 1689 Dei
2820 1642 2869 1689 et
2892 1634 3001 1705 ﬁlii
3024 1635 3249 1690 diaboli.
3279 1637 3467 1691 Omnis
3495 1638 3590 1707 qui
3617 1653 3713 1691 non
3730 1638 3897 1705 estius‘

2284 1727 2390 1786 tus,
2426 1738 2531 1775 non
2570 1728 2649 1777 est
2678 1740 2711 1776 a
2744 1724 2875 1790 Deo,
2907 1730 2962 1779 et
3005 1725 3102 1796 qui
3129 1741 3233 1779 non
3278 1725 3476 1797 diligit
3501 1726 3726 1795 fratrem
3749 1742 3897 1781 suum.

2285 1811 2446 1866 Certe
2462 1811 2587 1881 jam
2613 1811 3003 1869 manifestum
3019 1819 3107 1868 est
3138 1814 3295 1869 unde
3308 1814 3490 1882 dicat,
3517 1816 3591 1869 Et
3609 1816 3701 1887 qui
3718 1831 3808 1869 non
3826 1814 3897 1868 di-

2285 1899 2429 1970 ligit,
2462 1898 2675 1971 inquit,
2725 1902 2955 1972 fratrem
2995 1918 3171 1958 suum.
3208 1902 3448 1958 Dilectio
3479 1918 3619 1972 ergo
3657 1902 3774 1957 sola
3798 1901 3895 1957 dis-

2283 1988 2469 2043 cernit
2505 1988 2655 2043 inter
2680 1988 2834 2045 ﬁlios
2864 1990 2965 2045 Dei
3015 1996 3070 2047 et
3112 1991 3268 2047 ﬁlios
3324 1991 3572 2049 diaboli.
3606 1993 3826 2062 Signent
3845 2005 3896 2045 se

2282 2092 2490 2131 omnes
2521 2076 2689 2149 signo
2740 2079 2931 2134 crucis
2982 2079 3221 2145 Christi;
3253 2081 3658 2153 respondeant
3693 2096 3895 2145 omnes,

2282 2166 2507 2232 Amen;
2538 2172 2779 2223 cantent
2806 2184 3040 2233 omnes,
3075 2169 3326 2225 Alleluia
3356 2188 3372 2242 ;
3412 2171 3773 2242 baptizentur
3797 2185 3899 2224 om-

2282 2269 2409 2325 nes,
2428 2254 2645 2311 intrent
2661 2257 2968 2325 Ecclesias,
2994 2257 3217 2314 faciant
3242 2259 3499 2330 parietes
3518 2260 3864 2316 basilicarum
3885 2274 3896 2313 :

2282 2358 2405 2399 non
2434 2344 2854 2400 discernuntur
2881 2345 2982 2400 ﬁlii
3016 2346 3112 2401 Dei
3146 2363 3180 2403 a
3208 2346 3342 2401 ﬁliis
3383 2347 3630 2412 diaboli,
3656 2348 3755 2403 nisi
3784 2347 3897 2402 cha-

2280 2433 2470 2489 ritate.
2503 2434 2611 2498 Qui
2640 2434 2867 2490 habent
2895 2434 3261 2501 charitatem,
3323 2438 3455 2493 nati
3508 2443 3643 2493 sunt
3669 2453 3736 2492 ex
3763 2436 3893 2491 Deo:

2288 2522 2390 2594 qui
2424 2538 2541 2579 non
2576 2523 2813 2588 habent,
2845 2540 2969 2579 non
2999 2530 3138 2580 sunt
3159 2524 3280 2581 nati
3304 2541 3373 2581 ex
3396 2527 3539 2582 Deo.
3560 2524 3897 2596 Magnumin-

2289 2610 2533 2677 dicium,
2570 2627 2788 2681 magna
2818 2613 3109 2669 discretio.
3145 2614 3455 2686 Quidquid
3481 2616 3565 2670 vis
3587 2615 3735 2670 habe
3761 2632 3779 2681 ;
3806 2614 3897 2668 hoc

2292 2698 2483 2755 solum
2517 2716 2637 2756 non
2668 2701 2914 2767 habeas,
2950 2703 3093 2758 nihil
3118 2703 3219 2758 tibi
3250 2704 3502 2775 prodest
3533 2721 3547 2759 :
3600 2703 3708 2759 alia
3736 2703 3776 2757 si
3807 2716 3902 2756 non

2291 2788 2537 2853 habeas,
2571 2789 2684 2845 hoc
2714 2790 2891 2857 habe,
2924 2796 2981 2846 et
3010 2792 3265 2863 implesti
3292 2792 3539 2863 Legem.
3574 2792 3817 2858 Quienim
3839 2790 3906 2843 di-

2298 2878 2695 2948 ligitatterum,
2716 2880 2908 2950 Legem
2926 2880 3191 2951 implevit,
3218 2881 3301 2937 ait
3326 2882 3681 2954 Apostolus:
3710 2886 3777 2948 et,
3803 2879 3903 2934 Ple-

2292 2967 2483 3023 nitudo
2507 2968 2670 3039 Legis
2699 2969 2942 3023 charitas
2972 2970 3144 3037 (Rom.
3179 2986 3299 3034 xm,
3353 2974 3413 3041 8,
3455 2973 3560 3042 10).
3596 2972 3728 3025 Puto
3755 2971 3902 3024 istam

2294 3056 2681 3127 margaritam
2700 3073 2831 3113 esse
2852 3058 3014 3113 illam
3029 3075 3213 3129 quam
3237 3059 3428 3115 homo
3448 3060 3760 3132 negotiator
3774 3072 3904 3129 que:-

2295 3145 2440 3199 sisse
2469 3145 2820 3201 describitur
2845 3146 2903 3201 in
2936 3148 3277 3218 Evangelio,
3333 3148 3443 3220 qui
3499 3149 3714 3203 invenit
3752 3160 3902 3201 unam

2296 3236 2764 3304 margaritam,et
2779 3236 3043 3292 vendidit
3057 3237 3263 3293 omnia
3282 3253 3427 3310 quae
3452 3235 3907 3304 habebat,etemit

2295 3339 2428 3379 eam
2457 3324 2671 3395 (Matth.
2725 3342 2845 3390 xm,
2876 3327 2988 3398 46).
3026 3328 3158 3382 Haec
3190 3330 3276 3382 est
3307 3328 3635 3398 margarita
3664 3326 3903 3400 pretiosa,

2294 3412 2576 3479 charitas,
2607 3415 2733 3470 sine
2764 3430 2884 3487 qua
2911 3416 3055 3471 nihil
3115 3416 3218 3471 tibi
3249 3415 3499 3487 prodest
3527 3417 3905 3489 quodcumque

2294 3500 2577 3557 habueris
2599 3525 2612 3558 :
2637 3519 2822 3576 quam
2843 3504 2891 3558 si
2906 3504 3099 3561 solam
3114 3505 3359 3599 habeas,
3387 3506 3608 3599 sufﬁcit.
3628 3504 3743 3599 tibi.
3765 3499 3901 3599 Modo

2296 3606 2433 3645 cum
2475 3590 2590 3646 fide
2620 3592 2802 3661 vides,
2835 3598 2975 3649 tunc
3006 3610 3141 3649 cum
3172 3595 3368 3665 specie
3409 3595 3658 3650 videbis.
3692 3594 3745 3648 Si
3773 3590 3902 3646 enim

2296 3695 2576 3735 amamus
2588 3697 2722 3735 cum
2740 3697 2858 3737 non
2882 3682 3505 3754 videmus,quomodo
3521 3682 3905 3755 amplectamur

2296 3783 2433 3823 cum
2462 3768 2817 3825 viderimus?
2839 3772 2955 3826 Sed
2974 3771 3074 3826 ubi
3094 3787 3203 3826 nos
3233 3771 3535 3827 debemus
3557 3774 3834 3828 exercere?
3854 3769 3903 3819 lu

2299 3872 2503 3912 amore
2520 3856 2804 3915 fraterno.
2841 3859 3010 3915 Potes
3030 3859 3170 3914 mihi
3198 3861 3419 3932 dicere,
3446 3864 3568 3917 Non
3589 3860 3702 3916 vidi
3727 3861 3903 3952 Deum}

2299 3947 2591 4018 numquid
2606 3955 2772 4019 potes
2801 3949 2942 4003 mihi
2967 3949 3183 4014 dicere,
3204 3952 3331 4005 Non
3356 3950 3479 4006 vidi
3502 3945 3906 4041 hominem?

2299 4034 2412 4105 lige
2435 4034 2694 4091 fratrem.
2722 4037 2780 4092 Si
2802 4039 2960 4093 enim
2987 4037 3229 4093 fratrem
3256 4053 3447 4129 quem
3468 4040 3627 4095 vides
3649 4034 3904 4129 dilexeris,

2299 4124 2475 4180 simul
2508 4125 2735 4181 videbis
2766 4131 2820 4181 et
2850 4127 3069 4193 Deum;
3098 4127 3240 4199 quia
3271 4126 3508 4184 videbis
3540 4128 3722 4200 ipsam
3750 4124 3906 4181 chari-

2299 4218 2503 4278 tatem,
2536 4220 2589 4269 et
2616 4214 2774 4271 intus
2814 4214 3098 4271 inhabitat
3133 4218 3301 4271 Deus.
3371 4306 3402 4308 _
3693 4304 3701 4308 _
3856 4297 3889 4308 η

2372 4306 2421 4357 8.
2454 4303 2561 4369 Qui
2588 4321 2693 4358 non
2710 4312 2784 4359 est
2800 4306 3004 4376 justus,
3036 4322 3140 4359 non
3165 4312 3244 4360 est
3267 4321 3333 4360 ea;
3361 4306 3514 4371 Deo;
3542 4314 3589 4361 et
3614 4304 3702 4377 qui
3720 4318 3813 4358 non
3838 4298 3911 4353 di-

2304 4392 2425 4464 ligit
2437 4392 2670 4463 fratrem
2688 4394 3014 4460 suum.Quia
3024 4394 3133 4449 haec
3153 4401 3231 4449 est
3243 4395 3601 4450 annuntiatio
3622 4412 3637 4448 :
3654 4393 3771 4447 vide
3783 4402 3906 4483 quoo

2302 4481 2483 4536 modo
2495 4483 2812 4538 conﬁrmat
2831 4499 2843 4537 :
2861 4484 3002 4549 Quia
3019 4483 3129 4538 hmo
3145 4490 3221 4539 est
3246 4486 3600 4539 annuntiatio
3622 4498 3765 4571 quam
3778 4475 3912 4571 aud-if-

2302 4570 2477 4625 vimus
2519 4570 2584 4625 ab
2614 4572 2799 4635 initio,
2831 4580 2889 4627 ut
2947 4572 3242 4643 diligamus
3270 4574 3521 4629 invicem.
3557 4568 3905 4663 Manifestavit

2302 4659 2474 4714 nobis
2504 4659 2642 4715 inde
2673 4676 2736 4715 se
2771 4660 2967 4715 dicere
2995 4679 3006 4717 :
3036 4667 3243 4717 contra
3264 4662 3377 4718 hoc
3410 4659 3911 4753 mandatum_qui§-

2301 4749 2437 4821 quis
2454 4748 2686 4813 facit,in
2718 4749 3075 4820 peccatoillo
3102 4755 3193 4805 est
3218 4751 3523 4817 scelerato,
3552 4752 3611 4805 in
3633 4744 3909 4841 quodiucio

2300 4838 2451 4893 dunt
2468 4839 2569 4909 qui
2597 4854 2718 4893 non
2744 4843 3070 4894 nascuntur
3090 4855 3161 4894 ex
3182 4842 3317 4895 Deo.
3334 4841 3606 4895 Nonsicut
3625 4836 3750 4933 Cain
3765 4836 3912 4933 quit-t7

2302 4926 2535 4997 maligno
2548 4934 2682 4993 erat,
2698 4934 2745 4981 et
2759 4927 2950 4983 occidit
2961 4928 3193 4999 fratrem
3208 4945 3380 4984 suum.
3412 4929 3485 4983 Ει
3507 4928 3655 5022 σα]
3668 4922 3907 5022 mitra“?

2299 5015 2497 5070 occidit
2519 5017 2547 5069 ?
2578 5015 2719 5080 Quia
2738 5033 2900 5087 opera
2926 5019 3038 5086 eius
3068 5018 3307 5089 maligna
3323 5017 3572 5088 fuerunt,
3588 5015 3783 5086 fratris
3810 5017 3909 5060 vero

2296 5105 2410 5175 ejus
2427 5106 2597 5176 justa.
2624 5106 2774 5174 Ergo
2800 5105 2899 5161 ubi
2918 5112 3007 5161 est
3034 5106 3279 5172 invidia,
3304 5123 3473 5162 amor
3498 5105 3780 5199 fraternus
3800 5106 3909 5199 85:0

2297 5209 2417 5249 non
2434 5198 2647 5265 potest.
2662 5193 2935 5250 Intendat
2954 5195 3218 5251 Charitas
3232 5194 3561 5260 vestra.Qui
3578 5188 3907 5251 invidehnon

2295 5287 2480 5339 amat.
2503 5283 2814 5338 Peccatum
2838 5283 3062 5339 diaboli
3083 5291 3170 5339 est
3193 5285 3250 5339 in
3271 5284 3367 5340 illo
3388 5300 3400 5348 ;
3422 5284 3565 5372 quia
3584 5286 3637 5336 et
3665 5270 3906 5372 diabolus

2294 5370 2617 5426 invidendo
2635 5371 2866 5443 deiecit.
2884 5371 3293 5432 Ceciditenim.
3309 5377 3361 5427 et
3378 5370 3583 5426 invidit
3606 5363 3904 5423 stantiaVOn

2291 5458 2423 5515 ideo
2446 5459 2629 5515 voluit
2646 5458 2898 5529 dejicere
2922 5460 3129 5531 utipse
3147 5466 3340 5526 staret,
3363 5459 3467 5548 sed
3492 5445 3907 5548 nesolus'cadeq'

2288 5554 2394 5611 ret,
2417 5550 2627 5604 Tenete
2651 5548 2708 5603 in
2731 5549 2933 5605 animo
2954 5565 3020 5605 ex
3041 5549 3155 5605 hoc
3174 5550 3339 5621 quod
3363 5546 3627 5618 subjecit,
3648 5536 3902 5598 invidiam

2353 5689 2367 5720 ¹
2405 5687 2646 5747 Quatuor
2672 5687 2820 5751 Mss.,
2856 5692 3024 5739 etnon
3055 5690 3345 5741 nominavit
3372 5687 3684 5738 charitatem.
