4164 6184
550 174 691 229 2019

549 300 875 356 cessarium
895 304 1183 355 secretum
1225 304 1277 353 et
1306 306 1773 363 sacramentum,
1802 299 2013 354 fratres
2044 293 2186 350 mei.

551 391 703 455 Quid
724 390 918 445 valeat
932 389 1209 453 charitas,
1238 390 1435 444 omnis
1450 391 1748 459 Scriptura
1765 384 2148 444 commendat
2176 400 2192 452 ;

550 479 655 535 sed
685 479 889 533 nescio
913 478 958 532 si
992 478 1212 533 alicubi
1244 478 1501 549 amplius
1515 478 1773 549 quamin
1801 480 1912 532 ista
1940 473 2198 547 Epistola

550 568 1025 623 commendetur.
1056 570 1358 635 Rogamus
1394 583 1497 620 vos
1529 567 1985 623 etobsecramus
2018 565 2076 618 in
2091 563 2199 617 Do-

551 657 735 721 mino,
772 662 835 711 ut
865 662 920 711 et
951 657 1049 711 illa
1070 672 1204 728 quae
1240 655 1490 711 audistis
1515 657 1798 711 memoria
1832 654 2082 710 teneatis
2117 658 2201 717 ;et

549 746 626 801 ad
658 763 728 801 ea
757 762 892 817 quae
919 746 1117 800 adhuc
1131 745 1389 799 dicenda
1410 752 1568 808 snnt,
1589 745 1779 799 donec
1802 745 2044 799 ﬁniatur
2071 742 2202 811 ipsa

548 836 824 907 Epistola,
856 835 1061 889 intenti
1098 834 1367 899 veniatis,
1400 834 1605 888 intenti
1634 833 1913 888 audiatis.
1966 828 2201 901 Aperite

550 931 747 979 autem
780 940 883 978 cor
904 924 979 977 ad
1017 924 1246 977 semina
1272 923 1433 977 bono
1472 939 1485 976 :
1520 923 1840 993 exstirpate
1864 921 2095 992 spinas,
2126 933 2199 972 ne

547 1013 826 1068 etfocetur
840 1011 901 1065 in
917 1011 1082 1066 vobis
1098 1011 1259 1082 quod
1280 1012 1737 1075 seminatur,sed
1764 1012 1960 1082 potius
1975 1003 2205 1064 crescat

547 1116 716 1169 seges
741 1118 754 1166 ;
776 1105 830 1155 et
842 1100 1103 1169 gaudeat
1119 1100 1466 1169 agricola,et
1484 1100 1765 1155 horreum
1783 1099 1954 1155 vobis
1970 1113 2203 1170 praepa-

544 1196 631 1245 ret
668 1196 958 1261 tanquam
1000 1189 1335 1251 frumentis,
1381 1205 1498 1244 non
1537 1190 1727 1259 ignem
1765 1194 2053 1260 tanquam
2099 1202 2203 1258 pa-

544 1279 672 1335 leis.

1088 1411 1507 1467 TRACTATUS
1544 1412 1629 1466 VI.

545 1541 615 1596 In
642 1539 804 1605 illud,
833 1542 898 1594 Et
926 1539 984 1593 in
1012 1539 1124 1593 hoc
1154 1539 1809 1610 cognoscimusquiaex
1833 1536 2076 1593 veritate
2106 1552 2201 1591 su-

620 1645 969 1699 mus;usque
994 1629 1065 1682 ad
1093 1628 1168 1694 id,
1207 1632 1270 1683 Et
1299 1628 1393 1683 hic
1416 1636 1503 1683 est
1533 1627 1930 1683 Antichristus
1971 1627 2045 1681 de
2076 1640 2199 1698 quo

616 1719 889 1783 audistis,
931 1726 1031 1774 etc.
1077 1717 1211 1787 Cap.
1270 1733 1347 1783 ιιι,
1404 1716 1466 1776 ἵ.
1520 1719 1701 1787 19-24,
1762 1724 1809 1771 et
1848 1733 1966 1786 cap.
2018 1731 2099 1779 iv,
2133 1714 2201 1775 ἢν.

623 1810 732 1863 1-3.

612 1930 657 1983 1.
685 1930 741 1984 Si
776 1929 1147 1993 meministis,
1181 1930 1405 1991 fratres,
1440 1930 1715 1986 hesterno
1747 1945 1856 1985 nos
1915 1929 2199 1984 clausisse

545 2033 884 2073 sermonem
909 2018 985 2073 ad
1002 2018 1175 2073 istam
1197 2019 1717 2091 sententiam,qua3
1731 2018 1854 2073 sine
1870 2018 2054 2073 dubio
2076 2032 2200 2072 ma-

545 2123 684 2163 nere
717 2107 1179 2162 debuitetdebet
1205 2108 1264 2162 in
1279 2108 1455 2162 corde
1471 2114 1683 2173 vestro,
1704 2108 1847 2179 quia
1873 2108 2068 2178 ipsam
2092 2121 2201 2162 no-

544 2196 857 2251 vissimam
881 2196 1130 2251 audistis
1153 2212 1212 2250 :«
1252 2196 1462 2263 Filioli,
1511 2212 1629 2251 non
1661 2196 1984 2265 diligamus
2018 2196 2199 2250 verbo

543 2288 778 2340 tantum
809 2290 865 2339 et
886 2284 1108 2353 lingua,
1132 2285 1238 2339 sed
1265 2300 1441 2355 opere
1456 2286 1789 2340 etveritate.
1816 2305 1842 2335 »
1870 2284 2087 2339 Deinde
2112 2300 2201 2339 se-

540 2375 742 2445 quitur
771 2390 827 2429 :«
853 2374 1102 2429 Etinhoc
1128 2375 1540 2442 cognoscimus
1568 2376 1710 2445 quia
1741 2390 1811 2428 ex
1831 2375 2073 2429 veritate
2103 2390 2201 2427 su-

542 2478 698 2527 mus,
719 2468 774 2517 et
802 2478 995 2517 coram
1014 2463 1148 2534 ipso
1164 2462 1598 2533 persuademus
1623 2462 1784 2518 cordi
1808 2469 2008 2517 nostro
2028 2479 2039 2517 :
2056 2463 2201 2533 quia

542 2551 590 2608 si
618 2550 773 2605 male
801 2553 1167 2606 senseritcor
1184 2556 1479 2616 nostrum,
1508 2553 1700 2621 major
1731 2556 1824 2606 est
1849 2554 1999 2605 Deus
2013 2551 2193 2606 corde

544 2643 766 2703 nostro,
796 2645 851 2692 et
872 2638 1033 2694 novit
1058 2640 1281 2694 omnia.
1320 2661 1347 2690 ››
1378 2639 1631 2704 Dixerat,
1660 2662 1687 2688 «
1716 2642 1842 2694 Non
1873 2639 2194 2707 diligamus

544 2727 729 2782 verbo
760 2732 992 2782 tantum
1041 2734 1097 2782 et
1134 2728 1361 2796 lingua,
1395 2728 1500 2782 sed
1550 2743 1730 2799 opere
1761 2733 1818 2783 et
1859 2728 2138 2784 veritate:
2168 2748 2195 2777 »

542 2817 828 2888 quaeritur
858 2832 893 2871 a
925 2816 1120 2884 nobis,
1153 2817 1212 2870 in
1245 2831 1365 2887 quo
1405 2832 1585 2887 opere
1617 2822 1669 2871 et
1702 2818 1761 2871 in
1792 2832 1916 2887 qua
1954 2818 2195 2873 veritate

543 2903 893 2974 agnoscitur
918 2906 1019 2976 qui
1050 2904 1239 2975 diligit
1266 2906 1470 2970 Deum,
1499 2905 1705 2977 velqui
1736 2905 1927 2976 diligit
1956 2906 2195 2961 fratrem

545 3009 744 3048 suum.
772 2994 899 3048 tam
923 2995 1196 3064 superius
1209 2993 1759 3066 dixeratquousque
1782 2994 2040 3050 charitas
2070 3011 2198 3067 per-

540 3081 810 3152 ﬁciatur;
845 3082 1005 3153 quod
1037 3087 1093 3136 et
1136 3083 1415 3137 Dominus
1444 3085 1501 3137 in
1540 3084 1862 3153 Evangelio
1888 3084 1988 3154 ait,
2024 3085 2199 3155 Majo-

542 3186 655 3225 rem
668 3170 764 3225 hac
792 3188 938 3225 nemo
958 3170 1113 3226 habet
1144 3171 1491 3237 charitatem,
1517 3189 1675 3242 quam
1701 3179 1761 3227 ut
1781 3173 2021 3228 animam
2045 3190 2195 3228 suam

538 3266 704 3331 ponat
730 3276 832 3331 pro
855 3261 1048 3315 amicis
1078 3263 1191 3315 suis
1232 3260 1414 3331 (Joan.
1450 3278 1547 3327 xv,
1592 3262 1677 3332 l3)
1710 3278 1721 3316 :
1757 3268 1815 3316 et
1838 3263 1941 3317 iste
1969 3264 2081 3318 hoc
2112 3263 2199 3318 di-

538 3354 725 3414 xerat,
759 3348 910 3403 Sicut
936 3349 1034 3404 ille
1067 3349 1303 3403 animam
1333 3367 1486 3404 suam
1515 3367 1621 3421 pro
1652 3350 1807 3404 nobis
1856 3351 2058 3420 posuit,
2092 3351 2196 3405 de-

543 3438 719 3493 bemus
744 3445 793 3493 et
815 3450 905 3493 nos
934 3440 1147 3493 animus
1177 3456 1281 3509 pro
1328 3439 1607 3510 fratribus
1657 3456 1873 3510 ponere.
1918 3440 2051 3494 Haec
2107 3444 2199 3495 est

542 3529 823 3599 perfectio
848 3528 1186 3594 charitatis;
1222 3536 1277 3583 et
1306 3530 1500 3599 major
1552 3530 1805 3585 omnino
1839 3543 1961 3583 non
2001 3533 2197 3599 potest

542 3619 811 3673 inveniri.
847 3618 957 3673 Sed
986 3619 1132 3690 quia
1157 3633 1277 3673 non
1298 3618 1358 3673 in
1394 3619 1678 3674 omnibus
1711 3617 1975 3689 perfecta
1996 3624 2103 3683 est,
2140 3623 2197 3673 et

541 3706 862 3778 desperare
921 3723 1041 3761 non
1068 3707 1246 3762 debet
1273 3710 1331 3761 in
1375 3724 1497 3780 quo
1527 3708 1786 3779 perfecta
1840 3723 1962 3762 non
2002 3712 2108 3773 est,
2146 3708 2197 3762 si

536 3794 666 3863 jam
698 3801 840 3849 nata
881 3801 969 3849 est
994 3811 1128 3865 quae
1164 3796 1504 3866 perficiatur
1540 3813 1551 3851 :
1586 3802 1636 3851 et
1692 3798 1892 3868 utique
1953 3796 2001 3849 si
2056 3803 2196 3852 nata

540 3887 650 3945 est,
683 3883 1001 3937 nutrienda
1030 3889 1140 3945 est,
1174 3892 1227 3939 et
1253 3884 1621 3954 quibusdam
1657 3886 1781 3939 suis
1816 3884 2194 3939 nutrimentis

542 3969 619 4025 ad
641 3969 1063 4040 perfectionem
1113 3973 1420 4042 propriam
1465 3973 1873 4043 perducenda.
1908 3974 2195 4039 Quaesivi-

553 4074 690 4114 mus
710 4058 1154 4114 inchoationem
1182 4060 1483 4115 charitatis
1520 4061 1675 4116 unde
1708 4062 1973 4133 incipiat,
2032 4066 2088 4117 et
2114 4062 2196 4117 ibi

541 4149 827 4204 continuo
850 4148 1190 4204 invenimus
1221 4148 1319 4203 :Si
1341 4149 1460 4220 quis
1490 4150 1639 4204 habet
1666 4151 1955 4221 facultates
1980 4150 2194 4215 mundi,

542 4246 594 4294 et
628 4237 828 4294 viderit
853 4239 1089 4311 fratrem
1117 4255 1271 4293 suum
1311 4246 1563 4309 egentem,
1596 4246 1645 4293 et
1669 4239 1934 4294 clauserit
1986 4243 2194 4297 viscera

538 4344 637 4383 sua
669 4328 927 4384 adversus
950 4345 1067 4384 eum
1095 4351 1115 4399 ,-
1142 4328 1400 4400 quomodo
1431 4328 1651 4384 dilectio
1682 4328 1870 4383 Patris
1926 4338 2103 4385 manet
2134 4331 2193 4385 in

545 4417 643 4473 illo
672 4418 717 4489 (Ι
745 4418 903 4473 Joan.
936 4435 1015 4485 ιιι,
1046 4421 1133 4482 16,
1159 4418 1296 4490 l7)?
1323 4421 1469 4489 Ergo
1501 4419 1595 4474 hic
1625 4418 1833 4490 incipit
1862 4420 1971 4475 ista
2003 4420 2198 4475 chari-

548 4512 659 4573 tas,
692 4508 924 4576 fratres,
967 4515 1028 4564 ut
1052 4509 1127 4563 de
1153 4509 1274 4563 suis
1303 4507 1621 4579 superfluis
1655 4508 1871 4564 tribuat
1897 4508 2113 4578 egenti,
2135 4509 2194 4564 in

540 4594 837 4666 angustiis
885 4598 1190 4670 aliquibus
1252 4600 1615 4663 constituto;
1664 4614 1735 4653 cx
1768 4613 1838 4653 eo
1877 4598 2037 4671 quod
2084 4598 2197 4653 sibi

545 4685 818 4742 abundat
839 4687 1172 4741 secundum
1206 4692 1468 4759 tempus,
1495 4703 1531 4743 a
1557 4687 1937 4744 tribulatione
1971 4692 2198 4759 tempo-

542 4772 651 4829 rali
676 4772 878 4829 liberet
900 4775 1162 4831 fratrem.
1194 4775 1340 4831 Hinc
1366 4777 1682 4831 exordium
1714 4782 1801 4832 cst
1858 4778 2189 4833 charitatis.

541 4860 713 4918 Hanc
743 4862 825 4918 ita
853 4870 1133 4933 cceptam,
1167 4865 1215 4918 si
1243 4865 1424 4920 verbo
1457 4866 1556 4919 Dei
1585 4871 1641 4920 et
1680 4881 1783 4936 spe
1808 4864 2017 4921 futuras
2067 4868 2196 4921 vitae

541 4950 838 5016 nutrieris,
872 4952 1183 5023 pervenies
1222 4954 1301 5009 ad
1323 4953 1483 5008 illam
1527 4953 1971 5024 perfectionem,
2009 4960 2071 5009 ut
2094 4973 2201 5026 pa-

543 5046 713 5099 ratus
777 5042 859 5097 sis
916 5042 1182 5098 animam
1241 5047 1409 5098 tuam
1474 5058 1696 5115 ponere
1757 5058 1865 5114 pro
1912 5042 2198 5099 fratribus

546 5133 687 5189 tuis.

617 5265 669 5316 2.
690 5260 807 5317 Sed
823 5261 965 5333 quia
1010 5259 1197 5315 multa
1221 5259 1358 5316 talia
1380 5259 1618 5316 ﬁuntab
1635 5259 1726 5315 his
1757 5262 1859 5333 qui
1891 5261 2008 5317 alia
2036 5277 2201 5334 quae-

546 5357 703 5418 runt,
727 5358 783 5406 et
813 5352 915 5422 qui
942 5350 1152 5407 fratres
1186 5365 1306 5406 non
1330 5357 1927 5415 amant;revocemur
1947 5350 2025 5405 ad
2048 5350 2203 5405 testi-

547 5440 819 5491 monium
867 5440 1261 5494 conscientiae.
1307 5439 1469 5495 Unde
1509 5440 1839 5510 probamus
1880 5438 2022 5511 quia
2064 5438 2205 5494 talia

548 5525 982 5581 multatiuntab
997 5528 1087 5581 his
1100 5531 1200 5599 qui
1221 5528 1426 5584 fratres
1442 5544 1561 5584 non
1574 5526 1822 5584 amant?
1836 5530 2026 5594 Quam
2054 5526 2205 5582 mul-

546 5616 586 5671 ti
608 5630 669 5669 se
690 5613 750 5666 in
766 5613 1093 5669 haeresibus
1115 5620 1169 5669 et
1186 5617 1608 5673 schismatibus
1634 5622 1928 5688 martyres
1962 5615 2203 5672 dicunt!

545 5701 829 5763 Videntur
845 5699 962 5756 sibi
980 5702 1253 5759 animam
1273 5718 1494 5775 ponere
1516 5719 1625 5776 pro
1646 5703 1931 5762 fratribus
1961 5705 2116 5761 suis.
2144 5704 2204 5761 Si

1305 174 1373 229 IN
1414 172 1818 230 EPISTOLAM
1858 168 2156 229 JOANNIS
2192 167 2291 222 'AD
2332 160 2682 234 PARTHOS,
2734 172 2791 227 S.
2833 166 3213 228 AUGUSTINI

3792 177 3907 241 2090

2306 309 2415 365 pro
2434 294 2713 349 fratribus
2731 297 2995 353 animam
3016 302 3325 367 ponerent,
3351 315 3467 356 non
3490 317 3549 357 se
3579 304 3653 359 ab
3677 306 3912 367 universa

2308 384 2668 438 fraternitate
2700 390 3063 456 separarent.
3102 390 3240 441 Item
3283 402 3463 459 quam
3494 392 3651 447 multi
3687 400 3914 469 suntqui

2304 471 2604 542 jactantia:
2636 489 2815 529 causa
2853 474 3036 530 multa
3075 474 3362 544 tribuunt,
3398 480 3583 535 multa
3610 482 3918 549 donant;et

2311 574 2430 614 non
2455 558 2537 615 ibi
2559 568 2831 632 quaerunt
2860 561 2971 616 nisi
2996 561 3236 618 laudem
3268 564 3591 623 humanam
3618 575 3671 624 et
3704 572 3919 640 gloriam

2311 649 2683 721 p0pularem,
2712 651 2940 720 plenam
2968 653 3180 719 ventis,
3203 654 3364 709 nulla
3398 656 3708 714 stabilitate
3742 660 3923 718 solida-

2314 745 2432 794 tam
2451 739 2462 793 l
2480 740 2627 804 Quia
2639 756 2781 808 ergo
2802 746 2937 796 sunt
2952 740 3116 807 tales,
3137 741 3236 797 ubi
3267 744 3574 811 probanda
3588 749 3921 806 eritcharitas

2314 827 2571 883 fraterna
2585 828 2612 882 ‘l
2624 830 2766 900 quia
2782 829 3135 886 voluitillam
3156 832 3411 903 probari,
3426 840 3478 889 et
3500 837 3578 890 ait
3594 836 3916 895 admonens:

2316 916 2657 985 Filioli,non
2682 917 2972 989 diligamus
2998 920 3150 975 verbo
3172 928 3376 977 tantum
3408 927 3459 977 et
3481 925 3677 995 lingua,
3694 927 3773 980 sed
3795 945 3920 998 opere

2314 1013 2366 1063 et
2388 1007 2634 1061 veritate.
2651 1008 3001 1074 Qumrimus,
3018 1010 3077 1063 In
3102 1026 3223 1081 quo
3245 1026 3440 1082 opere,
3457 1014 3514 1068 in
3544 1031 3661 1086 qua
3684 1018 3923 1073 veritate?

2315 1096 2652 1152 Potestesse
2671 1097 3036 1153 manifestius
3056 1115 3232 1170 opus,
3255 1117 3439 1171 quam
3461 1103 3712 1159 tribuere
3735 1122 3921 1176 paupe-

2312 1185 2473 1240 ribus
2504 1186 2531 1238 ?
2562 1186 2722 1240 Multi
2748 1186 2859 1241 hoc
2885 1187 3173 1256 jactantia
3198 1188 3445 1256 faciunt,
3480 1206 3597 1247 non
3628 1194 3918 1251 dilectione.

2312 1274 2505 1329 Potest
2527 1290 2653 1328 esse
2680 1275 2874 1345 majus
2901 1290 3076 1347 opus,
3108 1292 3291 1348 quam
3325 1280 3475 1334 mori
3508 1296 3614 1350 pro
3639 1281 3919 1339 fratribus?

2316 1364 2374 1418 Et
2390 1362 2500 1417 hoc
2516 1363 2683 1418 multi
2698 1363 3104 1436 voluntputari
3121 1382 3181 1420 se
3196 1366 3693 1438 facere,jactantia
3706 1373 3922 1429 nominis

2311 1452 2723 1523 comparandi,
2756 1468 2875 1507 non
2906 1454 3235 1509 visceribus
3276 1455 3628 1513 dilectionis.
3667 1462 3845 1515 Restat
3876 1468 3925 1517 ut

2310 1539 2405 1595 ille
2430 1540 2637 1609 diligat
2665 1540 2926 1607 fratrem,
2960 1543 3062 1614 qui
3088 1548 3224 1599 ante
3254 1546 3442 1599 Deum
3473 1546 3570 1601 ubi
3597 1547 3749 1603 solus
3772 1549 3923 1615 videt,

2311 1629 2475 1683 cordi
2493 1645 2601 1685 suo
2626 1631 2963 1700 persuadet,
2984 1634 3377 1703 etinterrogat
3398 1650 3502 1690 cor
3525 1652 3695 1691 suum
3720 1654 3788 1693 an
3812 1653 3921 1693 vere

2310 1723 2552 1788 propter
2573 1718 2822 1774 fratrum
2846 1719 3229 1777 dilectionem
3254 1723 3365 1778 hoc
3388 1723 3587 1789 faciat;
3616 1732 3670 1780 et
3695 1726 3923 1797 perhibet

2310 1806 2391 1861 illi
2420 1807 2823 1863 testimonium
2847 1810 3057 1864 oculus
3077 1810 3184 1881 qui
3207 1817 3479 1883 penetrat
3502 1829 3622 1885 cor,
3643 1830 3754 1886 quo
3770 1816 3923 1871 homo

2311 1898 2613 1952 attendere
2649 1914 2769 1952 non
2799 1896 3009 1969 potest.
3046 1900 3180 1955 Ideo
3213 1901 3430 1956 Paulus
3475 1903 3786 1974 apostolus,
3809 1906 3927 1973 quia

2311 1991 2559 2057 paratus
2598 1992 2723 2041 erat
2755 1988 2905 2042 mori
2939 2004 3047 2058 pro
3087 1988 3385 2057 fratribus,
3440 1998 3499 2047 et
3542 1992 3786 2059 diccbat,
3829 1994 3925 2065 Ipse

2312 2074 2593 2145 impendar
2610 2092 2712 2146 pro
2736 2077 3021 2132 animabus
3040 2078 3231 2133 vestris
3254 2079 3295 2151 (Ι
3307 2080 3322 2132 l
3346 2082 3481 2136 (ἔον.
3508 2098 3609 2145 xit.
3632 2083 3711 2152 15)
3729 2099 3741 2136 :
3758 2086 3925 2137 tamen

2310 2162 2452 2235 quia
2475 2166 2626 2218 Deus
2648 2164 2761 2219 hoc
2789 2164 3094 2220 videbatin
3114 2166 3291 2223 corde
3310 2168 3528 2239 ipsius,
3545 2186 3661 2225 non
3689 2170 3924 2225 homines

2311 2252 2533 2323 quibus
2553 2252 2929 2323 loquebatur,
2953 2254 3036 2309 ait
3057 2254 3189 2320 illis,
3214 2257 3345 2311 Mihi
3366 2266 3550 2313 autem
3581 2260 3844 2313 minimum
3867 2262 3926 2311 ut

2310 2346 2372 2395 ut
2407 2358 2439 2394 a
2468 2340 2611 2395 vobis
2639 2342 2927 2411 dijudicer,
2959 2350 3055 2398 aut
3092 2343 3157 2398 ab
3184 2345 3423 2402 humano
3451 2348 3537 2402 die
3566 2348 3610 2419 (Ι
3636 2348 3754 2404 Cor.
3780 2350 3924 2417 iv,3).

2307 2431 2378 2487 Et
2418 2430 2648 2485 ostendi
2679 2430 2857 2486 etiam
2898 2432 3025 2503 ipse
3073 2435 3341 2504 quodam
3402 2436 3542 2493 loco
3588 2440 3724 2509 quia
3767 2437 3925 2493 solent

2308 2518 2421 2574 ista
2438 2518 2557 2573 fieri
2578 2519 2742 2575 inani
2765 2521 3201 2588 jactantia,non
3227 2524 3617 2582 firmamento
3633 2523 3931 2585 charitatis;

2302 2607 2384 2663 ait
2415 2609 2575 2664 enim
2601 2625 2737 2664 cum
2761 2610 2834 2664 de
2860 2610 3051 2681 ipsius
3085 2612 3390 2668 charitatis
3431 2615 3917 2670 commendatione

2301 2696 3067 2768 loqueretur,Sidistribuero
3087 2701 3265 2755 omnia
3284 2717 3405 2757 mea
3428 2703 3767 2774 pauperibus,
3781 2708 3926 2757 ettra-

2301 2785 2487 2839 didero
2514 2802 2706 2857 corpus
2734 2804 2905 2842 meum
2938 2796 2993 2844 ut
3023 2790 3267 2857 ardeam,
3297 2791 3631 2848 charitatem
3661 2801 3821 2848 autem
3840 2805 3924 2845 non

2303 2875 2540 2941 habeam,
2580 2875 2721 2931 nihil
2747 2876 2881 2931 mihi
2914 2877 3127 2947 prodest
3159 2878 3266 2947 (Id.
3301 2896 3431 2946 xui,
3477 2885 3555 2951 3).
3593 2886 3769 2936 Potest
3790 2879 3923 2934 enim

2303 2966 2628 3035 quisquam
2658 2965 2773 3020 hoc
2808 2964 3001 3022 facere
3036 2967 3164 3022 sine
3196 2968 3494 3026 charitate
3527 2970 3551 3025 εἰ
3581 2973 3774 3026 Potest.
3807 2970 3926 3024 Nam

2306 3054 2410 3125 qui
2449 3069 2570 3109 non
2616 3054 2841 3111 habent
2888 3056 3259 3126 charitatem,
3305 3058 3645 3115 diviserunt
3682 3059 3927 3114 unitatem

2306 3145 2401 3213 (a).
2427 3144 2679 3208 Quaerite
2712 3144 2813 3209 ibi,
2848 3150 2905 3201 et
2937 3144 3205 3201 videbitis
3238 3146 3465 3204 multos
3496 3150 3681 3204 multa
3707 3147 3925 3202 tribuere

2306 3233 2671 3303 pauperibus
2700 3253 2713 3301 ;
2749 3234 3023 3290 videbitis
3055 3234 3204 3291 alios
3239 3243 3492 3306 paratos
3529 3237 3607 3293 ad
3644 3236 3925 3306 suscipien-

2305 3320 2449 3375 dam
2478 3328 2748 3387 mortem,
2774 3321 2855 3377 ita
2888 3331 2950 3377 ut
2973 3323 3298 3380 desistente
3312 3332 3713 3396 persecutore,
3731 3325 3925 3395 seipsos

2305 3411 2673 3481 praecipitent
2704 3431 2715 3469 :
2752 3411 2847 3467 isti
2874 3412 3001 3468 sine
3032 3412 3218 3469 dubio
3248 3414 3374 3470 sine
3420 3416 3698 3472 charitate
3732 3415 3829 3469 hoc
3861 3410 3927 3465 fa-

2306 3501 2485 3554 ciunt.
2509 3502 3023 3570 Revocemurergo
3037 3502 3115 3558 ad
3137 3503 3675 3571 conscientiam,de
3691 3519 3799 3577 qua
3815 3500 3930 3557 dicit

2304 3588 2624 3659 Apostolus
2657 3607 2669 3642 :
2704 3590 2847 3646 Nam
2881 3591 3054 3661 gloria
3096 3597 3285 3647 nostra
3322 3592 3441 3649 haec
3472 3602 3570 3663 est,
3602 3594 3927 3649 testimonium

2302 3678 2634 3733 conscientiae
2654 3687 2851 3733 nostrae
2872 3680 2939 3750 (ll
2965 3679 3089 3734 Cor.
3108 3697 3143 3749 ι,
3170 3684 3266 3751 t2).
3296 3684 3671 3739 Revocemur
3688 3682 3759 3738 ad
3784 3693 3927 3735 cons-

2303 3766 2600 3830 cientiam,
2620 3768 2691 3822 de
2714 3769 3005 3839 quaidem
3020 3769 3186 3828 dicit:
3206 3770 3348 3841 Opus
3373 3778 3580 3827 tautem
3607 3788 3751 3826 suum
3775 3766 3925 3840 probet

2302 3856 2680 3927 unusquisque,
2724 3864 2769 3911 et
2810 3864 2935 3912 tunc
2974 3857 3030 3911 in
3059 3860 3337 3929 semetipso
3382 3861 3615 3931 gloriam
3650 3857 3855 3920 habebit,
3881 3859 3920 3907 et

2306 3962 2409 3999 non
2440 3947 2497 4000 in
2520 3945 2688 4000 altero
2720 3945 2924 4016 (Galat.
2964 3962 3038 4012 v1,
3068 3947 3144 4018 4).
3179 3948 3342 4019 Opus
3372 3966 3517 4019 ergo
3548 3966 3718 4005 suum
3743 3944 3922 4019 probet

2307 4034 2722 4106 unusquisque
2765 4042 3055 4101 nostrum,
3100 4040 3297 4091 utrum
3338 4037 3415 4093 de
3457 4055 3609 4093 vena
3654 4029 3922 4093 charitatis

2304 4131 2561 4189 emanet,
2589 4130 2787 4179 utrum
2813 4124 2887 4179 de
2910 4124 3111 4180 radice
3132 4125 3467 4183 dilectionis
3492 4127 3637 4183 rami
3660 4128 3919 4181 bonorum

2304 4228 2555 4285 operum
2584 4213 2894 4285 pullulent.
2922 4212 3065 4284 Opus
3086 4222 3263 4270 autem
3281 4233 3446 4271 suum
3468 4217 3649 4287 probet
3670 4210 3921 4283 unusquis-

2302 4320 2420 4374 que,
2454 4305 2553 4371 ait,
2595 4311 2643 4358 et
2684 4311 2809 4359 tunc
2840 4304 2899 4357 in
2931 4305 3211 4376 semetipso
3248 4305 3483 4376 gloriam
3514 4304 3733 4369 habebit,
3764 4310 3807 4357 et
3836 4315 3923 4353 non

2304 4394 2365 4446 in
2381 4392 2553 4447 altero
2574 4412 2585 4451 :
2609 4409 2729 4448 non
2758 4393 3007 4464 quando
3030 4392 3112 4448 illi
3132 4393 3405 4465 perhibet
3430 4393 3817 4450 testimonium
3835 4388 3927 4443 lin-

2306 4496 2427 4551 gua
2452 4482 2669 4548 aliena,
2712 4482 2816 4537 sed
2847 4482 3093 4554 quando
3134 4482 3406 4554 perhibet
3436 4481 3785 4540 conscientia
3810 4491 3927 4550 pro-

2308 4587 2459 4643 prta.

2376 4663 2429 4715 3.
2470 4660 2590 4716 Hoc
2622 4674 2761 4729 ergo
2794 4659 2888 4714 hic
2920 4659 3324 4716 commendat.
3370 4660 3435 4715 In
3476 4661 3570 4717 hoc
3608 4655 3927 4732 cognoscimus

2304 4751 2431 4821 quia
2447 4766 2511 4803 ex
2528 4749 2754 4803 veritate
2773 4765 2977 4818 sumus,
2996 4750 3242 4821 quando
3261 4765 3441 4822 opere
3466 4757 3521 4806 et
3550 4751 3801 4812 veritate,
3830 4755 3931 4799 non

2310 4840 2505 4894 verbis
2528 4838 2800 4909 etlingua
2823 4846 3053 4894 tantum
3077 4838 3381 4909 diligimus
3401 4856 3412 4895 :
3434 4847 3483 4894 et
3506 4856 3686 4895 coram
3708 4838 3810 4908 ipso
3823 4847 3933 4905 per-

2306 4927 2587 4983 suademus
2615 4927 2769 4982 cordi
2788 4933 2991 4993 nostro,
3021 4927 3171 4995 Quid
3196 4937 3302 4995 est,
3332 4945 3513 4984 coram
3534 4929 3682 5000 ipso?
3712 4924 3804 4982 Ubi
3830 4924 3934 4994 ipse

2308 5017 2665 5074 videt.Unde
2698 5017 2828 5089 ipse
2866 5017 3155 5073 Dominus
3188 5018 3247 5073 in
3280 5017 3844 5089 Evangelio:Cavete,
3865 5011 3935 5064 in-

2308 5106 2452 5179 quit,
2481 5107 2658 5178 facere
2669 5106 2951 5176 justitiam
2976 5115 3203 5162 vestram
3228 5125 3411 5164 coram
3446 5107 3762 5167 hominibus,
3782 5107 3836 5156 ut
3861 5098 3937 5151 vi-

2310 5195 2549 5249 deamini
2576 5194 2645 5249 ab
2668 5195 2740 5249 eis
2760 5211 2781 5250 .'
2801 5196 3048 5267 alioquin
3073 5197 3361 5253 mercedem
3388 5213 3499 5251 non
3536 5192 3785 5250 habebitis
3814 5182 3937 5258 apud

2309 5283 2529 5338 Patrem
2560 5292 2793 5339 vestrum
2832 5287 2925 5355 qui
2956 5286 3011 5339 in
3038 5286 3183 5340 caelis
3212 5293 3306 5341 est.
3344 5285 3405 5341 Et
3435 5285 3581 5357 quid
3615 5288 3717 5346 est,
3745 5279 3935 5334 Nescia!

2309 5373 2539 5427 sinistra
2571 5380 2661 5427 tua
2688 5373 2820 5443 quid
2846 5373 3013 5442 faciat
3040 5373 3265 5429 dextera
3297 5383 3387 5428 tua
3418 5371 3653 5443 (Matth.
3687 5385 3755 5431 γι,
3783 5369 3827 5431 1,
3852 5364 3927 5431 3)ε

2313 5462 2423 5517 nisi
2464 5463 2607 5534 quia
2645 5463 2907 5533 dextera,
2945 5479 3097 5534 pura
3135 5463 3498 5519 conscientia
3533 5468 3618 5516 est
3648 5477 3662 5526 ;
3703 5457 3937 5513 sinistra.

2313 5551 2523 5607 mundi
2564 5552 2859 5624 cupiditas
2896 5552 2925 5605 ‘2
2962 5552 3120 5609 Multi
3158 5569 3266 5626 per
3312 5550 3696 5623 cupiditatem
3753 5536 3936 5601 mundi

2372 5714 2452 5775 (α)
2478 5712 2795 5765 Donatistae.
