4182 6198
226 168 372 228 2021

226 293 418 349 multa
450 292 601 348 mira
625 290 879 358 faciunt;
901 291 1143 346 sinistra
1169 294 1471 362 operatur,
1497 306 1619 346 non
1652 292 1881 349 dextra.

226 383 444 438 Dextra
472 380 651 438 debet
679 381 935 452 operari,
963 386 1018 435 et
1046 379 1342 435 nesciente
1373 381 1632 450 sinistra,
1686 386 1748 435 ut
1776 397 1886 436 nec

224 472 555 528 misceatse
572 469 869 542 cupiditas
891 469 1113 533 saeculi,
1132 470 1379 540 quando
1396 469 1624 541 aliquid
1646 470 1786 525 boni
1801 470 1886 525 di-

221 560 478 616 lectione
499 574 843 631 operamur.
881 562 942 613 Et
965 558 1067 613 ubi
1098 558 1211 612 hoc
1236 560 1658 627 cognoscimus
1682 557 1710 611 ?
1742 564 1886 615 Ante

228 652 415 705 Deum
443 664 532 713 es,
562 648 864 716 interroga
891 662 994 702 cor
1016 652 1186 701 tuum
1211 663 1223 700 :
1255 646 1388 701 vide
1410 646 1555 717 quid
1589 645 1798 710 fecisti,
1832 656 1889 703 et

223 737 371 809 quid
406 737 487 792 ibi
525 736 801 808 appetisti
836 735 1124 801 ;salutem
1170 740 1359 800 tuam,
1397 751 1473 791 an
1507 735 1748 791 laudem
1787 736 1888 792 ho-

227 826 465 882 minum
486 831 817 881 ventosam.
844 824 1003 880 intus
1031 823 1164 879 vide
1188 841 1201 879 :
1226 840 1367 879 nam
1398 824 1583 880 homo
1618 825 1889 895 judicare

227 930 349 971 non
382 920 580 986 potest
615 929 798 986 quem
831 913 1028 968 videre
1058 927 1176 968 non
1206 919 1418 985 potest.
1462 913 1522 969 Si
1560 913 1890 984 persuade-

224 1019 362 1060 mus
383 1003 550 1059 cordi
579 1008 806 1069 nostro,
831 1017 1035 1057 coram
1056 1003 1187 1073 ipso
1219 1003 1717 1072 persuadeamus.
1752 1002 1892 1067 Quia

222 1094 274 1147 si
304 1093 442 1147 male
459 1092 659 1147 sentiat
683 1108 775 1145 cor
799 1090 1139 1160 nostrum,id
1164 1097 1276 1156 est,
1300 1097 1543 1146 accuset
1564 1107 1675 1146 nos
1703 1093 1889 1159 intus,

221 1182 372 1255 quia
402 1198 525 1237 non
555 1197 626 1238 eo
657 1180 862 1237 animo
894 1179 1154 1235 facimus
1193 1180 1361 1252 quod
1398 1180 1741 1235 faciendum
1774 1182 1845 1236 sit
1875 1198 1889 1247 ;

220 1274 405 1343 major
424 1278 495 1327 est
513 1271 654 1326 Deus
679 1270 837 1325 corde
859 1277 1072 1335 nostro,
1101 1277 1149 1323 et
1178 1269 1323 1323 novit
1346 1269 1547 1323 omnia.
1578 1270 1687 1325 Cor
1721 1276 1891 1324 tuum

220 1362 550 1418 abscondis
581 1362 659 1416 ab
688 1362 934 1415 homine
964 1376 978 1426 ;
1014 1375 1051 1415 a
1091 1361 1209 1415 Deo
1250 1358 1555 1414 absconde
1595 1359 1643 1412 si
1691 1366 1885 1430 potes.

218 1450 541 1517 Quomodo
572 1449 914 1506 abscondes
948 1449 1026 1504 ab
1059 1464 1149 1515 eo,
1185 1449 1278 1503 cui
1310 1447 1541 1503 dictum
1571 1454 1658 1503 est
1687 1463 1723 1503 a
1761 1464 1899 1520 pec.

218 1546 421 1597 catore
452 1538 721 1612 quodam
744 1539 987 1594 timente
1009 1544 1066 1593 et
1092 1536 1441 1592 conﬁtente:
1472 1536 1585 1601 Quo
1611 1537 1697 1592 ibo
1721 1554 1757 1591 a
1785 1538 1891 1609 spi,

218 1630 343 1685 ritu
370 1636 462 1684 tuo
501 1627 529 1683 ?
559 1637 605 1684 et
633 1645 666 1682 a
694 1629 842 1698 facie
869 1634 964 1681 tua
996 1642 1098 1696 quo
1124 1625 1334 1696 fugiam
1364 1624 1392 1680 ?
1420 1625 1735 1691 Quaerebat
1772 1642 1896 1698 qua

216 1720 473 1790 fugeret,
507 1724 566 1775 ut
596 1720 877 1774 evaderet
896 1716 1193 1787 judicium
1228 1717 1346 1781 Dei,
1379 1720 1435 1771 et
1466 1731 1586 1773 non
1628 1716 1893 1772 invenie-

222 1809 353 1866 bat.
389 1808 499 1865 Ubi
543 1808 703 1862 enim
735 1821 854 1862 non
885 1811 974 1861 est
1003 1808 1154 1859 Deus
1179 1804 1205 1857 ?
1232 1805 1300 1861 Si
1334 1804 1638 1870 asoendero,
1681 1805 1892 1876 inquit,

242 1915 281 1952 η
302 1898 519 1961 calum,
544 1895 620 1950 ibi
635 1912 686 1949 es
707 1917 725 1947 .-
746 1894 797 1950 si
815 1893 1125 1949 descendero
1145 1895 1210 1947 in
1227 1894 1530 1964 in/ernum,
1548 1893 1673 1947 ades
1694 1893 1886 1964 (Psal.

222 2002 503 2051 cxxxvm,
532 1985 618 2055 7);
642 1986 770 2050 Quo
796 1985 982 2038 iturus
1004 1998 1067 2037 es
1088 1981 1115 2036 ?
1141 1998 1262 2054 quo
1288 1983 1478 2054 fugies
1501 1981 1528 2037 ?
1562 1984 1651 2037 Vis
1687 1981 1894 2038 audire

221 2074 543 2132 consilium
571 2071 600 2127 ?
633 2074 687 2128 Si
726 2072 814 2127 vis
856 2072 934 2128 ab
978 2072 1077 2127 illo
1117 2071 1344 2140 fugere,
1377 2070 1455 2126 ad
1484 2072 1687 2142 ipsum
1719 2071 1887 2141 fuge.

228 2165 323 2221 Ad
353 2164 552 2236 ipsum
586 2164 723 2232 fuge
764 2162 1128 2226 conﬁtendo,
1163 2176 1284 2216 non
1326 2159 1406 2216 ab
1443 2160 1575 2231 ipso
1600 2161 1842 2216 latendo
1873 2178 1885 2217 :

222 2253 407 2310 latere
433 2254 592 2308 enim
621 2267 742 2307 non
773 2258 961 2323 potes,
992 2250 1099 2305 sed
1137 2250 1406 2305 conﬁteri
1432 2256 1618 2321 potes.
1648 2250 1747 2305 Dic
1789 2250 1887 2317 illi,

224 2341 524 2413 Refugium
545 2358 713 2396 meum
740 2357 792 2395 es
814 2346 875 2395 tu
901 2339 1069 2396 tPsat.
1103 2354 1267 2404 xxxi,
1292 2338 1347 2409 7)
1381 2346 1472 2404 ;et
1502 2339 1795 2395 nutriatur
1832 2341 1892 2394 in

229 2437 288 2488 te
317 2431 576 2497 dilectio,
598 2447 734 2502 quae
764 2430 895 2487 sola
925 2429 1195 2501 perducit
1224 2427 1304 2483 ad
1336 2429 1540 2483 vitam.
1573 2428 1889 2485 Perhibeat

230 2519 341 2576 tibi
368 2520 775 2576 testimonium
802 2518 1165 2575 conscientia
1195 2522 1319 2582 tua,
1358 2517 1502 2589 quia
1532 2532 1605 2572 ex
1633 2520 1751 2573 Deo
1785 2523 1891 2573 est.

229 2611 291 2666 Si
307 2626 379 2665 ex
405 2612 523 2665 Deo
544 2614 654 2675 est,
675 2607 796 2665 noli
818 2608 985 2663 illam
1004 2607 1149 2662 velle
1166 2614 1303 2663 ante
1324 2606 1598 2662 homines
1629 2606 1890 2678 jactare;

233 2699 380 2773 quia
404 2714 515 2754 nec
538 2698 745 2754 laudes
768 2697 1085 2753 hominum
1118 2702 1171 2752 te
1198 2696 1398 2752 levant
1427 2697 1487 2751 in
1514 2696 1751 2763 coelum,
1786 2712 1895 2752 nec

230 2787 704 2859 vituperationes
727 2786 863 2842 inde
888 2792 939 2843 te
958 2786 1289 2858 deponunt.
1324 2785 1421 2840 Ille
1444 2785 1642 2841 videat
1663 2785 1769 2856 qui
1798 2801 1893 2841 co-

225 2883 407 2934 ronat
430 2895 444 2944 ;
477 2875 574 2931 ille
597 2877 669 2932 sit
696 2878 866 2932 testis
890 2892 1013 2946 quo
1035 2875 1236 2946 judice
1263 2874 1591 2931 coronaris.
1618 2874 1792 2944 Major
1820 2883 1893 2929 est

221 2968 372 3022 Deus
405 2966 562 3020 corde
600 2972 807 3031 nostro,
840 2970 889 3020 et
928 2966 1081 3020 novit
1114 2964 1320 3019 omnia.

298 3085 355 3137 4.
380 3082 779 3147 Ditectissimi,
803 3083 856 3137 si
876 3096 979 3138 cor
997 3097 1119 3137 non
1147 3081 1301 3136 male
1321 3080 1584 3144 senserit,
1605 3079 1891 3148 ﬁduciam

223 3170 513 3228 habemus
552 3172 632 3228 ad
648 3175 851 3227 Deum.
868 3172 1023 3236 Quid
1036 3176 1140 3236 est,
1162 3185 1265 3226 cor
1286 3185 1398 3225 non
1418 3170 1574 3225 male
1588 3170 1839 3225 senserit
1864 3170 1891 3222 ?

223 3264 447 3317 Verum
460 3261 635 3317 nobis
646 3261 1031 3333 responderit,
1048 3260 1193 3332 quia
1204 3259 1519 3331 diligimus,
1535 3264 1591 3313 et
1604 3273 1893 3330 germana

223 3350 462 3407 dilectio
490 3356 580 3406 est
608 3350 667 3405 in
685 3350 858 3406 nobis
880 3366 894 3406 :
921 3364 1045 3405 non
1059 3351 1217 3413 ﬁcta,
1235 3349 1340 3404 sed
1353 3348 1615 3412 sincera;
1633 3348 1891 3403 salutem

221 3439 555 3497 fraternam
568 3455 865 3512 quaerens,
893 3438 1125 3495 nullum
1143 3439 1622 3494 emolumentum
1640 3454 1743 3493 exs
1750 3452 1893 3509 pec-

223 3534 363 3585 tans
394 3529 640 3595 afratre,
653 3530 766 3585 nisi
782 3529 1034 3585 salutem
1050 3528 1256 3600 ipsius.
1274 3526 1586 3583 Fiduciam
1606 3528 1889 3584 habemus

223 3618 301 3675 ad
324 3618 932 3691 Deum;etquidquid
967 3617 1493 3687 postulaverimus,
1525 3618 1891 3685 accipiemus

224 3708 296 3765 ab
308 3709 550 3779 eo,quia
566 3708 855 3765 mandata
868 3710 994 3777 eius
1007 3722 1333 3764 servamus.
1352 3706 1492 3762 Ideo
1510 3722 1625 3761 non
1640 3706 1699 3760 in
1718 3722 1892 3762 cons-

228 3806 404 3870 pectu
428 3798 771 3861 hominum,
804 3798 910 3852 sed
951 3797 1049 3851 ubi
1080 3799 1207 3867 ipse
1237 3800 1389 3851 Deus
1423 3796 1581 3852 videt
1606 3796 1667 3850 in
1690 3798 1889 3851 corde.

222 3888 541 3944 Fiduciam
578 3902 719 3957 ergo
748 3886 1030 3942 habemus
1080 3887 1160 3941 ad
1211 3887 1446 3956 Deum,-
1499 3892 1549 3941 et
1602 3884 1894 3957 quidquid

220 3976 743 4047 postulaverimus,
775 3977 851 4032 ab
873 3992 936 4032 eo
957 3974 1348 4045 accipiemus:
1380 3975 1504 4041 sed,
1543 3977 1686 4046 quia
1728 3989 1893 4030 man-

225 4067 376 4123 data
400 4068 524 4137 ejus
544 4081 873 4122 servamus.
905 4066 1046 4131 Quae
1065 4072 1200 4120 sunt
1222 4064 1509 4120 mandata
1534 4064 1585 4135 ej
1598 4064 1893 4120 us‘fNum-

230 4154 381 4229 quid
414 4171 652 4227 semper
683 4156 1072 4226 repetendum
1106 4154 1244 4209 est?
1271 4154 1627 4209 Mandatum
1675 4168 1893 4209 novum

223 4247 303 4301 do
336 4244 516 4311 vobis,
543 4253 606 4300 ut
636 4261 731 4301 vos
761 4245 1010 4301 invicem
1058 4244 1329 4313 diligatis
1380 4243 1581 4313 (Joan.
1604 4258 1726 4307 xm,
1776 4245 1889 4313 34).

225 4338 425 4408 lpsam
438 4334 1082 4406 charitatemloquitur,
1098 4335 1291 4405 ipsam
1305 4332 1711 4389 commendat.
1728 4334 1895 4397 Quis-

225 4425 369 4496 quis
388 4439 528 4496 ergo
552 4424 1195 4480 habueritcuaritatem
1224 4423 1571 4486 fraternam,
1603 4426 1659 4477 et
1689 4436 1894 4477 coram

228 4518 353 4571 Deo
380 4514 679 4577 habuerit,
713 4513 816 4568 ubi
846 4515 998 4568 Deus
1028 4511 1204 4576 videt,
1238 4525 1461 4581 corque
1492 4514 1623 4581 ejus
1650 4510 1895 4567 interro-

229 4612 441 4676 gatum
466 4602 574 4658 sub
591 4604 758 4674 justo
780 4602 1074 4670 examine,
1104 4617 1223 4655 non
1248 4601 1297 4654 ei
1322 4599 1482 4656 aliud
1501 4600 1889 4671 responderit,

226 4691 1034 4767 quamgermanamibiesse
1064 4690 1328 4745 radicem
1369 4689 1692 4754 charitatis,
1736 4690 1896 4746 unde

228 4783 378 4840 boni
409 4782 634 4837 fructus
654 4782 944 4846 existant;
995 4779 1177 4835 habet
1196 4778 1481 4835 ﬁduciam
1503 4779 1660 4850 apud
1684 4780 1893 4842 Deum,

228 4872 602 4946 etquidquid
620 4870 1027 4943 postulaverit,
1053 4869 1131 4925 ab
1149 4883 1218 4925 eo
1245 4868 1518 4939 accipiet,
1551 4868 1698 4940 quia
1724 4884 1894 4925 man-

228 4964 377 5019 data
406 4962 458 5032 ej
470 4978 537 5016 us
576 4964 791 5016 servat.

303 5083 356 5133 5.
386 5078 652 5135 Occurrit
678 5076 929 5149 qusestio
946 5075 1252 5148 quaedam,
1272 5075 1415 5147 quia
1440 5088 1561 5129 non
1575 5073 1673 5130 ille
1690 5074 1896 5131 autille

225 5170 439 5232 homo,
455 5176 556 5223 aut
573 5176 632 5222 tu
644 5174 746 5223 aut
762 5181 894 5235 ego,
915 5168 1019 5238 qui
1034 5166 1080 5220 si
1097 5182 1167 5237 pe
1183 5165 1327 5221 tiero
1349 5162 1579 5236 aliquid
1595 5164 1896 5220 aDomino

229 5261 352 5314 Deo
370 5264 599 5320 nostro,
625 5261 821 5312 etnon
844 5272 1151 5327 accepero,
1176 5255 1344 5312 facile
1374 5255 1447 5310 de
1470 5269 1566 5309 me
1589 5259 1785 5322 potest
1810 5254 1897 5308 di-

230 5363 365 5404 cere
389 5347 825 5418 unusquisque,
842 5348 966 5401 Non
979 5344 1521 5401 habetcharitatem
1546 5361 1563 5415 ;
1589 5344 1730 5399 etde
1748 5359 1896 5415 quo-

226 5437 373 5493 libet
398 5438 644 5493 homine
673 5435 854 5506 hujus
882 5436 1167 5506 temporis
1200 5434 1369 5491 facile
1395 5434 1511 5489 dici
1570 5437 1763 5505 potest
1793 5449 1806 5499 ;
1840 5435 1897 5487 et

232 5528 452 5584 sentiat
480 5527 613 5598 quis
634 5524 799 5597 quod
820 5524 942 5580 vult
966 5524 1149 5580 homo
1175 5528 1248 5579 de
1295 5524 1538 5579 homine
1563 5545 1575 5579 :
1607 5524 1895 5594 majorem

231 5616 634 5690 quaestionem
664 5630 787 5671 non
816 5613 1063 5679 faciunt,
1084 5614 1197 5669 nisi
1218 5613 1300 5669 illi
1318 5614 1441 5680 viri,
1470 5628 1622 5685 quos
1646 5616 1891 5669 sanctos

231 5710 468 5766 constat
495 5703 680 5765 fuisse
702 5720 842 5763 cum
868 5703 1219 5777 scriberent,
1242 5708 1301 5763 et
1343 5702 1529 5763 modo
1570 5718 1704 5761 esse
1754 5715 1897 5760 cum

1455 164 1880 225 TRACTATUS
1924 167 2018 225 VI.
2062 164 2299 225 CAPUT
2342 168 2437 226 III.

3516 185 3658 239 2022

1993 292 2134 351 Deo.
2160 293 2301 358 Quis
2324 295 2500 351 habet
2530 295 2899 362 charitatem,
2926 297 2974 352 si
3005 314 3140 354 eam
3157 300 3375 357 Paulus
3410 319 3530 360 non
3546 305 3662 362 ha-

1992 382 2191 447 bebat,
2205 384 2310 453 qui
2324 384 2579 449 dicebat,
2597 385 2670 439 Os
2685 394 2953 442 nostrum
2984 395 3145 456 patet
3165 395 3243 445 ad
3260 406 3379 456 vos,
3395 408 3426 445 ο
3449 394 3653 449 Corin-

1994 469 2121 536 thii,
2152 486 2252 526 cor
2278 479 2545 528 nostrum
2575 472 2895 529 dilatatam
2924 484 3006 531 est
3040 498 3063 545 ,-
3092 492 3211 532 non
3250 481 3658 549 augustamini

1993 560 2057 615 in
2080 559 2243 615 nobis
2271 559 2339 629 (ll
2371 560 2499 615 Cor.
2535 577 2609 625 Vl,
2649 566 2731 627 ll,
2773 562 2853 633 l2)
2882 581 2895 630 ;
2926 566 3029 634 qui
3051 565 3305 632 dicebat,
3333 568 3656 637 Impendar

1993 664 2105 717 pro
2136 648 2448 704 animabus
2489 655 2694 705 vestris
2726 650 2837 722 (Id.
2868 668 2966 715 xu,
3000 656 3093 724 15)
3123 672 3135 709 :
3191 661 3428 713 ettanta
3467 659 3661 727 gratia

1997 738 2057 791 in
2089 736 2187 792 illo
2217 744 2362 807 erat,
2399 746 2458 793 ut
2489 740 2969 795 manifestaretur
2993 758 3131 799 eum
3161 744 3381 801 habere
3404 746 3663 804 charita-

1998 830 2118 881 tem
2140 825 2167 879 ?
2199 826 2539 882 Invenimus
2570 844 2705 882 eum
2748 834 2947 884 tamen
2986 833 3225 903 petisse,
3256 840 3312 890 et
3342 850 3463 890 non
3493 852 3659 891 acce-

1999 916 2174 986 pisse.
2193 916 2235 980 Q
2248 915 2345 970 uid
2358 915 2633 982 dicimus,
2656 918 2862 973 fratres
2878 919 2904 973 ‘?
2921 921 3177 985 Quaestio
3191 931 3310 988 est;
3333 924 3539 979 intenti
3567 942 3660 979 es-

2000 1009 2117 1059 tote
2154 1004 2231 1059 ad
2261 1006 2465 1059 Deum.
2490 1006 2895 1075 Magnaetista
2930 1012 3300 1080 quasstioest.
3344 1013 3658 1077 Quomodo

2001 1091 2074 1146 de
2102 1097 2341 1162 peccato
2374 1093 2476 1148 ubi
2505 1094 2729 1149 dictum
2743 1102 2852 1159 est,
2878 1097 2987 1160 Qui
2999 1106 3176 1154 natus
3200 1105 3368 1156 estea;
3387 1103 3656 1165 Deo,non

1997 1186 2203 1250 peccat
2237 1182 2279 1251 (Ι
2306 1181 2479 1237 Joan.
2514 1198 2592 1247 ιιι,
2627 1184 2697 1253 9)
2733 1206 2744 1248 ;
2779 1185 3119 1242 invenimus
3146 1190 3255 1243 hoc
3281 1206 3412 1245 esse
3457 1206 3663 1262 pecca-

2003 1274 2129 1325 tum
2156 1270 2373 1326 violare
2386 1270 2756 1343 charitatem,
2788 1279 2843 1328 et
2867 1275 2982 1329 hoc
3006 1278 3242 1348 proprie
3268 1279 3655 1348 designatum

2002 1374 2134 1414 esse
2160 1359 2221 1414 in
2246 1358 2360 1414 hoc
2379 1359 2512 1415 loco
2531 1377 2543 1414 :
2570 1362 2650 1415 sic
2673 1368 2730 1416 et
2752 1377 2910 1417 nunc
2925 1366 3250 1434 quaerimus
3262 1368 3408 1437 quid
3422 1369 3660 1425 dixerit.

2005 1446 2234 1503 Sienim
2278 1448 2459 1503 verba
2506 1450 3065 1521 attendas,planum
3098 1453 3356 1525 videtur;
3383 1455 3431 1509 si
3457 1472 3657 1512 exem-

2005 1536 2124 1608 pla,
2172 1537 2497 1592 obscurum
2527 1543 2633 1593 est.
2688 1540 2887 1594 Verbis
2931 1539 3025 1595 his
3073 1540 3219 1596 nihil
3274 1544 3661 1615 estplanius:

2006 1646 2035 1676 ‹‹
2077 1625 2142 1681 Et
2191 1627 2486 1697 quidquid
2547 1628 3075 1697 postulaverimus,
3148 1631 3508 1703 accipiemus
3579 1633 3657 1689 ab

2004 1732 2113 1780 eo;
2146 1713 2288 1784 quia
2313 1716 2604 1770 mandata
2628 1716 2758 1786 ejus
2792 1733 3124 1785 servamus,
3150 1725 3205 1774 et
3235 1737 3370 1791 quae
3422 1722 3661 1793 placent

2004 1804 2105 1869 illi,
2122 1806 2183 1859 in
2205 1811 2527 1874 conspectu
2547 1805 2596 1876 ej
2612 1822 2678 1858 us
2701 1805 2970 1861 facimus.
2999 1809 3300 1879 Quidquid
3323 1812 3662 1881 postulave-

2001 1894 2216 1961 rimus,
2244 1914 2274 1943 «
2306 1893 2404 1957 ait,
2424 1892 2821 1964 «accipiemus
2840 1895 2917 1950 ab
2945 1912 3035 1951 eo.
3063 1900 3462 1966 »Angustavit
3486 1900 3662 1954 vehe-

2003 1989 2250 2038 menter.
2285 1982 2435 2047 Quia
2465 1987 2520 2036 et
2573 1983 2655 2036 ibi
2704 1989 3063 2053 angustaret,
3121 1986 3173 2040 si
3222 1987 3442 2043 diceret
3480 2004 3661 2043 omne

2002 2078 2351 2145 peccatum:
2387 2070 2492 2125 sed
2522 2072 2655 2126 ideo
2678 2071 3016 2129 invenimus
3041 2074 3241 2130 locum
3302 2078 3661 2149 exponendi,

2000 2163 2146 2236 quia
2164 2162 2238 2216 de
2269 2165 2429 2217 certo
2462 2170 2707 2232 peccato
2738 2163 2898 2227 dixit,
2933 2180 3055 2220 non
3083 2165 3157 2219 de
3189 2168 3354 2221 omni
3385 2183 3399 2233 ;
3430 2167 3535 2222 sed
3585 2169 3659 2223 de

1998 2252 2269 2324 quodam
2290 2256 2555 2322 peccato,
2578 2251 2743 2322 quod
2761 2253 2957 2306 omnis
2986 2254 3091 2324 qui
3118 2270 3188 2309 ex
3216 2256 3331 2311 Deo
3350 2260 3529 2311 natus
3548 2262 3656 2321 est,

2000 2358 2125 2397 non
2161 2340 2300 2396 facit
2325 2357 2335 2394 :
2361 2346 2417 2395 et
2435 2339 2776 2395 invenimus
2796 2341 2996 2413 ipsum
3014 2343 3325 2414 quoddam
3350 2352 3662 2416 peccatum

2001 2432 2383 2486 violationem
2404 2444 2532 2483 esse
2554 2429 2884 2486 charitatis.
2916 2433 2978 2485 Et
2999 2431 3297 2488 habemus
3314 2434 3658 2505 exemplum

2000 2520 2074 2575 de
2107 2518 2424 2587 Evangelio
2459 2516 2866 2583 manifestum,
2920 2521 3168 2591 quando
3218 2524 3297 2577 ait
3349 2525 3656 2588 Dominus,

2000 2610 2068 2666 Si
2095 2624 2213 2664 non
2239 2608 2544 2671 venissem,
2566 2614 2873 2675 peccatum
2899 2624 3017 2664 non
3038 2609 3322 2667 haberent
3345 2612 3543 2683 (Joan.
3560 2628 3656 2679 xv,

2000 2698 2110 2769 22).
2130 2696 2283 2763 Quid
2311 2712 2452 2768 ergo
2473 2696 2500 2751 ?
2522 2700 2598 2751 ad
2616 2697 2961 2752 innocentes
2980 2698 3222 2755 Judasos
3240 2707 3502 2765 venerat,
3519 2700 3663 2771 quia

2000 2788 2085 2842 sic
2114 2784 2420 2858 loquitur?
2451 2786 2599 2855 Ergo
2633 2784 2683 2838 si
2711 2786 2840 2857 ipse
2880 2802 3000 2841 non
3052 2789 3296 2855 veniret,
3343 2793 3661 2861 peccatum

2000 2892 2123 2933 non
2136 2872 2462 2931 haberent?
2476 2874 2800 2931 Praisentia
2810 2891 2952 2947 ergo
2968 2877 3182 2932 medici
3200 2878 3333 2934 fecit
3346 2884 3661 2949 segrotum,

2002 2965 2230 3021 febrem
2254 2978 2374 3019 non
2396 2963 2682 3019 abstulit?
2713 2964 2855 3031 Quis
2886 2966 2998 3020 hoc
3030 2966 3122 3021 vel
3152 2966 3403 3022 demens
3457 2965 3665 3023 dicat?

2002 3054 2101 3108 Ille
2135 3068 2253 3106 non
2284 3051 2438 3106 venit
2466 3050 2580 3104 nisi
2610 3067 2815 3106 curare
2837 3059 2893 3107 et
2922 3069 3136 3109 sanare
3164 3062 3443 3122 aegrotos.
3470 3058 3665 3120 Quare

2003 3157 2145 3211 ergo
2172 3138 2332 3204 dixit,
2354 3140 2551 3195 Sinon
2568 3139 2866 3204 venissem,
2879 3148 3188 3209 peccatum
3212 3159 3330 3198 non
3354 3144 3665 3210 haberent,

2001 3231 2115 3285 nisi
2131 3229 2513 3301 quiacertum
2527 3228 2838 3299 quoddam
2852 3235 3170 3299 peccatum
3189 3232 3666 3303 voluitintelligi?

2003 3318 2320 3384 Quoddam
2335 3316 2496 3373 enim
2510 3325 2822 3389 peccatum
2837 3333 2959 3372 non
2971 3318 3477 3374 haberentludasi.
3496 3322 3665 3385 Quod

2001 3405 2358 3481 peccatum?
2394 3408 2522 3472 Quo
2553 3407 2613 3461 in
2640 3421 2778 3461 eum
2810 3422 2924 3461 non
2945 3407 3345 3472 crediderunt,
3368 3423 3491 3479 quo
3515 3424 3664 3479 pree-

2001 3504 2229 3554 sentem
2260 3502 2766 3568 contempserunt.
2816 3497 2975 3552 Sicut
3015 3512 3157 3567 ergo
3202 3497 3282 3552 ibi
3345 3503 3661 3568 peccatum

1999 3587 2167 3654 dixit,
2199 3590 2257 3641 et
2287 3602 2409 3641 non
2441 3592 2532 3640 est
2583 3601 2959 3657 consequens
3010 3594 3071 3641 ut
3117 3601 3296 3641 omne
3346 3591 3664 3658 peccatum

2000 3676 2427 3746 intelligamus,
2469 3674 2574 3729 sed
2599 3680 2820 3729 certum
2852 3685 3166 3745 peccatum
3193 3690 3205 3727 ε
3237 3677 3318 3729 sic
3347 3675 3515 3731 ethic
3538 3690 3662 3731 non

1999 3781 2178 3823 omne
2211 3768 2544 3837 peccatum,
2570 3779 2643 3818 ne
2670 3766 3001 3818 contrarius
3034 3764 3107 3820 sit
3137 3764 3215 3819 illi
3255 3763 3385 3819 loco
3416 3764 3518 3820 ubi
3558 3765 3665 3834 ait,

2001 3856 2069 3911 Si
2092 3854 2418 3910 dixerimus
2445 3854 2583 3924 quia
2608 3858 2918 3921 peccatum
2944 3869 3063 3908 non
3095 3854 3395 3923 habemus,
3445 3870 3668 3910 nosme-

2001 3946 2179 4014 tipsos
2204 3944 2557 4012 seducimus,
2577 3948 2628 3998 et
2662 3941 2879 3997 veritas
2900 3943 2963 3997 in
2993 3943 3159 3998 nobis
3175 3959 3293 3999 non
3318 3949 3401 3999 est
3425 3943 3480 4015 (Ι
3493 3944 3662 3999 Joan.

2000 4052 2038 4099 1,
2063 4032 2115 4104 8)
2142 4051 2156 4102 ;
2183 4032 2285 4086 sed
2312 4038 2540 4086 certum
2562 4030 2875 4103 quoddam
2894 4042 3232 4102 peccatum,
3257 4034 3319 4088 id
3344 4040 3452 4100 est,
3478 4034 3665 4090 viola-

2003 4125 2224 4180 tionem
2252 4122 2577 4177 charitatis.
2610 4122 2711 4176 Hic
2739 4127 2939 4177 autem
2973 4122 3105 4194 plus
3134 4139 3244 4178 nos
3273 4124 3623 4179 constrinxit
3648 4138 3661 4177 :

2002 4212 2062 4267 Si
2079 4211 2627 4284 petierimus,dixit,
2655 4210 2703 4264 si
2726 4227 2834 4266 nos
2858 4226 2978 4266 non
3004 4212 3375 4267 accusaverit
3402 4228 3504 4266 cor
3524 4227 3669 4266 nos-

2003 4309 2181 4367 trum,
2207 4305 2265 4357 et
2292 4300 2719 4357 renuntiaverit
2744 4301 2803 4353 in
2835 4308 3162 4371 conspectu
3194 4303 3291 4356 Dei
3323 4302 3466 4372 quia
3528 4316 3670 4357 vera

2002 4391 2242 4448 dilectio
2272 4397 2359 4447 est
2387 4391 2447 4446 in
2478 4390 2687 4455 nobis;
2721 4388 3011 4459 quidquid
3026 4390 3546 4457 postulaverimus,
3594 4390 3667 4446 ab

2003 4497 2069 4539 eo
2102 4481 2483 4551 accipiemus.

2076 4626 2127 4677 6.
2160 4625 2291 4677 Jam
2321 4633 2463 4687 ergo
2484 4616 2607 4673 dixi
2639 4616 2918 4672 Charitati
2953 4618 3180 4681 vestras,
3216 4615 3450 4683 fratres,
3486 4632 3665 4677 nemo

2004 4712 2272 4769 attendat
2292 4708 2369 4765 ad
2411 4723 2538 4763 nos.
2572 4706 2727 4772 Quid
2747 4705 2910 4761 enim
2938 4720 3149 4760 sumus
3176 4720 3285 4761 nos
3306 4704 3335 4760 ?
3362 4711 3475 4763 Aut
3525 4709 3671 4781 quid

2004 4802 2147 4856 estis
2177 4815 2284 4855 vos
2302 4798 2329 4852 ?
2362 4798 2533 4865 Quid,
2558 4798 2670 4852 nisi
2691 4796 2943 4852 Ecclesia
2964 4794 3083 4862 Dei,
3108 4811 3243 4867 quas
3262 4803 3501 4853 notaest
3527 4814 3668 4853 om-

2004 4888 2230 4945 nibus?
2263 4890 2326 4943 Et
2356 4888 2403 4943 si
2431 4887 2507 4942 illi
2530 4887 2741 4959 placet,
2770 4885 2829 4940 in
2852 4884 2950 4941 illa
2989 4901 3241 4953 sumus;
3272 4890 3329 4941 et
3357 4887 3461 4958 qui
3492 4888 3672 4942 dilec-

2006 4981 2165 5036 tione
2192 4979 2714 5041 inillamanemus,
2730 4974 2808 5030 ibi
2826 4990 3295 5046 perseveremus,
3312 4977 3356 5030 si
3379 4976 3623 5030 volumu
3638 4992 3665 5029 s

2006 5069 2317 5127 ostendere
2331 5066 2711 5123 dilectionem
2726 5081 2908 5137 quam
2922 5065 3238 5121 habemus.
3252 5065 3461 5121 Verum
3472 5069 3675 5120 tamen

2004 5160 2079 5214 de
2102 5158 2375 5231 apostolo
2405 5157 2589 5212 Paulo
2619 5156 2764 5227 quid
2789 5155 2930 5210 mali
2964 5156 3193 5209 sensuri
3237 5152 3495 5209 sumus?
3525 5154 3662 5225 Ipse

2004 5264 2127 5306 non
2157 5248 2445 5317 diligebat
2471 5246 2722 5301 fratres?
2752 5244 2929 5315 Apud
2960 5244 3162 5314 ipsum
3192 5259 3315 5299 non
3347 5250 3469 5299 erat
3502 5244 3666 5299 testi-

2004 5339 2278 5394 monium
2313 5334 2689 5390 conscientiae
2733 5334 2863 5402 ejus
2896 5332 2954 5385 in
2987 5336 3309 5402 conspectu
3348 5332 3447 5387 Dei
3474 5332 3501 5388 ?
3531 5332 3660 5389 Non

2003 5433 2129 5483 erat
2154 5428 2215 5481 in
2240 5424 2422 5480 Paulo
2444 5423 2608 5478 radix
2634 5420 2731 5476 illa
2757 5420 3083 5487 charitatis,
3104 5420 3260 5475 unde
3288 5436 3499 5477 omnes
3517 5420 3673 5478 boni

2002 5516 2229 5572 fructus
2250 5509 2692 5585 procedebant?
2716 5509 2859 5575 Quis
2880 5509 2993 5564 hoc
3015 5508 3266 5565 demens
3288 5510 3534 5567 dixerit?
3552 5510 3658 5569 Ubi

2001 5603 2497 5675 ergoinvenimus
2512 5601 2727 5673 petisse
2740 5598 2981 5671 Apostol
2995 5615 3094 5654 um
3114 5604 3303 5657 etnon
3314 5599 3653 5673 accepisse?

2002 5696 2093 5754 Ait
2110 5695 2239 5769 ipse
2261 5711 2275 5743 :
2300 5692 2371 5748 In
2396 5689 2768 5764 magnitudine
2787 5689 3183 5747 reostationurn
3208 5708 3270 5747 ne
3294 5692 3562 5763 extollar,
3584 5688 3659 5751 da
