4182 6198
510 258 651 314 2023

484 390 597 436 stus
627 387 704 435 est
730 378 868 433 mihi
893 373 1145 433 stimulus
1174 373 1360 427 carnis
1389 387 1534 433 meas,
1563 367 1781 437 angelus
1809 371 2037 423 satanas,
2067 361 2161 429 qui

513 488 591 525 me
626 468 921 538 colaphizet
950 483 969 519 :
993 471 1219 535 propter
1255 460 1391 531 quod
1420 466 1501 513 ter
1540 456 1827 511 Dominum
1874 449 2061 521 rogavi
2099 455 2159 502 ut

512 537 755 629 auferret
785 572 902 610 eum
928 572 959 608 a
991 570 1067 607 me
1092 569 1115 615 ,'
1153 558 1200 605 et
1229 548 1370 621 dixit
1402 546 1558 611 mihi,
1591 544 1802 614 Sufficit
1845 541 1946 595 tibi
1975 537 2160 611 gratia

513 666 667 712 mea;
692 664 819 701 nam
850 645 1025 699 virtus
1057 642 1115 695 in
1142 639 1457 709 inﬁrmitate
1484 636 1773 707 perﬁcitur
1798 633 1865 703 (ll
1900 630 2028 685 Cor.
2056 643 2156 691 x11,

512 740 655 809 7-9).
691 739 831 790 Ecce
862 748 983 788 non
1014 736 1099 786 est
1126 728 1462 789 exauditus,
1498 730 1561 778 ut
1590 722 1919 778 auferretur
1949 717 2027 772 ab
2058 716 2160 770 illo

512 805 761 896 angelus
788 828 1030 877 satanas.
1066 817 1179 875 Sed
1206 813 1433 887 quare?
1455 813 1603 878 Quia
1627 826 1748 867 non
1780 811 1831 864 ei
1862 805 2158 878 proderat.

515 916 666 983 Ergo
696 910 1007 967 exauditus
1039 912 1130 962 est
1159 905 1234 961 ad
1266 904 1539 966 salutem,
1572 901 1673 971 qui
1706 912 1826 953 non
1866 901 1956 951 est
1984 909 2160 949 exau-

514 1004 672 1059 ditus
698 1000 774 1056 ad
804 1000 1195 1054 voluntatem.
1234 992 1468 1048 Noverit
1502 1003 1790 1058 magnum
1818 996 2164 1041 sacramen-

512 1099 641 1148 tum
687 1089 953 1145 Charitas
1001 1093 1229 1150 vestra;
1270 1079 1439 1153 quod
1483 1078 1618 1133 ideo
1665 1073 2164 1131 commendamus

514 1180 706 1245 vobis,
740 1193 813 1232 ne
861 1174 1095 1232 excidat
1131 1172 1298 1227 vobis
1347 1171 1407 1223 in
1452 1165 1878 1223 tentationibus
1915 1160 2153 1217 vestris.

516 1268 710 1325 Sancti
740 1266 818 1322 ad
847 1266 1098 1320 salutem
1129 1277 1231 1333 per
1258 1259 1464 1314 omnia
1493 1254 1913 1317 exaudiuntur,
1929 1263 2166 1320 semper

513 1356 915 1414 exaudiuntur
939 1353 1015 1408 ad
1044 1351 1299 1405 salutem
1335 1353 1614 1402 aeternam
1643 1366 1655 1398 :
1693 1343 1889 1413 ipsam
1919 1338 2162 1393 deside-

515 1444 863 1517 rant;quia
908 1438 1242 1497 secundum
1311 1436 1469 1490 hanc
1540 1446 1774 1503 semper
1837 1427 2166 1484 exaudiun-

514 1541 635 1593 tur.

586 1663 639 1711 7.
672 1655 785 1712 Sed
806 1654 1221 1709 discernamus
1252 1646 1661 1703 exauditiones
1688 1642 1807 1698 Dei.
1826 1638 2167 1695 Invenimus

518 1746 678 1802 enim
692 1743 991 1816 quosdam
1011 1756 1131 1795 non
1154 1738 1462 1793 exauditos
1484 1734 1561 1789 ad
1582 1733 2164 1796 voluntatem,exau-

517 1835 675 1890 ditos
710 1834 787 1888 ad
819 1832 1068 1887 salutem
1107 1845 1119 1881 :
1154 1834 1209 1882 et
1241 1841 1448 1880 rursus
1489 1821 1787 1894 quosdam
1827 1817 2163 1872 invenimus

517 1922 830 1981 exauditos
862 1919 938 1975 ad
973 1918 1357 1983 voluntatem,
1388 1918 1444 1968 et
1473 1928 1589 1966 non
1623 1908 1930 1965 exauditos
1961 1904 2039 1960 ad
2070 1919 2163 1958 sa-

513 2014 719 2069 lutem.
756 2012 876 2065 Hoc
906 2006 1241 2069 discernite,
1274 2004 1387 2058 hoc
1427 2007 1615 2056 tenete
1655 1995 1996 2067 exemplum
2037 1993 2166 2063 ejus

516 2104 617 2175 qui
636 2117 755 2157 non
783 2095 1198 2155 estexauditus
1225 2093 1302 2147 ad
1325 2085 1828 2155 voluntatem,sed
1851 2081 2166 2139 exauditus

519 2174 597 2249 ad
628 2190 902 2246 salutem.
930 2185 1082 2240 Audi
1115 2180 1450 2255 apostolum
1480 2178 1727 2233 Paulum
1754 2197 1765 2241 ;
1800 2189 1939 2229 nam
1968 2174 2164 2243 ipsam

517 2278 960 2336 exauditionem
987 2274 1064 2329 ad
1096 2272 1345 2327 salutem
1378 2266 1634 2323 ostendit
1660 2264 1738 2320 illi
1774 2266 1923 2318 Deus
1953 2277 1965 2314 :
1996 2259 2164 2329 Sui/i-

517 2370 590 2424 cit
618 2368 739 2436 tibi,
769 2365 983 2437 inquit,
1005 2362 1192 2433 gratia
1211 2376 1327 2413 mea
1348 2374 1365 2424 ;
1392 2374 1517 2411 nam
1548 2355 1723 2409 virtus
1752 2353 1811 2407 in
1845 2350 2167 2421 inﬁrmitate

515 2460 817 2532 perﬁcitur.
850 2454 1105 2523 Rogasti,
1139 2448 1427 2517 clamasti,
1463 2453 1547 2501 ter
1584 2442 1857 2499 clamasti
1900 2460 1913 2496 :
1962 2441 2163 2511 ipsum

516 2548 697 2606 semel
724 2545 886 2619 quod
910 2541 1182 2599 clamasti
1201 2538 1424 2601 audivi,
1448 2550 1569 2591 non
1598 2532 1776 2588 averti
1802 2546 1976 2586 aures
2003 2544 2167 2584 meas

520 2653 557 2694 a
588 2644 639 2693 te
663 2634 829 2702 ;novi
855 2633 996 2704 quid
1027 2630 1241 2685 faciam
1273 2644 1285 2681 :
1316 2632 1379 2679 tu
1407 2626 1495 2679 vis
1524 2621 1742 2678 auferri
1767 2619 2168 2675 medicamen-

519 2731 645 2783 tum
677 2740 798 2796 quo
822 2720 1006 2776 ureris
1031 2736 1044 2784 ;
1069 2734 1179 2787 ego
1211 2717 1346 2771 novi
1378 2713 1778 2768 inﬁrmitatem
1805 2724 1927 2779 qua
1958 2722 2166 2776 grava-

492 2815 598 2871 ris.
628 2795 780 2882 Ergo
824 2811 929 2865 iste
971 2807 1047 2862 ad
1081 2805 1334 2860 salutem
1362 2800 1678 2857 exauditus
1716 2804 1822 2862 est,
1842 2796 1916 2851 ad
1950 2795 2163 2850 volun-

496 2908 677 2960 tatem
700 2916 821 2956 non
846 2903 931 2953 est
953 2894 1288 2950 exauditus.
1307 2892 1464 2956 Quos
1482 2888 1817 2942 invenimus
1842 2884 2154 2940 exauditos

495 2993 573 3049 ad
606 2991 996 3050 voluntatem,
1029 2998 1150 3039 non
1182 2979 1497 3037 exauditos
1537 2977 1617 3033 ad
1648 2976 1900 3031 salutem
1925 2974 1953 3027 ‘I
1985 2978 2155 3028 Inve-

496 3082 721 3145 nimus,
738 3073 1311 3150 putamus,aliquem
1327 3066 1881 3141 nequam,aliquem
1897 3064 2151 3135 impium

494 3169 842 3226 exauditum
863 3181 899 3220 a
924 3165 1040 3217 Deo
1068 3160 1145 3217 ad
1170 3159 1552 3222 voluntatem,
1571 3171 1688 3210 non
1712 3153 2058 3210 exauditam
2075 3151 2153 3207 ad

496 3257 798 3315 salutem?
831 3254 885 3311 Si
918 3252 1173 3323 alicujus
1203 3247 1464 3303 hominis
1498 3243 1836 3315 exemplum
1870 3257 2149 3314 posuero,

491 3348 640 3405 forte
663 3347 929 3402 dicturus
956 3358 1018 3397 es
1042 3338 1185 3394 mihi
1202 3355 1213 3392 :
1230 3340 1310 3392 Tu
1333 3336 1497 3391 illum
1526 3333 1674 3389 dicis
1696 3333 2153 3403 iniquum,nam

486 3438 687 3510 justus
715 3440 867 3499 erat;
896 3433 940 3486 si
970 3431 1167 3502 justus
1196 3443 1313 3482 non
1350 3430 1523 3488 esset,
1545 3439 1581 3478 a
1614 3422 1733 3476 Deo
1760 3435 1882 3476 non
1912 3419 2152 3475 exaudi-

489 3508 884 3584 retur.1‘alem
916 3519 1332 3592 propositurus
1361 3530 1518 3576 sum,
1537 3512 1609 3566 de
1638 3513 1807 3580 cujus
1838 3508 2151 3580 iniquitate

491 3624 547 3673 et
566 3615 866 3686 impietate
896 3624 1073 3665 nemo
1100 3606 1347 3661 dubitet.
1366 3601 1650 3657 Diabolus
1674 3601 1799 3671 ipse
1824 3597 1987 3669 petiit
2013 3596 2147 3663 Job,

492 3712 549 3762 et
576 3704 807 3776 accepit
836 3698 952 3772 (Job
987 3716 1022 3763 1,
1064 3697 1144 3761 tl,
1192 3696 1301 3765 1'2).
1337 3696 1543 3747 Nonne
1589 3694 1645 3745 et
1672 3690 1768 3744 hic
1797 3688 1872 3742 de
1903 3686 2149 3742 diabolo

490 3794 736 3852 audistis
763 3791 905 3863 quia
929 3788 1024 3859 qui
1049 3786 1183 3858 facit
1205 3790 1499 3855 peccatum,
1517 3797 1582 3835 ex
1609 3777 1826 3833 diabolo
1844 3777 2150 3845 est(lJoan.

488 3899 569 3949 111,
596 3884 651 3953 8)
672 3882 839 3935 ?Non
870 3878 1013 3949 quia
1042 3876 1135 3929 ille
1166 3871 1409 3936 creavit,
1427 3870 1531 3925 sed
1555 3868 1699 3941 quia
1720 3868 1830 3922 iste
1862 3867 2147 3921 imitatur.

491 3975 696 4028 Nonne
719 3969 792 4022 de
820 3966 919 4021 illo
946 3965 1171 4019 dictum
1203 3969 1310 4026 est,
1335 3961 1395 4013 In
1423 3959 1647 4013 veritate
1670 3974 1775 4011 non
1791 3955 1942 4011 stetit
1966 3955 2146 4026 (Joan.

492 4074 608 4123 vni,
638 4056 731 4127 44)
757 4056 783 4108 Ῡ
814 4054 1019 4108 Nonne
1052 4051 1179 4121 ipse
1208 4054 1297 4104 est
1327 4048 1610 4118 antiquus
1642 4046 1738 4099 ille
1771 4058 2015 4115 serpens
2045 4041 2150 4114 qui

492 4164 595 4221 per
633 4145 920 4201 feminam
969 4153 1263 4195 venenum
1309 4136 1500 4207 primo
1547 4134 1773 4188 homini
1819 4132 2153 4204 propinavit

493 4237 647 4306 (Gen.
684 4250 766 4300 ιιι,
806 4232 917 4302 1-6)
944 4229 972 4285 ‘t
1006 4229 1114 4293 Qui
1145 4232 1203 4282 et
1242 4226 1355 4297 ipsi
1386 4223 1494 4280 lob
1527 4223 1809 4277 feminam
1844 4228 2156 4293 propterea

496 4324 765 4391 servavit,
800 4338 903 4395 per
935 4334 1120 4392 quam
1155 4315 1402 4371 maritus
1432 4328 1553 4369 non
1584 4310 2010 4376 consolaretur,
2045 4308 2150 4365 sed

492 4421 820 4474 tentaretur
852 4409 975 4484 (Job
1005 4424 1061 4473 ιι,
1094 4407 1170 4478 9).
1209 4409 1335 4477 lpse
1366 4401 1645 4458 diabolus
1677 4400 1843 4471 petiit
1873 4404 2151 4455 sanctum

490 4507 684 4563 virum
723 4501 1099 4563 tentandum,
1131 4502 1186 4553 et
1235 4493 1507 4565 accepit;
1540 4489 1709 4563 petiit
1733 4486 2057 4560 Apostolus
2092 4491 2154 4543 ut

491 4593 822 4654 auferretur
864 4591 942 4647 ab
974 4604 1044 4645 eo
1076 4584 1351 4643 stimulus
1388 4582 1604 4646 carnis,
1643 4587 1697 4635 et
1730 4594 1850 4635 non
1888 4577 2143 4649 accepit.

491 4686 605 4745 Sed
628 4682 948 4755 Apostolus
966 4677 1163 4749 magis
1189 4673 1509 4731 exauditus
1532 4676 1622 4726 est
1641 4685 1824 4742 quam
1849 4666 2148 4723 diabolus.

488 4772 804 4846 Apostolus
834 4771 994 4826 enim
1023 4773 1110 4822 est
1136 4764 1453 4821 exauditus
1482 4762 1556 4817 ad
1583 4761 1860 4824 salutem,
1887 4756 1998 4812 etsi
2031 4771 2152 4812 non

490 4845 569 4920 ad
599 4862 969 4917 voluntatem
1006 4873 1018 4911 :
1052 4854 1329 4911 diabolus
1356 4850 1675 4907 exauditus
1709 4852 1795 4903 est
1826 4846 1904 4903 ad
1936 4845 2152 4902 volun-

492 4958 697 5013 tatem,
732 4950 836 5005 sed
863 4947 940 5004 ad
970 4943 1445 5001 damnationem.
1474 4938 1611 4993 ideo
1642 4937 1801 4991 enim
1833 4950 2153 4991 concessus

489 5047 579 5100 est
613 5044 723 5095 iste
755 5034 1101 5098 tentandus,
1125 5039 1185 5087 ut
1216 5046 1287 5086 eo
1318 5029 1565 5101 probato
1592 5029 1743 5081 esset
1768 5023 1860 5079 ille
1886 5024 2154 5078 crucian-

486 5132 623 5190 dus.
652 5129 765 5187 Sed
797 5128 933 5190 hoc,
962 5122 1192 5187 fratres,
1221 5134 1343 5174 non
1372 5122 1608 5173 tantum
1640 5114 1699 5169 in
1732 5112 2029 5169 veteribus
2064 5111 2150 5166 Li-

484 5223 608 5280 bris
622 5218 978 5281 invenimus,
996 5211 1101 5268 sed
1117 5214 1171 5266 et
1184 5209 1245 5265 in
1262 5205 1604 5276 Evangelio.
1621 5202 1917 5259 Petierunt
1931 5201 2153 5257 daemo-

488 5328 594 5369 nes
623 5328 657 5367 a
688 5308 966 5371 Domino,
1002 5316 1138 5358 cum
1171 5315 1273 5355 eos
1306 5294 1644 5353 excluderet
1679 5292 1755 5348 ab
1787 5291 2055 5356 homine,
2090 5294 2153 5345 ut

487 5402 567 5457 ire
590 5399 1071 5471 permitterentur
1096 5392 1155 5446 in
1176 5403 1412 5462 porcos.
1428 5388 1556 5441 Non
1580 5385 1597 5419 ¹
1629 5383 1712 5438 eis
1738 5386 1933 5453 posset
1953 5380 2149 5435 dicere

489 5490 797 5553 Dominus,
839 5492 897 5541 ut
937 5499 1046 5540 nec
1088 5481 1227 5538 illuc
1273 5471 1676 5534 accederent?
1705 5474 1835 5527 Non
1872 5471 2055 5536 enim,
2100 5467 2149 5523 si

487 5572 1040 5643 nollet,rebellaturi
1069 5574 1237 5627 erant
1255 5573 1468 5625 contra
1492 5578 1691 5634 regem
1714 5561 1847 5617 caeli
1872 5565 1930 5615 et
1958 5566 2147 5616 terrae.

548 5781 566 5817 ί
596 5779 690 5839 Er.
723 5777 901 5840 Lugd.
932 5778 987 5825 et.
1012 5775 1166 5834 Ven.,
1193 5770 1406 5828 Nonne,
1480 5769 1551 5822 M.

1263 244 1331 301 ΙΝ
1374 242 1779 300 EPISTOLAM
1816 235 2111 294 JOANNIS
2151 234 2249 289 AD
2292 229 2642 296 PARTHOS,
2682 226 2745 283 S.
2787 225 3169 284 AUGUSTINI

3584 58 3595 67 κ

3787 220 3933 282 ιῡιι

2271 358 2417 413 Certi
2453 362 2651 410 tamen
2677 352 2945 425 mysterii
2974 352 3164 421 gratia
3198 356 3255 406 et
3284 356 3446 407 certa
3475 351 3936 423 dispensatione

2269 445 2492 501 dimisit
2520 444 2825 498 daemones
2855 442 2914 497 in
2942 441 3322 512 porcos(Luc.
3352 456 3469 506 vui,
3498 440 3615 510 32),
3644 444 3709 495 ut
3738 447 3938 496 osten-

2269 536 2433 590 deret
2462 532 2772 588 diabolum
2805 531 2863 585 in
2895 530 2978 585 eis
3006 529 3325 592 dominari,
3360 529 3465 600 qui
3498 529 3681 584 vitam
3716 544 3938 601 porco-

2270 640 2405 679 rum
2432 626 2662 691 gerunt.
2690 621 2996 675 Daemones
3028 634 3167 687 ergo
3194 618 3453 674 exauditi
3486 623 3644 684 sunt,
3677 620 3944 689 Aposto-

2270 714 2364 769 lus
2396 728 2517 767 non
2549 715 2635 764 est
2664 709 2981 764 exauditus
3010 706 3037 761 ἱ)
3070 715 3151 761 An
3188 707 3386 778 potius
3417 706 3582 779 quod
3614 708 3815 761 verius
3847 714 3941 762 est

2270 802 2564 865 dicamus,
2595 802 2717 853 lmo
2756 794 3073 868 Apostolus
3112 796 3429 851 exauditus
3464 800 3575 858 est,
3620 794 3941 851 daemones

2270 906 2391 946 non
2413 895 2545 943 sunt
2567 884 2863 942 exauditi?
2882 884 3120 940 Illorum
3146 884 3421 939 voluntas
3445 884 3604 940 facta
3627 891 3735 951 est,
3752 884 3941 955 hujus

2274 979 2500 1035 sanitas
2533 976 2794 1048 perfecta
2826 979 2931 1030 est.

2346 1098 2395 1149 8.
2430 1092 2772 1149 Secundum
2800 1090 2914 1145 hoc
2938 1086 3256 1158 intelligere
3282 1088 3575 1144 debemus
3605 1089 3755 1159 quia
3782 1090 3938 1144 Deus

2272 1184 2382 1239 etsi
2401 1182 2687 1237 voluntati
2703 1185 2918 1234 DOSlI‘tB
2932 1193 3054 1233 non
3072 1178 3195 1246 dat,
3211 1178 3386 1233 saluti
3399 1178 3522 1232 dat.
3540 1177 3697 1242 Quid
3712 1177 3759 1230 si
3772 1178 3937 1233 enim

2272 1273 2387 1328 hoc
2414 1270 2649 1342 petieris
2677 1268 2842 1340 quod
2876 1268 2979 1322 tibi
3011 1268 3201 1332 obest,
3220 1270 3277 1321 et
3305 1267 3574 1321 medicus
3604 1267 3771 1320 novit
3790 1268 3938 1337 quia

2273 1361 2442 1417 obest
2455 1359 2555 1415 tibi
2568 1357 2737 1413 ?Non
2751 1356 2910 1412 enim
2925 1371 3044 1411 non
3061 1361 3112 1411 te
3125 1355 3366 1411 exaudit
3381 1354 3936 1426 medicus,quando

2274 1449 2417 1506 forte
2443 1454 2504 1503 tu
2530 1446 2807 1517 frigidam
2839 1460 3063 1516 aquam
3087 1444 3255 1516 petis,
3281 1449 3337 1497 et
3368 1444 3413 1497 si
3444 1443 3707 1514 prodest,
3732 1442 3935 1499 statim

2255 1539 2408 1602 dat;
2442 1537 2490 1591 si
2533 1551 2651 1591 non
2699 1534 2963 1606 prodest,
2995 1547 3115 1588 non
3149 1533 3271 1587 dat.
3319 1532 3460 1589 Non
3492 1531 3823 1596 exaudivit,
3857 1547 3939 1587 an

2272 1628 2471 1699 potius
2503 1626 2580 1681 ad
2609 1624 2926 1679 sanitatem
2954 1621 3272 1683 exaudivit,
3300 1621 3444 1692 quia
3470 1620 3767 1677 voluntati
3798 1636 3936 1676 cono

2271 1712 2554 1772 tradixit?
2585 1713 2666 1769 Sit
2695 1726 2837 1781 ergo
2867 1712 2926 1766 in
2955 1710 3129 1766 vobis
3161 1710 3442 1777 charitas,
3472 1709 3687 1766 fratres
3715 1728 3728 1777 ;
3766 1711 3841 1765 sit
3874 1709 3937 1765 in

2274 1805 2461 1869 vobis,
2493 1808 2548 1858 et
2574 1801 2768 1857 securi
2793 1804 3017 1855 estote:
3042 1805 3100 1855 et
3124 1798 3373 1870 quando
3400 1814 3523 1871 non
3548 1797 3723 1854 vobis
3755 1798 3937 1854 datur

2272 1893 2437 1965 quod
2467 1892 2684 1964 petitis,
2718 1888 3125 1953 exaudimini;
3160 1887 3266 1942 sed
3313 1886 3569 1942 nescitis.
3605 1887 3761 1943 Multi
3810 1887 3935 1944 dati

2273 1983 2483 2037 suntin
2509 1995 2724 2036 manus
2744 1994 2887 2034 suas
2908 1976 3069 2032 malo
3092 1992 3201 2032 suo
3220 1976 3321 2031 :de
3342 1976 3561 2048 quibus
3580 1976 3721 2031 dicit
3741 1978 3937 2047 Apos-

2274 2071 2448 2135 tolus,
2464 2069 2706 2125 Tradidit
2728 2083 2809 2123 eos
2825 2066 2964 2121 Deus
2986 2067 3047 2120 in
3067 2065 3341 2120 desideria
3359 2065 3539 2120 cordis
3549 2081 3735 2120 eorum
3747 2065 3933 2137 (Rom.

2270 2177 2311 2225 1,
2359 2163 2473 2229 24).
2507 2158 2669 2214 Petiit
2712 2156 2925 2228 aliquis
2966 2169 3255 2225 magnam
3298 2154 3655 2226 pecuniam;
3705 2156 3939 2228 accepit

2273 2249 2432 2305 malo
2459 2264 2590 2304 suo.
2608 2247 2859 2313 Quando
2884 2245 3050 2300 illam
3077 2259 3198 2300 non
3220 2243 3505 2307 habebat,
3521 2259 3738 2315 parum
3762 2244 3936 2299 time-

2272 2339 2400 2404 bat;
2417 2337 2638 2392 habere
2662 2336 2825 2390 illam
2839 2334 3035 2405 ccepit,
3053 2333 3255 2404 prmda
3268 2332 3455 2389 factus
3478 2338 3565 2388 est
3588 2334 3933 2404 potentiori.

2274 2431 2480 2484 Nonne
2515 2425 2676 2480 malo
2707 2439 2815 2478 suo
2854 2422 3168 2478 exauditus
3199 2427 3301 2487 est,
3347 2422 3450 2493 qui
3480 2421 3668 2476 voluit
3710 2422 3935 2479 habere

2276 2515 2435 2571 unde
2462 2532 2497 2570 a
2523 2514 2753 2568 latrone
2778 2514 3361 2583 quasreretur,quem
3394 2524 3726 2581 pauperem
3754 2526 3934 2567 nemo

2274 2602 2625 2677 quaerebat?
2656 2598 2866 2655 Discite
2895 2614 3106 2669 rogare
3136 2601 3345 2667 Deum,
3381 2604 3443 2654 ut
3480 2598 3719 2655 medico
3764 2615 3934 2655 com-

2273 2693 2539 2757 mittatis,
2568 2691 2732 2763 quod
2760 2690 2890 2761 ipse
2916 2689 3079 2744 novit
3104 2687 3302 2745 faciat.
3327 2689 3409 2743 Tu
3437 2687 3723 2743 morbum
3749 2690 3939 2744 conti-

2273 2784 2464 2848 tearis,
2484 2780 2578 2836 ille
2596 2779 3105 2835 medicamentum
3123 2776 3428 2833 adhibeat.
3444 2779 3527 2832 Tu
3542 2782 3782 2832 tantum
3794 2778 3937 2833 cha-

2270 2873 2504 2927 ritatem
2528 2877 2679 2925 tene.
2700 2871 2846 2923 Nam
2873 2866 2967 2921 ille
2994 2882 3196 2921 secare
3223 2865 3367 2929 vult,
3398 2881 3565 2921 urere
3596 2866 3753 2932 vult;
3778 2872 3847 2921 tu
3881 2866 3933 2921 si

2269 2960 2515 3025 clamas,
2549 2964 2605 3013 et
2635 2972 2754 3012 non
2780 2954 3081 3011 exaudiris
3110 2955 3171 3010 in
3201 2954 3485 3023 sectione,
3512 2955 3571 3008 in
3606 2954 3846 3010 ustione
3875 2961 3935 3010 et

2268 3049 2665 3111 tribulatione,
2700 3046 2862 3102 novit
2892 3044 2985 3099 ille
3010 3060 3327 3115 quousque
3358 3050 3528 3114 putre
3557 3048 3668 3099 est.
3694 3046 3781 3099 Tu
3803 3046 3933 3115 jam

2267 3139 2353 3194 vis
2382 3142 2621 3194 revocet
2652 3151 2892 3199 manus,
2919 3138 2977 3189 et
3000 3133 3094 3189 ille
3127 3133 3383 3188 vulneris
3415 3134 3613 3188 sinum
3640 3134 3931 3197 attendit;

2265 3230 2372 3283 scit
2395 3243 2516 3299 quo
2548 3240 2739 3297 usque
2770 3223 3237 3295 perveniat.Non
3264 3227 3315 3277 te
3341 3221 3582 3277 exaudit
3607 3222 3686 3277 ad
3716 3222 3932 3277 volun.

2262 3321 2466 3381 tatem,
2492 3316 2594 3371 sed
2621 3312 2863 3369 exaudit
2888 3312 2964 3368 ad
2999 3312 3338 3367 sanitatem.
3361 3310 3512 3365 Certi
3530 3326 3677 3381 ergo
3711 3315 3923 3376 estote,

2260 3405 2471 3461 fratres
2505 3404 2640 3467 mei,
2674 3402 2817 3474 quia
2855 3401 3019 3472 quod
3059 3400 3139 3457 ait
3182 3399 3502 3471 Apostolus
3532 3416 3743 3455 verum
3775 3408 3863 3455 est
3908 3415 3923 3455 :

2262 3494 2405 3560 Quid
2450 3495 2591 3548 enim
2632 3507 2861 3555 oremus,
2899 3490 3037 3544 sicut
3067 3496 3294 3561 oportet,
3339 3488 3637 3555 nescimus;
3671 3488 3763 3543 sed
3807 3490 3924 3559 ipse

2259 3583 2501 3654 Spiritus
2520 3580 2834 3651 interpellat
2849 3579 3134 3650 gemitibus
3156 3577 3637 3643 inenarrabilibus,
3653 3578 3785 3649 quia
3808 3579 3924 3649 ipse

2260 3671 2572 3743 interpellat
2590 3687 2692 3741 pro
2716 3669 2916 3724 sanctis
2943 3667 3049 3735 (Id.
3080 3684 3195 3732 V111,
3228 3672 3317 3733 ‘26,
3344 3671 3458 3737 27).
3478 3668 3631 3732 Quid
3657 3674 3764 3732 est,
3797 3668 3923 3739 Ipse

2258 3763 2503 3834 Spiritus
2517 3759 2827 3830 interpellat
2843 3774 2943 3828 pro
2953 3758 3170 3822 sanctis,
3193 3757 3322 3822 nisi,
3341 3757 3477 3828 ipsa
3490 3757 3760 3813 Charitas
3777 3773 3920 3828 quae

2258 3853 2319 3908 in
2352 3858 2405 3907 te
2436 3866 2541 3922 per
2574 3850 2853 3921 Spiritum
2886 3845 3044 3902 facta
3074 3847 3200 3901 est?
3230 3845 3365 3901 Ideo
3397 3846 3560 3901 enim
3592 3845 3735 3900 dicit
3759 3846 3924 3902 idem

2260 3939 2571 4012 apostolus
2618 3954 2630 3991 :
2676 3936 2929 3992 Charitas
2974 3935 3075 3989 Dei
3097 3934 3301 4005 diffusa
3329 3941 3403 3989 est
3436 3935 3493 3988 in
3524 3934 3777 3990 cordibus
3804 3951 3925 3990 nos-

2260 4029 2365 4084 tris
2393 4044 2489 4098 per
2520 4027 2800 4097 Spiritum
2825 4032 3070 4080 sanctum
3112 4024 3205 4094 qui
3242 4023 3402 4078 datus
3432 4031 3505 4077 est
3535 4023 3683 4077 nobis
3717 4023 3824 4095 (Id.
3859 4039 3921 4089 v,

2260 4118 2334 4189 5).
2368 4117 2632 4172 Charitas
2657 4115 2790 4187 ipsa
2824 4114 3025 4185 gemit,
3055 4111 3317 4169 charitas
3348 4112 3482 4184 ipsa
3510 4118 3678 4179 orat;
3712 4118 3927 4168 contra

2256 4206 2415 4262 hanc
2444 4220 2621 4261 aures
2654 4203 2930 4259 claudere
2956 4218 3077 4257 non
3109 4202 3275 4257 novit
3303 4202 3407 4273 qui
3427 4201 3587 4256 illam
3617 4201 3807 4258 dedit.
3826 4203 3925 4257 Se-

2259 4312 2438 4352 curus
2467 4298 2619 4364 esto,
2657 4293 2914 4349 charitas
2952 4296 3154 4361 roget;
3193 4296 3250 4346 et
3280 4290 3359 4346 ibi
3402 4297 3539 4346 sunt
3570 4306 3748 4345 aures
3786 4291 3916 4348 Dei.

2260 4389 2387 4442 Non
2418 4384 2482 4439 tit
2511 4382 2672 4455 quod
2705 4382 2811 4446 vis,
2845 4380 2947 4436 scd
2981 4381 3046 4435 ﬁt
3086 4381 3248 4453 quod
3280 4379 3541 4451 expedit.
3585 4382 3737 4450 Ergo
3761 4379 3927 4451 quid-

2259 4473 2391 4546 quid
2406 4471 2881 4544 postulaverimus,
2898 4470 3105 4541 inquit,
3121 4469 3437 4540 accipiemus
3449 4469 3599 4523 abeo.
3619 4468 3646 4522 J
3654 4484 3755 4525 am
3774 4468 3922 4535 dixi,

2261 4565 2308 4619 si
2348 4562 2427 4619 ad
2452 4560 2701 4617 salutem
2732 4558 3047 4628 intelligas,
3074 4557 3240 4613 nulla
3282 4559 3535 4629 quiestio
3568 4564 3651 4614 est
3681 4575 3693 4612 :
3725 4558 3772 4612 si
3801 4574 3925 4613 non

2261 4652 2339 4709 ad
2364 4652 2639 4716 salutem,
2668 4648 2919 4721 quaestio
2944 4651 3055 4714 est,
3085 4652 3138 4703 et
3165 4662 3407 4717 magna,
3436 4663 3571 4719 quas
3602 4654 3657 4703 te
3695 4648 3927 4704 calum-

2261 4741 2553 4797 niatorem
2584 4738 2726 4793 facit
2758 4737 2937 4793 Paulo
2969 4735 3271 4808 apostolo.
3307 4735 3583 4806 Quidquid
3619 4736 3924 4807 postulave-

2262 4831 2453 4893 rimus,
2486 4829 2807 4899 accipiemus
2834 4825 2899 4880 ab
2929 4840 2987 4882 eo
3006 4844 3028 4890 ;
3046 4827 3175 4896 quia
3201 4825 3461 4880 mandata
3477 4826 3591 4895 ejus
3616 4840 3920 4893 servamus,

2261 4926 2309 4974 et
2338 4933 2458 4990 qua?
2477 4917 2691 4989 placent
2722 4916 2827 4980 illi,
2861 4915 2921 4969 in
2948 4919 3225 4985 conspectu
3250 4914 3365 4985 ejus
3392 4914 3645 4985 facimus.
3674 4916 3744 4969 In
3766 4930 3923 4969 cons-

2259 5017 2414 5082 pectu
2442 5010 2574 5079 ejus,
2603 5007 2762 5063 intus
2791 5006 2893 5061 ubi
2923 5005 3099 5060 videt.

2332 5126 2385 5180 9.
2409 5124 2473 5179 Et
2502 5138 2635 5195 quas
2666 5121 2767 5177 illa
2796 5120 3083 5177 mandata
3104 5119 3278 5175 sunt?
3291 5118 3400 5174 Hoc
3421 5120 3749 5192 est,inquit,
3768 5137 3923 5176 man-

2259 5213 2447 5269 datum
2488 5212 2662 5276 illius,
2716 5217 2775 5265 ut
2821 5208 3097 5265 credamus
3151 5208 3364 5264 nomini
3416 5209 3562 5263 Filii
3616 5209 3732 5279 ejus
3787 5210 3923 5265 Jesu

2263 5301 2496 5366 Christi,
2522 5309 2569 5356 et
2617 5300 2906 5371 diligamus
2944 5299 3189 5353 invicem.
3240 5297 3455 5353 Videtis
3493 5298 3637 5369 quia
3680 5300 3797 5354 hoc
3829 5306 3920 5356 est

2260 5392 2636 5454 mandatum,
2652 5390 2863 5444 videtis
2882 5388 3026 5460 quia
3050 5393 3255 5442 contra
3284 5385 3399 5442 hoc
3422 5387 3778 5443 mandatum
3810 5390 3921 5460 qui

2260 5481 2422 5549 facit,
2456 5484 2768 5553 peccatum
2807 5478 2966 5543 facit,
2993 5493 3115 5549 quo
3162 5484 3321 5531 caret
3351 5477 3551 5531 omnis
3596 5478 3698 5547 qui
3736 5484 3919 5533 natus

2257 5576 2344 5630 est
2373 5588 2445 5627 ex
2478 5574 2614 5626 Deo.
2638 5566 3113 5625 Sicutdeditnobis
3127 5565 3441 5622 mandatum
3466 5585 3485 5621 :
3503 5565 3918 5635 utdiligamus

2255 5661 2533 5719 invicem.
2550 5659 2622 5714 Et
2644 5658 2736 5730 qui
2757 5660 2993 5713 servarit
3020 5656 3337 5712 mandatum
3350 5654 3472 5726 eius
3486 5671 3509 5712 .'
3536 5655 3746 5711 videtis
3762 5658 3915 5729 quia

2253 5749 2401 5809 nihil
2414 5748 2578 5807 aliud
2606 5747 2782 5805 nobis
2810 5747 3173 5822 praecipitur,
3204 5745 3317 5802 nisi
3346 5751 3407 5801 ut
3446 5743 3771 5817 diligamus
3801 5745 3870 5803 in
