4164 6184
238 185 384 247 2095

237 315 431 371 vicem
457 331 470 369 :
485 314 559 369 Et
573 314 675 386 qui
684 313 1009 370 servaverit
1031 314 1381 370 mandatum
1396 316 1611 383 ejus,in
1624 315 1749 384 ipso
1762 332 1887 373 ma-

230 404 477 469 nebit,et
496 403 623 472 ipse
642 403 706 458 in
723 418 808 459 eo.
826 403 902 457 Et
916 402 979 457 in
996 402 1105 458 hoc
1119 403 1524 474 cognoscimus
1538 404 1677 474 quia
1692 408 1890 460 manet

232 494 297 550 in
337 494 506 550 nobis
520 494 592 549 de
601 492 831 562 Spiritu
845 507 1013 563 quem
1026 492 1594 549 deditnobis.Nonne
1609 494 1889 550 manifes-

230 586 361 639 tum
384 582 752 654 estquiahoc
773 581 898 652 agit
919 582 1167 653 Spiritus
1194 587 1435 638 sanctus
1463 583 1521 637 in
1551 582 1890 649 homine,ut

233 674 310 729 sit
334 673 393 728 in
420 672 521 729 illo
533 671 764 728 dilectio
781 676 838 727 et
867 671 1125 727 charitas
1137 671 1372 727 ‘tNonne
1397 670 1786 728 manifestum
1800 676 1889 729 est

231 761 397 834 quod
425 760 827 831 aitapostolus
854 760 1069 816 Paulus
1100 777 1113 814 :
1139 759 1407 817 Charitas
1435 762 1540 817 Dei
1560 761 1782 831 diﬂ'usa
1803 766 1887 818 est

230 851 295 907 in
321 850 593 906 cordibus
615 850 835 905 nostris
860 863 968 918 per
986 848 1279 917 Spiritum
1291 856 1565 906 sanctum
1584 851 1689 920 qui
1708 850 1886 906 datus

232 946 319 998 est
348 940 515 996 nobis
545 939 573 993 ‘2
600 940 679 993 De
705 937 991 994 eharitate
1012 938 1171 993 enim
1190 937 1630 1009 loquebatur,et
1650 938 1884 994 dicebat

229 1030 379 1101 quia
398 1029 456 1084 in
483 1033 804 1100 conspectu
823 1027 922 1082 Dei
944 1026 1236 1082 debemus
1253 1028 1619 1097 interrogare
1637 1043 1737 1083 cor
1750 1043 1886 1083 nos-

232 1122 412 1175 trum.
442 1116 610 1184 Quod
633 1115 683 1171 si
706 1131 828 1171 non
856 1117 1013 1172 male
1061 1117 1309 1172 senserit
1349 1131 1452 1171 cor
1476 1120 1737 1172 nostrum
1770 1132 1790 1169 :
1823 1115 1883 1171 id

231 1211 341 1272 est,
364 1206 412 1261 si
437 1205 786 1261 conﬁteatur
806 1203 951 1276 quia
962 1204 1036 1259 de
1057 1204 1370 1259 dilectione
1386 1203 1584 1260 fratris
1605 1204 1884 1275 ﬁt,quid-

229 1294 381 1366 quid
402 1295 463 1350 ﬁt
483 1294 541 1349 in
562 1295 724 1349 bono
746 1308 951 1364 opere.
978 1292 1234 1347 Accessit
1250 1292 1428 1348 etiam
1441 1293 1607 1365 quod
1624 1294 1697 1348 de
1719 1308 1883 1349 man-

228 1384 373 1440 dato
393 1399 532 1439 cum
557 1383 802 1446 diceret,
826 1382 940 1437 hoc
968 1382 1080 1437 ait:
1109 1383 1333 1438 Hocest
1365 1382 1718 1438 mandatum
1732 1385 1879 1453 ejus,

224 1478 291 1527 ut
317 1472 629 1529 credamus
643 1471 869 1527 nomini
887 1470 1034 1526 Filii
1043 1473 1171 1540 ejus
1189 1472 1331 1527 Jesu
1349 1470 1655 1537 Christi,et
1667 1472 1882 1541 diliga-

226 1577 358 1617 mus
377 1561 651 1617 invicem.
697 1561 774 1615 Et
795 1560 899 1630 qui
924 1559 1079 1627 facit
1106 1560 1459 1615 mandatum
1488 1563 1636 1629 ejus,
1660 1561 1722 1615 in
1756 1562 1882 1629 ipso

226 1654 447 1715 manet,
470 1656 525 1706 et
551 1651 676 1718 ipse
694 1650 755 1704 in
777 1664 862 1704 eo.
887 1649 956 1704 In
981 1649 1089 1704 hoc
1103 1649 1506 1719 cognoscimus
1533 1650 1674 1721 quia
1687 1654 1883 1705 manet

226 1740 289 1795 in
318 1740 480 1795 nobis
503 1738 577 1794 de
604 1738 833 1809 Spiritu
856 1752 1027 1808 quem
1055 1737 1218 1794 dedit
1239 1738 1425 1794 nobis.
1455 1740 1511 1794 Si
1535 1741 1695 1794 enim
1720 1739 1887 1793 inve-

226 1828 387 1884 neris
412 1831 469 1883 te
508 1827 727 1883 habere
745 1827 1119 1889 charitatem,
1142 1825 1330 1882 habes
1359 1826 1642 1899 Spiritum
1674 1827 1778 1882 Dei
1809 1826 1887 1883 ad

227 1916 718 1987 intelligendum:
744 1915 917 1970 valde
937 1915 1096 1971 enim
1123 1916 1457 1973 necessaria
1480 1932 1575 1972 res
1602 1921 1707 1973 est.

305 2030 971 2104 10.Primistemporibus
985 2031 1237 2088 cadebat
1250 2047 1430 2104 super
1441 2033 1749 2088 credentes
1766 2032 1892 2104 Spi-

230 2124 381 2181 ritus
414 2126 686 2188 sanctus;
707 2120 1406 2193 etloquebanturlinguis
1430 2137 1582 2193 quas
1609 2136 1729 2178 non
1743 2121 1891 2177 didi-

233 2210 776 2284 cerant,quomodo
790 2210 1040 2281 Spiritus
1055 2209 1239 2265 dabat
1260 2210 1344 2265 eis
1363 2211 1772 2281 pronuntiare.
1800 2211 1891 2267 Si-

236 2318 357 2373 gna
387 2305 556 2356 erant
577 2298 830 2371 tempori
856 2304 1216 2371 opportuna.
1253 2300 1579 2371 Oportebat
1620 2300 1782 2355 enim
1814 2300 1895 2357 ita

236 2389 561 2460 signiﬁcari
572 2390 632 2444 in
646 2389 919 2445 omnibus
931 2388 1145 2457 linguis
1161 2388 1442 2459 Spiritum
1456 2389 1896 2461 sanctum,quia

240 2480 631 2550 Evangelium
663 2478 760 2533 Dei
794 2493 899 2550 per
914 2491 1126 2533 omnes
1158 2478 1392 2547 linguas
1425 2493 1740 2534 cursurum
1772 2481 1897 2535 erat

242 2574 364 2627 toto
377 2570 521 2624 orbe
541 2573 851 2623 terrarum.
870 2566 1279 2635 Signiﬁcatum
1298 2570 1384 2622 est
1399 2567 1627 2633 illud,et
1642 2568 1893 2623 transiit.

243 2656 546 2730 Numquid
578 2656 760 2712 modo
785 2655 1005 2726 quibus
1044 2654 1375 2727 imponitur
1407 2671 1624 2739 manus
1653 2661 1715 2711 ut
1744 2657 1897 2712 acci-

244 2748 413 2821 piant
431 2746 712 2818 Spiritum
728 2749 1024 2809 sanctum,
1050 2745 1163 2799 hoc
1177 2749 1577 2815 exspectatur,
1602 2744 1897 2814 utlinguis

244 2835 600 2910 loquantur?
616 2832 985 2905 Autquando
998 2833 1400 2904 imposuimus
1416 2850 1665 2890 manum
1678 2833 1803 2889 istis
1816 2835 1902 2889 in-

247 2925 535 2992 fantibus,
565 2924 813 2980 attendit
840 2923 1254 2995 unusquisque
1275 2929 1541 2978 vestrum
1569 2928 1768 2979 utrum
1795 2924 1903 2979 lin-

246 3016 780 3090 guisloquerentur
813 3028 826 3079 ;
860 3016 1065 3067 etcum
1099 3012 1902 3082 videreteoslinguisnonlo-

247 3106 349 3178 qui
357 3105 462 3176 ,ita
474 3117 747 3175 perverso
760 3100 938 3157 corde
952 3100 1165 3172 aliquis
1179 3106 1440 3155 vestrum
1458 3100 1565 3156 fuit
1579 3108 1639 3156 ut
1651 3103 1899 3157 diceret:

242 3196 371 3250 Non
398 3195 756 3264 acceperunt
770 3192 862 3245 isti
879 3190 1163 3261 Spiritum
1182 3196 1457 3245 sanctum
1477 3206 1491 3256 ;
1518 3205 1659 3246 nam
1676 3190 1722 3244 si
1740 3206 1902 3246 acce-

242 3284 493 3356 pissent,
517 3280 736 3350 linguis
766 3279 1151 3351 loquerentur
1185 3278 1703 3350 quemadmodum
1757 3283 1901 3333 tunc

240 3372 473 3431 factum
492 3372 620 3427 est?
643 3369 699 3427 Si
718 3384 859 3439 ergo
880 3383 986 3440 per
1006 3369 1134 3423 haec
1154 3368 1441 3425 miracula
1454 3384 1575 3424 non
1597 3369 1703 3424 ﬁat
1721 3370 1901 3423 modo

242 3460 655 3520 testimonium
706 3459 1036 3531 praesentia:
1080 3457 1333 3529 Spiritus
1377 3459 1599 3524 sancti;
1633 3460 1790 3512 unde
1812 3456 1898 3521 ﬁt,

240 3552 404 3607 unde
430 3546 1001 3620 cognoscitquisque
1024 3547 1331 3617 accepisse
1350 3561 1410 3601 se
1431 3547 1713 3618 Spiritum
1730 3561 1899 3602 sanc-

239 3645 371 3697 tum
391 3639 420 3693 ?
446 3639 1080 3707 Interrogetcorsuum
1106 3635 1385 3707 :sidiligit
1404 3635 1667 3701 fratrem,
1698 3638 1899 3691 manet

244 3728 498 3801 Spiritus
529 3728 624 3781 Dei
647 3727 705 3780 in
733 3723 1124 3788 illo.'Videat,
1150 3725 1363 3795 probet
1383 3724 1648 3796 seipsum
1688 3740 1896 3780 coram

244 3817 433 3873 oculis
454 3815 552 3870 Dei
588 3830 602 3881 ;
631 3813 826 3868 videat
847 3812 897 3867 si
919 3817 1007 3867 est
1032 3813 1091 3867 in
1123 3811 1220 3867 illo
1242 3811 1479 3868 dilectio
1507 3813 1667 3884 pacis
1691 3818 1744 3868 et
1772 3813 1899 3868 uni-

246 3906 406 3971 tatis,
438 3903 674 3959 dilectio
703 3901 976 3958 Ecclesite
1004 3905 1125 3957 toto
1151 3905 1441 3957 terrarum
1467 3902 1610 3957 orbe
1637 3900 1894 3957 diffusae.

244 3998 374 4052 Non
395 3992 663 4049 attendat
687 4007 823 4047 eum
852 3989 1047 4047 solum
1078 3990 1322 4060 diligere
1344 3991 1581 4047 fratrem
1611 4006 1791 4064 quem
1810 3996 1901 4047 at-

245 4083 432 4141 tendit
463 4086 601 4140 ante
633 4096 694 4136 se
724 4098 736 4136 :
779 4080 999 4136 multos
1030 4079 1191 4136 enim
1223 4095 1343 4135 non
1394 4081 1665 4136 videmus
1696 4080 1900 4136 fratres

244 4178 510 4240 nostros,
533 4176 590 4228 et
614 4171 675 4227 in
707 4170 928 4225 unitate
956 4169 1332 4241 Spiritusillis
1353 4169 1727 4242 copulamur.
1746 4169 1901 4235 Quid

250 4264 471 4319 mirum
497 4261 641 4332 quia
671 4260 981 4315 nobiscum
1037 4274 1158 4314 non
1190 4260 1377 4315 sunt?
1409 4261 1471 4315 In
1503 4275 1622 4315 uno
1650 4273 1901 4330 corpore

247 4364 676 4417 sumus,unum
701 4346 1262 4419 caputhabemusin
1280 4348 1447 4404 caelo.
1469 4351 1717 4414 Fratres,
1744 4346 1903 4403 oculi

248 4440 436 4497 nostri
460 4452 579 4494 non
601 4454 662 4493 se
678 4436 903 4501 vident,
927 4436 1102 4508 quasi
1118 4453 1237 4493 non
1253 4454 1314 4493 se
1336 4446 1572 4495 norunt.
1592 4444 1677 4494 An
1694 4440 1753 4494 in
1766 4439 1903 4496 cha-

248 4530 424 4588 ritate
450 4525 823 4599 compaginis
844 4525 1171 4596 corporalis
1199 4541 1319 4582 non
1353 4534 1569 4583 norunt
1593 4545 1656 4584 se
1675 4530 1705 4582 ‘I
1729 4532 1899 4594 Nam,

249 4623 318 4676 ut
349 4616 628 4673 noveritis
657 4615 800 4687 quia
831 4616 889 4669 in
920 4613 1340 4685 conjunctione
1366 4616 1670 4673 charitatis
1694 4633 1757 4673 se
1792 4634 1903 4674 no-

245 4711 424 4764 runt:
450 4704 698 4777 quando
715 4702 899 4759 ambo
928 4708 1152 4774 patent,
1186 4719 1307 4759 non
1328 4704 1464 4761 licet
1491 4706 1789 4777 utaliquid
1820 4711 1907 4763 at-

247 4795 459 4853 tendat
494 4793 721 4859 dexter,
754 4791 920 4864 quod
952 4806 1071 4846 non
1104 4793 1368 4849 attendat
1418 4794 1676 4851 sinister.
1717 4795 1906 4865 Dirige

248 4884 493 4942 radium
523 4883 800 4938 dextrum
831 4882 955 4937 sine
969 4880 1235 4948 altero,si
1252 4888 1440 4954 potes.
1462 4884 1646 4940 Simul
1669 4889 1905 4949 coeunt,

250 4972 432 5030 simul
446 4972 780 5041 diriguntur
796 4986 810 5037 ;
826 4969 1076 5026 intentio
1102 4986 1221 5026 una
1234 4971 1479 5036 est,loca
1498 4973 1737 5030 diversa
1749 4978 1907 5029 sunt.

253 5064 470 5132 Siergo
487 5076 696 5117 omnes
709 5060 815 5133 qui
828 5066 1026 5115 tecum
1039 5058 1707 5130 diliguntDeum,unam
1725 5063 1914 5118 inten-

252 5153 483 5208 tionem
508 5155 701 5206 tecum
723 5148 1093 5213 habent,noli
1112 5149 1414 5205 attendere
1430 5151 1575 5223 quia
1592 5167 1839 5223 corpore
1853 5152 1913 5205 in

256 5239 395 5295 loco
415 5242 800 5309 separatuses
829 5252 843 5302 ;
869 5236 1059 5293 aciem
1081 5236 1280 5294 cordis
1310 5238 1487 5293 simul
1518 5238 1720 5294 ﬁxistis
1743 5240 1802 5294 in
1832 5238 1914 5294 lu-

261 5327 426 5385 mine
447 5326 727 5383 veritatis.
745 5329 895 5398 Ergo
908 5326 955 5380 si
976 5327 1066 5381 vis
1082 5341 1257 5382 nosse
1279 5328 1425 5399 quia
1446 5328 1725 5399 accepisti
1740 5328 1916 5398 Spiri-

259 5422 413 5481 tum,
438 5416 823 5486 interogacor
839 5423 1009 5471 tuum
1036 5432 1050 5482 ;
1071 5431 1143 5471 ne
1158 5416 1307 5472 forte
1326 5420 1773 5475 sacramentum
1800 5417 1879 5474 ha
1893 5446 1919 5462 -

252 5506 394 5579 bes,
416 5506 758 5562 etvirtutem
775 5504 1135 5562 sacramenti
1166 5521 1289 5562 non
1319 5507 1507 5563 habes
1533 5509 1575 5562 ¹.
1611 5508 1913 5579 Interroga

308 5698 663 5764 "Ei-(Lugd.
681 5704 733 5751 et
764 5698 927 5757 Ven.,
959 5715 1022 5749 ne
1050 5700 1184 5764 forte
1202 5715 1313 5751 cum
1341 5708 1720 5754 sacramentum
1741 5704 1918 5767 habet.

582 5790 825 5849 Punon.
872 5790 1100 5850 XXXV.

1453 185 1877 248 TBACTATUS
1917 185 2010 249 VI.
2054 190 2283 250 CAPUT
2325 192 2427 256 ΙΙΙ.

3505 212 3645 271 2026

1997 332 2100 373 cor
2139 325 2331 388 tuum,
2377 323 2427 376 si
2480 328 2564 379 est
2595 325 2676 380 ibi
2709 326 2942 385 dilectio
2970 330 3185 397 fratris,
3220 350 3462 394 securus
3492 348 3641 398 esto.

1997 409 2122 463 Non
2150 414 2341 480 potest
2371 428 2500 468 esse
2530 414 2766 471 dilectio
2789 417 2913 473 sine
2946 421 3163 491 Spiritu
3182 423 3281 478 Dei
3310 445 3320 482 :
3347 429 3646 497 quiaPau-

1996 494 2088 550 lus
2110 497 2349 567 clamat,
2375 501 2650 559 Charitas
2666 507 2773 561 Dei
2791 508 3005 577 diﬂ'usa
3020 517 3103 567 est
3126 513 3188 567 in
3212 494 3489 571 cordibus
3514 534 3645 575 nos-

1996 586 2105 641 tris
2121 601 2233 655 per
2245 589 2537 658 Spiritum
2563 600 2833 650 sanctum
2857 598 2961 669 qui
2985 599 3159 657 datus
3171 608 3251 658 est
3276 604 3465 660 nobis.

2073 717 2153 769 11.
2177 716 2761 787 Dilectissimi,nolite
2785 725 2947 779 omni
2967 728 3207 795 spiritui
3231 731 3648 797 credere.Quia

1993 800 2243 867 dixerat,
2270 806 2339 860 In
2359 807 2467 863 hoc
2488 812 2891 879 cognoscimus
2919 816 3058 885 quia
3081 824 3277 874 manet
3302 822 3362 874 in
3386 822 3551 877 nobis
3574 822 3648 879 de

1993 891 2221 959 Spiritu
2244 910 2412 964 quem
2435 897 2592 953 dedit
2633 900 2817 956 nobis.
2845 904 3008 959 Unde
3042 911 3241 962 autem
3266 912 3646 978 cognoscitur

1991 979 2117 1051 ipse
2134 981 2383 1052 Spiritus
2406 987 2715 1044 attendite:
2742 990 3127 1059 Dilectissimi,
3150 996 3329 1053 nolite
3349 1000 3510 1053 omni
3527 1000 3646 1068 spi-

1991 1068 2137 1123 ritui
2166 1072 2421 1137 credere,
2448 1076 2550 1130 sed
2565 1078 2815 1145 probate
2833 1082 3078 1148 spiritus
3099 1084 3150 1138 si
3174 1099 3248 1140 ea:
3263 1088 3377 1142 Deo
3403 1095 3561 1144 sunt.
3580 1088 3646 1146 Et

1991 1158 2125 1229 quis
2151 1165 2237 1214 est
2266 1162 2365 1232 qui
2401 1164 2614 1233 probat
2640 1167 2880 1237 spiritus
2916 1169 2944 1223 ‘1‘
2977 1172 3281 1229 Difﬁcilem
3312 1192 3438 1231 rem
3466 1178 3645 1234 nobis

1993 1249 2319 1318 proposuit,
2341 1250 2549 1307 fratres
2568 1256 2712 1310 mei:
2732 1256 2958 1313 bonum
2980 1263 3252 1318 estnobis
3273 1265 3503 1323 utdicat
3518 1268 3643 1339 ipse

1992 1336 2151 1391 unde
2175 1336 2611 1400 discernamus.
2634 1343 2902 1401 Dicturus
2919 1355 3032 1414 est;
3065 1365 3138 1405 ne
3157 1350 3484 1411 formidatis
3506 1372 3517 1410 :
3539 1336 3643 1413 sed

1990 1426 2184 1497 primo
2206 1427 2415 1495 videte,
2446 1432 2765 1500 attendite;
2802 1436 2989 1492 videte
3013 1438 3150 1494 hinc
3209 1444 3463 1513 exprimi
3496 1446 3643 1502 illud

1994 1515 2152 1570 unde
2181 1518 2315 1571 vani
2332 1518 2593 1575 haeretici
2625 1521 3084 1582 calumniantur.
3109 1529 3425 1598 Attendite,
3452 1534 3645 1591 videte

1993 1604 2140 1674 quid
2171 1606 2273 1675 ait,
2303 1608 2698 1676 Dilectissimi,
2728 1613 2907 1669 nolite
2930 1617 3092 1672 omni
3115 1618 3357 1686 spiritui
3383 1623 3643 1689 credere,

1990 1693 2093 1749 sed
2117 1695 2625 1766 probatespiritus
2650 1700 2701 1754 si
2724 1716 2799 1757 ea:
2815 1704 2928 1759 Deo
2952 1713 3112 1760 sunt.
3132 1708 3383 1779 Spiritus
3400 1720 3645 1769 sanctus

1995 1785 2238 1839 nomine
2255 1801 2425 1857 aqua:
2447 1788 2786 1858 appellatus
2815 1799 2904 1847 est
2935 1794 2993 1849 in
3018 1794 3353 1866 Evangelio,
3392 1803 3648 1858 Domino

1996 1870 2291 1928 61amante
2321 1880 2377 1929 et
2405 1874 2638 1933 dicente
2666 1895 2679 1932 :
2704 1880 2770 1935 Si
2799 1882 2928 1951 quis
2949 1883 3089 1953 sitit,
3116 1887 3307 1943 veniat
3335 1889 3417 1944 ad
3448 1906 3556 1957 me,
3591 1896 3649 1947 et

1999 1960 2159 2017 bibat
2185 1979 2204 2015 .·
2228 1963 2326 2032 qui
2349 1964 2529 2020 credit
2557 1967 2618 2022 in
2644 1970 3017 2037 me,ﬂumina
3040 1989 3210 2045 aquae
3225 1976 3653 2045 vivzeﬂuentde

1998 2056 2203 2106 ventre
2223 2053 2369 2120 ejus.
2396 2055 2769 2125 Evangelista
2790 2063 2989 2116 autem
3018 2066 3293 2134 exposuit
3317 2068 3474 2122 unde
3497 2068 3652 2125 dice-

2000 2144 2088 2194 ret
2113 2146 2381 2197 :secutus
2408 2144 2566 2199 enim
2594 2145 2695 2216 ait,
2718 2148 2841 2203 Hoc
2853 2158 3048 2207 autem
3064 2152 3295 2209 dicebat
3324 2155 3394 2212 de
3420 2157 3652 2225 Spiritu

2000 2243 2170 2298 quem
2197 2233 2501 2300 accepturi
2524 2242 2694 2290 erant
2719 2236 2821 2306 qui
2851 2237 2911 2292 in
2966 2254 3095 2296 eum
3138 2248 3309 2297 erant
3336 2246 3649 2303 credituri.

2003 2318 2194 2382 Quare
2210 2335 2322 2374 non
2344 2320 2562 2376 multos
2579 2324 2895 2395 baptizavit
2914 2328 3230 2386 Dominus?
3246 2333 3517 2405 Sedquid
3530 2336 3653 2391 ait?

2003 2406 2255 2475 Spiritus
2285 2418 2481 2467 autem
2505 2414 2767 2469 nondum
2786 2424 2915 2472 erat
2936 2418 3131 2483 datus,
3161 2422 3303 2491 quia
3321 2422 3488 2479 Iesus
3510 2441 3655 2481 non-

2005 2496 2144 2551 dum
2176 2505 2303 2553 erat
2330 2500 2699 2571 clariﬁcatus
2730 2503 2928 2564 (Joan.
2963 2523 3063 2577 vu,
3097 2510 3308 2581 37-39).
3344 2513 3495 2576 Quia
3515 2529 3655 2583 ergo

2006 2584 2478 2658 illiBaptismum
2500 2590 2887 2660 habebant,et
2910 2597 3195 2667 Spiritum
3210 2608 3483 2657 sanctum
3508 2620 3655 2659 non-

2006 2674 2154 2730 dum
2185 2685 2560 2749 acceperant,
2583 2698 2759 2751 quem
2779 2683 2875 2739 die
2895 2684 3269 2743 Pentecostes
3286 2691 3439 2746 misit
3455 2692 3657 2748 Domi-

2008 2776 2122 2820 nus
2154 2765 2228 2820 de
2280 2767 2463 2834 coelo;
2500 2775 2562 2824 ut
2609 2772 2849 2828 daretur
2883 2774 3152 2847 Spiritus,
3199 2782 3660 2850 exspectabatur

2010 2853 2355 2911 clarificatio
2390 2858 2643 2913 Domini.
2688 2862 2750 2915 Et
2773 2869 3097 2935 antequam
3128 2865 3572 2936 clarificaretur,
3604 2875 3661 2927 et

2009 2949 2334 3014 antequam
2360 2946 2613 3001 mitteret
2636 2964 2792 3014 eum,
2810 2950 2867 3004 in
2879 2951 3292 3011 vitabattatem
3309 2957 3583 3014 homines
3598 2964 3661 3016 ut

2010 3047 2071 3086 se
2099 3039 2505 3103 prmpararent
2526 3035 2602 3090 ad
2634 3037 3047 3109 accipiendam
3062 3059 3307 3114 aquam,
3336 3048 3409 3102 de
3432 3064 3554 3120 qua
3574 3049 3661 3104 di-

2009 3120 2114 3185 xit,
2141 3120 2294 3187 Quid
2315 3122 2462 3191 sitit,
2490 3124 2688 3180 veniat
2719 3134 2771 3181 et
2805 3127 3008 3196 bibat;
3032 3138 3106 3196 et,
3132 3133 3244 3199 Qui
3267 3136 3454 3191 credit
3474 3139 3533 3192 in
3549 3153 3657 3206 me,

2003 3210 2258 3279 ﬂumina
2284 3226 2455 3282 aqum
2477 3213 2618 3269 viva:
2634 3215 2821 3283 [luent
2849 3218 2921 3273 de
2953 3216 3154 3277 ventre
3180 3225 3330 3290 ejus.
3360 3224 3514 3290 Quid
3545 3232 3652 3292 est,

2007 3301 2257 3366 ﬂumina
2288 3315 2455 3371 aqum
2481 3303 2623 3358 viva:
2649 3304 2675 3358 Ῥ
2704 3306 2848 3376 quid
2870 3312 2957 3361 est
2986 3307 3086 3364 illa
3106 3325 3265 3380 aqua
3288 3310 3314 3364 ‘2
3344 3313 3532 3368 Nemo
3563 3330 3659 3371 me

2008 3388 2359 3459 interroget;
2387 3393 2767 3462 Evangelium
2792 3396 3111 3465 interroga.
3146 3401 3268 3455 Hoc
3288 3408 3479 3456 autem
3508 3402 3659 3460 dice-

2005 3477 2234 3545 ‘bat,ait,
2258 3479 2328 3534 de
2339 3479 2568 3547 Spiritu
2587 3498 2753 3553 quem
2769 3488 3075 3554 accepturi
3085 3495 3253 3544 erant
3268 3490 3330 3545 hi
3339 3490 3441 3561 qui
3452 3491 3513 3546 in
3526 3490 3657 3548 eum

2008 3576 2178 3621 erant
2191 3568 2676 3625 credituri.A1iud
2688 3579 2774 3628 est
2787 3590 2927 3643 ergo
2944 3591 3102 3647 aqua
3118 3578 3657 3645 Sacramenti,aliud

2011 3669 2169 3726 aqua
2185 3671 2320 3726 quae
2339 3658 2637 3726 signiﬁcat
2658 3661 2937 3732 Spiritum
2958 3665 3074 3719 Dei.
3095 3667 3267 3738 Aqua
3290 3670 3658 3725 Sacramenti

2012 3743 2255 3799 visibilis
2269 3752 2385 3812 est;
2402 3762 2562 3819 aqua
2581 3749 2832 3820 Spiritus
2855 3751 3317 3812 invisibilis.lsta
3331 3757 3519 3813 abluit
3532 3774 3659 3815 cor-

2010 3835 2509 3904 pus,etsigniﬁcat
2529 3839 2694 3909 quod
2715 3838 2778 3895 ﬁl
2799 3841 2858 3895 in
2882 3843 3087 3899 anima
3118 3861 3130 3899 :
3154 3861 3258 3917 per
3274 3846 3439 3902 illum
3472 3848 3656 3918 Spiri-

2009 3926 2133 3978 tum
2153 3924 2285 3994 ipsa
2310 3926 2515 3981 anima
2529 3929 2852 3985 mandatur
2866 3937 2921 3986 et
2938 3934 3263 4003 saginatur.
3282 3938 3409 4006 ipse
3432 3941 3523 3991 est
3537 3938 3656 4010 Spi-

2009 4012 2154 4066 ritus
2178 4011 2483 4084 Dei,quem
2508 4031 2627 4071 non
2652 4025 2905 4089 possunt
2929 4021 3149 4077 habere
3167 4022 3507 4091 haeretici,et
3524 4027 3660 4097 qui-

2010 4115 2267 4172 cumque
2280 4118 2340 4157 se
2357 4102 2433 4158 ab
2450 4105 2701 4162 Ecclesia
2714 4110 3136 4179 praeciduntEt
3154 4112 3519 4185 quicumque
3538 4131 3661 4170 non

2011 4196 2211 4260 aperte
2230 4193 2579 4265 praecidunt,
2614 4196 2716 4251 sed
2736 4212 2839 4268 per
2856 4196 3232 4271 iniquitatem
3249 4202 3482 4272 praecisi
3500 4209 3656 4267 sunt,

2011 4282 2065 4333 et
2080 4278 2238 4333 intus
2254 4286 2529 4353 tanquam
2544 4284 2730 4355 paleas
2749 4287 3146 4352 volvuntur,et
3159 4304 3348 4358 grana
3362 4305 3482 4344 non
3500 4295 3656 4360 sunt,

2012 4381 2133 4422 non
2160 4366 2381 4425 habent
2405 4371 2605 4441 ipsum
2656 4374 2961 4443 Spiritum.
2989 4378 3098 4429 Iste
3133 4378 3382 4447 Spiritus
3416 4378 3661 4432 nomine

2013 4472 2188 4527 aquae
2207 4473 2241 4512 a
2257 4459 2506 4514 Domino
2519 4460 2884 4529 signiﬁcatus
2898 4469 2984 4519 est
3004 4481 3015 4517 :
3033 4469 3088 4518 et
3101 4464 3439 4521 audivimus
3460 4467 3535 4521 ab
3549 4467 3662 4523 hac

2010 4546 2298 4617 Epistola,
2326 4548 2527 4603 Nolite
2541 4553 2700 4605 omni
2719 4552 2958 4620 spiritui
2983 4554 3220 4609 credere
3246 4578 3265 4624 ,-
3292 4560 3348 4610 et
3376 4560 3663 4612 testantur

2016 4634 2197 4691 verba
2222 4634 2320 4690 illa
2338 4635 2959 4712 Salomonis,Abaqua
2972 4641 3170 4699 aliena
3185 4644 3411 4699 abstine
3430 4646 3664 4711 te.Quid

2015 4729 2100 4778 est
2126 4723 2328 4793 aqua?
2349 4726 2927 4801 Spiritus.Nuinquid
2950 4746 3185 4803 semper
3203 4749 3364 4805 aqua
3380 4735 3667 4806 Spiritum

2017 4812 2347 4882 signiﬁcat?
2364 4816 2490 4869 Non
2523 4830 2785 4889 semper:
2814 4820 2915 4874 sed
2931 4821 3297 4891 quibusdam
3316 4822 3667 4896 locis,Spiri-

2018 4907 2145 4959 tum
2168 4902 2483 4971 signiﬁcat,
2503 4906 2875 4976 quibusdam
2895 4908 3037 4964 locis
3057 4912 3423 4983 Baptismum
3449 4913 3671 4983 signiﬁ-

2021 4995 2132 5060 cat,
2148 4992 2513 5062 quibusdam
2536 4994 2676 5051 locis
2693 4998 2948 5069 populos
2964 4999 3278 5069 signiﬁcat,
3303 5003 3672 5073 quibusdam

2020 5078 2164 5135 locis
2194 5081 2508 5138 consilium
2539 5085 2850 5154 signiﬁcat.
2884 5088 3076 5144 Habes
3101 5092 3368 5161 quodam
3394 5090 3524 5145 loco
3551 5090 3669 5143 dic-

2024 5173 2170 5236 tum,
2204 5172 2347 5225 Fons
2379 5173 2512 5228 vitae
2526 5176 3293 5243 consilium,possidentibus
3318 5194 3445 5234 eum
3476 5178 3670 5243 (Prov.

2026 5272 2139 5320 xvn,
2167 5258 2279 5326 22).
2312 5261 2459 5328 Ergo
2482 5277 2583 5331 per
2604 5263 2839 5320 diversa
2855 5267 2984 5321 loca
3007 5267 3446 5336 Scripturarum
3461 5282 3678 5322 nomen

2027 5361 2199 5416 aquae
2228 5348 2466 5405 diversa
2491 5352 2809 5420 signiﬁcat.
2848 5356 3011 5409 Nunc
3036 5361 3229 5411 tamen
3248 5356 3491 5411 nomine
3511 5372 3682 5428 aquae

2029 5436 2309 5507 Spiritum
2339 5444 2615 5495 sanctum
2641 5441 2915 5507 audistis,
2951 5458 3070 5498 non
3097 5459 3167 5499 ex
3185 5444 3681 5516 interpretatione

2026 5646 2270 5758 ibiirtutirin
2324 5650 2632 5699 sacramenti
2679 5665 2784 5699 non
2818 5652 3021 5702 habeas.
3058 5655 3193 5709 [ιον.
3250 5655 3329 5705 bis
3360 5656 3559 5717 ferunt,
3599 5658 3686 5709 ha-

2065 5723 2165 5758 eas.
2257 5749 2267 5758 .

2065 5723 2165 5758 θαι.
2200 5723 2267 5761 Μ.

2852 5805 3391 5883 (ιςοίειαηιθ-Οααενθ
3404 5812 3443 5884 .)
