4182 6198
493 194 628 250 2027

497 326 718 387 nostra,
752 314 856 370 sed
887 327 955 368 ex
985 310 1336 379 Evangelico
1362 310 1717 372 testimonio,
1748 306 1848 361 ubi
1870 304 1951 361 ait
1984 304 2150 358 :Hoc

502 415 696 468 autem
725 402 957 460 dicebat
986 401 1057 457 de
1088 399 1317 469 Spiritu
1353 415 1521 470 quem
1554 403 1721 455 erant
1751 392 2058 463 accepturi
2089 390 2152 448 hi

498 502 600 573 qui
630 500 691 552 in
713 510 841 552 eum
865 496 1035 548 erant
1055 488 1356 545 credituri.
1375 489 1431 543 Si
1460 503 1600 558 ergo
1618 502 1789 558 aqua:
1810 482 2053 573 nomine
2075 480 2150 573 si-

496 570 815 661 gniﬁcatur
833 581 1080 653 Spiritus
1114 582 1385 642 sanctus,
1410 582 1465 633 et
1505 577 1646 633 dicit
1685 574 1856 632 nobis
1891 570 2147 661 Epistola

497 659 630 744 ista,
661 676 859 731 Nolite
889 668 1047 724 omni
1060 666 1302 736 spiritui
1327 666 1692 733 credere,sed
1702 663 1951 734 probate
1974 659 2148 729 spiri-

499 775 587 823 tus
621 766 667 820 si
698 778 770 820 ex
809 762 915 815 Deo
946 761 1126 821 sunt;
1152 754 1550 825 intelligamus
1581 754 1718 810 inde
1738 754 1960 809 dictum
1994 769 2147 819 esse,

496 858 587 914 Ab
614 869 769 925 aqua
792 851 989 907 aliena
1022 845 1252 902 abstine
1275 852 1347 907 te,
1380 851 1431 900 et
1461 846 1532 900 de
1554 846 1721 913 fonte
1749 843 1941 899 alieno
1968 857 2041 898 ne
2069 842 2148 898 bi-

500 946 648 1002 beris
675 943 868 1012 (Prov.
892 954 966 1007 ix,
1006 932 1553 1004 {8,sec.LXX).Quid
1567 939 1671 997 est,
1691 932 1761 988 de
1779 932 2147 1003 fontealieno

500 1050 571 1091 ne
603 1030 808 1089 biberis
839 1029 865 1083 ?
893 1024 1128 1100 Spiritui
1154 1023 1347 1078 alieno
1380 1039 1452 1077 ne
1484 1022 1822 1077 credideris.

574 1151 654 1204 12.
673 1146 868 1201 Restat
889 1155 1029 1209 ergo
1044 1138 1485 1201 examen,unde
1504 1136 1789 1209 probetur
1811 1136 1955 1207 quia
1970 1136 2144 1208 Spiri-

497 1246 591 1297 tus
624 1236 721 1292 Dei
752 1238 857 1289 est.
894 1229 1090 1285 Posuit
1117 1226 1361 1298 quidem
1395 1228 1657 1295 signum,
1681 1226 1868 1280 ethoc
1895 1225 2145 1281 fortasse

496 1325 729 1385 difﬁcile
752 1341 767 1389 ;
804 1320 1114 1376 videamus
1129 1314 1441 1371 tamen.Ad
1456 1314 1619 1371 illam
1635 1314 1795 1369 chari
1806 1319 1977 1369 tatem
1994 1313 2150 1369 redi-

495 1419 607 1477 turi
637 1428 874 1481 sumus;
894 1410 1026 1479 ipsa
1046 1414 1279 1476 estquae
1299 1420 1406 1459 nos
1425 1404 1618 1466 docet.
1636 1404 1779 1475 quia
1797 1405 1920 1476 ipsa
1937 1409 2023 1460 est
2044 1421 2149 1461 un-

496 1504 865 1563 ctio.Tamen
880 1498 975 1551 hic
996 1494 1141 1567 quid
1174 1494 1291 1548 ait?
1314 1492 1574 1549 Probate
1596 1493 1843 1562 spiritus
1868 1493 1919 1548 si
1940 1509 2013 1549 ex
2038 1495 2148 1551 Deo

492 1603 669 1653 sunt:
697 1591 837 1663 quia
854 1586 1031 1643 multi
1044 1584 1564 1653 pseudopropheta:
1587 1584 1852 1638 exierunt
1877 1582 1939 1636 in
1970 1585 2147 1641 istum

495 1682 801 1741 mundum.
816 1680 944 1733 Jam
958 1675 1037 1729 ibi
1052 1678 1189 1728 sunt
1209 1688 1419 1727 omnes
1433 1671 1687 1727 haeretici
1706 1677 1986 1727 etomnes
2001 1672 2150 1728 schi-

496 1772 724 1830 smatici
736 1764 1073 1833 .Quomodo
1090 1777 1231 1831 ergo
1246 1760 1436 1832 probo
1454 1760 1759 1833 spiritum?
1772 1761 2147 1833 Sequitur,In

495 1865 602 1920 hoc
616 1856 990 1931 cognoscitur
1006 1851 1257 1921 Spiritus
1272 1850 1385 1906 Dei.
1405 1850 1614 1921 Erigite
1628 1865 1802 1905 aures
1815 1850 1954 1905 cord
1966 1851 2147 1908 is.La"

490 1940 1480 2010 borabamus,etdicebamus,Quis
1496 1936 1827 2009 novitiquis
1840 1938 2148 1996 discernit?

493 2042 637 2097 Ecce
666 2039 933 2093 dicturus
963 2036 1049 2087 est
1072 2029 1337 2099 signum.
1360 2046 1388 2077 «
1413 2026 1993 2097 Inhoccognoscitur
2016 2027 2149 2099 Spi-

492 2132 638 2187 ritus
663 2126 761 2183 Dei
788 2122 1013 2179 :omnis
1028 2119 1268 2192 spiritus
1290 2117 1390 2189 qui
1420 2116 1734 2173 conﬁtetur
1753 2116 1961 2171 Jesum
1987 2116 2148 2173 Chri-

490 2224 649 2276 stum
667 2219 724 2273 in
743 2229 920 2271 carne
952 2210 1207 2273 venisse,
1243 2223 1313 2263 ex
1334 2208 1453 2262 Deo
1469 2212 1583 2261 est.
1608 2204 1885 2262 Etomnis
1901 2206 2144 2278 spiritus

488 2286 593 2382 qui
608 2322 727 2363 non
746 2300 1055 2361 conﬁtetur
1074 2298 1101 2352 J
1108 2312 1278 2353 esum
1296 2296 1595 2353 Christum
1626 2294 1686 2349 in
1700 2310 1879 2350 carne
1892 2295 2142 2362 venisse,

489 2414 613 2456 non
638 2400 816 2452 estex
844 2395 960 2447 Deo
990 2405 1001 2444 :
1026 2392 1083 2442 et
1107 2386 1203 2445 hic
1230 2390 1316 2442 est
1338 2383 1745 2449 antichristus,
1774 2383 1849 2439 de
1887 2398 2006 2456 quo
2036 2400 2147 2440 au-

493 2485 665 2542 distis
686 2481 849 2557 quod
863 2482 1145 2534 venturus
1159 2474 1251 2541 sit;
1266 2478 1494 2529 etnunc
1508 2528 1509 2531 η
1522 2472 1581 2528 in
1609 2470 1717 2526 isto
1728 2471 1958 2527 mundo
1972 2477 2077 2528 est.
2114 2491 2146 2528 ι

491 2572 986 2640 Quasieriguntur
1000 2578 1174 2620 aures
1206 2562 1281 2615 ad
1311 2558 1744 2615 discernendos
1770 2558 2013 2631 spiritus
2045 2574 2059 2627 ;
2087 2566 2146 2618 et

495 2662 608 2719 tale
623 2658 918 2733 quiddam
932 2651 1299 2712 audivimus,
1316 2649 1473 2703 unde
1487 2647 1875 2703 nihilominus
1888 2664 2008 2705 non
2024 2649 2147 2705 dis-

494 2765 736 2806 cernam
746 2747 885 2810 us.Q
897 2742 994 2798 uid
1008 2740 1166 2797 enim
1182 2738 1260 2794 ait
1274 2737 1302 2791 ‘t
1316 2736 1518 2793 Omnis
1545 2736 1787 2806 spiritus
1800 2738 1904 2808 qui
1915 2740 2145 2807 conﬁte-

494 2850 593 2896 tur
604 2840 800 2894 Jesum
818 2832 1119 2891 Christum
1138 2830 1197 2883 in
1214 2841 1394 2883 carne
1407 2826 1642 2891 venisse,
1658 2840 1732 2883 ex
1753 2827 1872 2882 Deo
1884 2830 2145 2899 est.Ergo

495 2930 738 3003 spiritus
753 2926 855 2996 qui
869 2918 1558 2993 estapudhaareticos,ex
1573 2920 1689 2973 Deo
1707 2922 1796 2973 est
1814 2933 1827 2984 ;
1847 2918 1990 2990 quia
2003 2935 2145 2976 con-

497 3020 737 3076 ﬁtentur
753 3017 780 3069 J
788 3028 955 3070 esum
972 3010 1267 3071 Christum
1292 3008 1352 3062 in
1384 3022 1561 3063 carne
1589 3006 1818 3063 venisse
1849 3006 1876 3060 ?
1894 3008 1923 3062 ,Ι
1931 3024 2027 3065 am
2049 3008 2147 3066 hic

495 3109 734 3177 erigunt
762 3120 825 3159 se
857 3102 1004 3158 forte
1036 3098 1320 3154 adversus
1349 3112 1485 3162 nos,
1516 3100 1573 3151 et
1598 3096 1802 3154 dicunt
1831 3115 1844 3151 :
1881 3095 1996 3154 Vos
2024 3111 2146 3155 non

492 3196 725 3254 habetis
739 3192 1009 3265 spiritum
1040 3204 1111 3246 ex
1144 3190 1261 3243 Deo
1276 3204 1294 3258 ;
1316 3185 1422 3242 sed
1446 3200 1553 3241 nos
1580 3186 2147 3244 conﬁtemuriesum

496 3282 865 3344 Christumin
879 3294 1053 3336 carne
1078 3276 1342 3333 venisse:
1376 3275 1485 3331 iste
1516 3278 1714 3333 autem
1751 3274 1884 3331 illos
1913 3276 2152 3348 negavit

499 3376 779 3447 Spiritum
796 3370 894 3426 Dei
907 3364 1263 3437 habere,qui
1276 3380 1398 3419 non
1412 3361 1803 3422 conﬁtenturi
1812 3379 1979 3419 esum
1993 3365 2150 3421 Chri-

496 3465 731 3521 stumin
764 3476 943 3517 carne
957 3457 1202 3513 venisse.
1239 3456 1446 3521 Quaere
1477 3452 1555 3508 ab
1581 3452 1812 3509 Arianis
1832 3453 2153 3521 ;conﬁten~

498 3562 593 3610 tur
633 3556 837 3609 Jesum
886 3548 1183 3604 Christum
1211 3545 1277 3599 in
1309 3558 1487 3599 carne
1526 3542 1763 3598 venisse
1797 3558 1809 3596 :
1842 3557 2042 3614 qurere
2069 3544 2147 3601 ab

501 3639 885 3700 Eunomianis
912 3656 929 3705 ;
953 3635 1309 3692 conﬁtentur
1335 3632 1544 3687 Jesum
1559 3630 1852 3687 Christum
1879 3631 1940 3689 in
1970 3647 2147 3690 carne

502 3734 732 3788 venisse
761 3746 772 3784 :
798 3741 998 3799 quaere
1013 3742 1048 3781 a
1074 3721 1510 3779 Macedonianis
1532 3736 1545 3787 ;
1569 3719 1925 3781 conﬁtentur
1943 3721 2145 3780 Jesum

500 3820 797 3877 Christum
813 3817 872 3870 in
887 3829 1064 3870 carne
1086 3812 1317 3867 venisse
1344 3812 1672 3880 :interroga
1692 3809 2103 3883 Cataphrygas
2128 3828 2143 3882 ς

500 3907 854 3963 conﬁtentur
878 3904 1078 3958 Jesum
1110 3897 1482 3954 Christumin
1495 3912 1673 3953 carne
1690 3900 1921 3955 venisse
1938 3921 1949 3954 :
1966 3901 2149 3957 inter-

498 4012 640 4067 roga
672 3992 1064 4055 Novatianos;
1119 3988 1475 4043 conﬁtentur
1525 3988 1724 4042 Jesum
1758 3988 2050 4045 Christum
2084 3990 2146 4046 in

499 4098 675 4142 carne
708 4081 963 4139 venisse.
998 4080 1217 4136 Omnes
1265 4090 1408 4145 ergo
1432 4076 1555 4131 istas
1574 4074 1832 4132 haereses
1859 4076 2145 4149 Spiritum

500 4176 602 4231 Dei
629 4172 851 4230 habent
877 4169 904 4225 Ὺ
930 4171 1055 4225 Non
1074 4181 1215 4236 ergo
1234 4164 1772 4238 pseudoprophetm
1786 4171 1921 4221 sunt
1941 4164 1969 4221 Τ
1982 4167 2146 4225 nulla

500 4270 589 4322 est
616 4278 758 4333 ergo
788 4260 869 4316 ibi
900 4258 1192 4329 deceptio,
1224 4253 1387 4311 nulla
1403 4259 1493 4310 est
1520 4253 1603 4309 ibi
1634 4253 1899 4311 seductio
1923 4256 1950 4312 ?
1984 4257 2145 4314 Certe

498 4353 828 4411 antichristi
844 4347 1113 4421 sunt,qui
1144 4362 1215 4402 ex
1229 4344 1404 4401 nobis
1427 4343 1827 4411 exierunt,sed
1839 4360 1961 4402 non
1977 4352 2145 4407 erant

494 4460 569 4500 ex
601 4444 787 4500 nobis.

568 4565 650 4616 l3.
677 4556 828 4624 Quid
856 4570 997 4625 ergo
1010 4550 1305 4610 facimus?
1331 4549 1489 4606 unde
1504 4549 1869 4605 disernimus
1898 4548 1926 4605 ?
1954 4550 2147 4607 intenu

490 4650 865 4715 dite;eanius
891 4642 1072 4699 simul
1111 4641 1308 4705 corde,
1338 4645 1393 4695 et
1432 4640 1758 4713 pulsemus.
1785 4639 1991 4711 Vigilat
2012 4641 2143 4714 ipsa

489 4738 746 4797 Charitas
758 4735 918 4807 ,quia
938 4736 1064 4803 ipsa
1078 4729 1633 4802 pulsaturaest,ipsa
1648 4734 1925 4801 apertura
1940 4745 1951 4783 :
1969 4732 2141 4790 modo

488 4826 827 4894 intelligetis
842 4825 900 4877 in
920 4824 1161 4877 nomine
1181 4818 1414 4874 Domini
1431 4818 2139 4877 nostriJesuChristiJam

490 4916 765 4989 superius
793 4910 1041 4966 audistis
1062 4909 1206 4980 quia
1232 4907 1457 4962 dictum
1485 4907 1712 4973 est,0ui
1736 4914 1913 4978 negat
1941 4910 2139 4967 Jesum

489 5008 788 5064 Christum
817 5002 877 5057 in
906 5014 1088 5056 carne
1136 4996 1373 5060 venisse,
1409 4996 1503 5051 hic
1548 5000 1627 5050 est
1653 4996 2039 5053 antichristus
2092 5000 2136 5071 (Ι

480 5099 649 5154 Joan.
683 5112 738 5158 Il,
782 5095 863 5158 19,
894 5084 1745 5160 2‘2).Etibiquaasivimus,quis
1765 5090 1938 5155 neget
1962 5089 2137 5160 ;quia

481 5203 590 5242 nec
619 5202 729 5240 nos
781 5194 1095 5253 negamus,
1129 5191 1239 5231 nec
1271 5173 1352 5230 illi
1407 5179 1648 5243 negant.
1702 5175 1767 5229 Et
1796 5175 2134 5233 invenimus

477 5276 777 5348 quosdam
812 5270 982 5327 factis
1010 5282 1228 5338 negare
1255 5265 1500 5335 (Supra,
1540 5264 2052 5337 Tract.3,n.7-9);
2078 5272 2135 5325 et

476 5364 866 5421 adhibuimus
896 5356 1306 5416 testimonium
1330 5353 1722 5425 deApostolo,
1751 5354 1963 5426 quiait,
1984 5354 2133 5414 Con-

474 5454 720 5521 ﬁtentur
770 5453 922 5507 enim
949 5463 1008 5505 se
1031 5462 1194 5523 nosse
1232 5447 1430 5510 Deum,
1476 5444 1660 5514 factis
1691 5452 1886 5500 autem
1911 5450 2130 5517 negant

479 5542 665 5613 (Tim,
694 5542 797 5611 i6).
821 5541 910 5595 Sic
932 5544 1139 5605 ergoet
1165 5536 1345 5590 modo
1368 5535 1782 5607 quaeramusin
1798 5532 1985 5599 factis,
2008 5550 2127 5591 non

472 5632 533 5688 in
560 5631 783 5696 lingua.
814 5628 956 5691 Quis
980 5627 1318 5696 estspiritus
1340 5628 1442 5696 qui
1464 5641 1583 5680 non
1610 5630 1700 5679 est
1724 5640 1794 5679 ex
1817 5626 1934 5680 Deo
1955 5625 1982 5681 ?
2016 5627 2127 5694 Qui

471 5723 646 5792 negat
676 5717 877 5772 Jesum
909 5714 1202 5770 Christum
1233 5714 1295 5768 in
1313 5728 1494 5770 carne
1520 5714 1760 5771 venisse.
1796 5714 1998 5788 thuis
2029 5720 2119 5775 est
2228 5726 2354 5794 quia
2382 5726 2513 5778 dixit
2534 5714 2567 5778 ἴ
2594 5714 2764 5777 Solvit
2791 5725 2819 5776 ‘t
2858 5725 2934 5782 Μ.

1240 182 1308 237 ΙΝ
1348 178 1750 241 EPISTOLAM
1789 173 2084 235 JOANNIS
2122 170 2218 235 AD
2257 174 2613 252 PARTHOS,
2653 184 2716 241 S.
2757 178 3146 241 AUGUSTINI

2264 306 2502 376 spiritus
2527 312 2631 383 qui
2653 319 2737 369 est
2757 328 2829 369 ex
2853 310 3013 368 Deo?
3038 312 3148 378 Qui
3167 312 3689 381 conﬁtetur-Jesum
3721 313 3921 372 Chris-

2262 398 2384 450 tum
2415 396 2478 453 in
2509 414 2692 458 carne
2717 400 2956 457 venisse.
2992 400 3102 465 Qui
3122 403 3211 455 est
3238 400 3341 471 qui
3363 400 3684 457 conﬁtetur
3711 404 3915 459 Jesum

2262 482 2561 544 Christum
2592 489 2651 545 in
2682 503 2861 545 carne
2884 490 3115 544 venisse
3140 486 3169 544 ‘i
3209 489 3326 554 Eia,
3359 488 3589 556 fratres,
3618 506 3809 563 opera
3839 497 3923 549 at-

2258 572 2600 647 tendamus,
2624 593 2744 634 non
2763 577 3077 649 strepitum
3094 576 3332 649 linguae.
3358 578 3708 642 Qumramus
3728 595 3923 651 quare

2259 662 2485 718 venerit
2512 664 2573 719 in
2604 680 2783 722 carne
2832 664 3122 729 Christus,
3167 669 3226 721 et
3262 664 3603 721 invenimus
3641 667 3746 739 qui
3778 683 3923 725 eum

2259 756 2479 819 negant
2507 752 2567 809 in
2598 769 2779 811 carne
2810 753 3059 810 venisse.
3092 756 3243 809 Nam
3274 753 3325 809 si
3348 754 3590 825 linguas
3615 757 3918 824 attendas,

2256 838 2476 896 multas
2500 841 2756 900 haereses
2787 842 3102 900 auditurus
3134 858 3197 898 es
3226 842 3575 899 conﬁtentes
3613 842 3919 903 Christum

2257 926 2317 984 in
2346 943 2523 986 carne
2548 932 2815 988 venisse:
2846 930 2955 987 sed
2973 930 3272 987 convincit
3300 930 3432 988 illos
3458 934 3696 989 veritas.
3724 935 3921 1000 Quare

2254 1018 2415 1073 venit
2440 1019 2702 1077 Christus
2724 1022 2783 1076 in
2810 1036 2990 1077 carne
3028 1018 3056 1074 ‘i
3082 1022 3289 1077 Nonne
3323 1022 3476 1077 Deus
3509 1028 3633 1079 erat
3652 1022 3681 1077 ‘i
3707 1026 3918 1083 Nonne

2254 1104 2329 1162 de
2355 1106 2454 1164 illo
2481 1110 2768 1182 scriptum
2806 1116 2913 1174 est,
2949 1111 3015 1165 In
3052 1107 3347 1179 principio
3388 1116 3517 1167 erat
3558 1111 3836 1179 Verbum,
3864 1122 3917 1169 et

2267 1196 2517 1253 Verbum
2547 1204 2673 1255 erat
2722 1199 2887 1268 apud
2936 1198 3145 1265 Deum,
3172 1205 3226 1256 et
3275 1200 3429 1255 Deus
3472 1207 3600 1257 erat
3659 1201 3912 1259 Verbum

2256 1284 2450 1355 (Joan.
2484 1302 2521 1353 ι,
2564 1288 2612 1358 l)
2642 1286 2670 1342 Τ
2699 1287 2907 1344 Nonne
2926 1288 3055 1359 ipse
3078 1286 3365 1359 pascebat
3384 1288 3663 1361 Angelos,
3686 1295 3745 1346 et
3787 1292 3915 1363 ipse

2254 1374 2444 1446 pascit
2470 1376 2730 1446 Angelos
2758 1376 2785 1432 ‘t
2814 1379 3020 1433 Nonne
3042 1376 3127 1432 sic
3153 1377 3269 1432 huc
3292 1377 3469 1443 venit,
3495 1383 3557 1434 ut
3582 1379 3643 1435 in
3670 1394 3796 1435 non
3824 1395 3915 1436 re.

2255 1462 2489 1519 cederet
2514 1463 2543 1519 9
2570 1468 2776 1522 Nonne
2818 1466 2902 1521 sic
2931 1465 3215 1532 ascendit,
3252 1472 3313 1522 ut
3357 1481 3468 1523 nos
3499 1482 3621 1524 non
3647 1467 3918 1525 dimitte-

2255 1558 2341 1607 ret
2370 1552 2397 1607 ?
2443 1554 2637 1619 Quare
2666 1570 2809 1625 ergo
2841 1553 3002 1611 venit
3032 1555 3093 1610 in
3128 1570 3306 1611 carne
3342 1555 3370 1612 γ
3398 1555 3549 1620 Quia
3592 1556 3917 1629 oportebat

2255 1641 2421 1697 nobis
2444 1643 2678 1699 ostendi
2709 1660 2882 1716 spem
2911 1643 3379 1700 resurrectionis.
3403 1642 3561 1700 Deus
3588 1651 3736 1716 erat,
3768 1652 3829 1703 et
3851 1646 3915 1703 in

2255 1743 2431 1786 carne
2454 1731 2651 1799 venit;
2697 1732 2853 1789 Deus
2900 1732 3062 1788 enim
3096 1732 3246 1787 mori
3295 1747 3417 1787 non
3459 1739 3711 1804 poterat,
3763 1750 3911 1791 caro

2255 1819 2410 1876 mori
2435 1825 2668 1892 poterat
2696 1840 2710 1889 ;
2743 1822 2880 1878 ideo
2900 1836 3044 1892 ergo
3076 1820 3232 1877 venit
3252 1820 3312 1877 in
3333 1836 3535 1887 carne,
3558 1827 3623 1878 ut
3646 1830 3919 1880 moretur

2253 1923 2364 1980 pro
2383 1910 2577 1965 nobis.
2604 1910 3133 1975 Quemadmodum
3166 1915 3370 1967 autem
3395 1916 3670 1968 mortuus
3692 1916 3781 1968 est
3804 1927 3918 1985 pro

2252 1999 2430 2056 nobis
2451 1997 2785 2070 iMajorem
2808 2000 2921 2057 hac
2939 1999 3294 2056 charitatem
3317 2016 3486 2056 nemo
3511 1999 3705 2065 habet,
3732 2016 3915 2074 quam

2252 2093 2319 2143 ut
2347 2087 2607 2146 animam
2630 2104 2800 2146 suam
2823 2094 3007 2160 ponat
3028 2104 3138 2158 pro
3157 2088 3362 2145 amicis
3390 2090 3515 2145 suis
3536 2090 3651 2161 (Id.
3680 2106 3773 2157 xv,
3798 2090 3910 2164 t3).

2251 2176 2517 2234 Charitas
2529 2192 2671 2249 ergo
2684 2177 2849 2234 illum
2864 2178 3113 2234 adduxit
3126 2178 3203 2234 ad
3214 2178 3756 2251 earnem.Quisquis
3771 2194 3912 2251 ergo

2250 2280 2371 2322 non
2401 2265 2584 2323 habet
2611 2266 2985 2333 charitatem,
3014 2272 3193 2336 negat
3214 2266 3515 2323 Christum
3536 2266 3596 2322 in
3614 2283 3795 2324 carne
3815 2283 3914 2326 ve-

2250 2355 2546 2413 nisse.Hic
2558 2359 2855 2427 nuncjam
2867 2357 3170 2425 interroga
3184 2371 3395 2413 omnes
3410 2356 3913 2423 hsereticos,Chri-

2251 2448 2376 2500 stus
2413 2444 2573 2501 venit
2601 2444 2663 2501 in
2697 2459 2875 2501 carne
2902 2446 2930 2501 ?
2958 2444 3129 2501 Venit
3150 2460 3170 2511 ,°
3198 2444 3311 2501 hoc
3350 2444 3551 2511 credo,
3576 2445 3691 2502 hoc
3722 2446 3911 2502 conﬁ-

2252 2537 2399 2590 teor.
2442 2536 2566 2590 imo
2601 2534 2717 2591 hoc
2742 2548 2947 2606 negas.
2978 2533 3143 2590 Unde
3168 2532 3372 2603 nego?
3401 2534 3585 2591 audis
3612 2535 3753 2608 quia
3790 2535 3913 2593 hoc

2250 2620 2407 2681 dico.
2442 2622 2567 2680 Imo
2587 2638 2695 2695 ego
2715 2624 3009 2686 convinco
3025 2622 3169 2695 quia
3193 2636 3401 2693 negas.
3427 2622 3585 2679 Dicis
3615 2639 3779 2690 voce,
3809 2640 3915 2680 nen-

2250 2725 2363 2782 gas
2401 2711 2618 2780 corde;
2656 2712 2805 2769 dicis
2849 2712 3072 2778 verbis,
3115 2726 3300 2781 negas
3344 2710 3539 2768 iactis.
3575 2714 3619 2778 Q
3645 2714 3920 2771 uomodo

2252 2799 2473 2873 inquis,
2496 2794 2658 2872 nego‘
2677 2800 2850 2859 factis
2876 2799 2903 2857 ?
2934 2799 3086 2867 Quia
3105 2799 3242 2857 ideo
3266 2801 3496 2857 venitin
3517 2817 3699 2858 carne
3716 2802 3913 2882 Chris,

2254 2894 2371 2960 tus,
2403 2894 2467 2947 ut
2496 2882 2826 2948 moreretur
2841 2905 2949 2963 pro
2980 2888 3181 2946 nobis.
3214 2890 3351 2946 ideo
3379 2895 3652 2947 mortuus
3678 2896 3771 2947 est
3802 2907 3915 2964 pro

2253 2979 2452 3047 nobis,
2464 2979 2610 3052 quia
2621 2978 2971 3036 charitatem
2983 2977 3235 3036 multam
3248 2978 3478 3035 docuit:
3496 2979 3787 3049 Maiorem
3801 2979 3916 3038 hac

2253 3067 2607 3149 charitatem
2622 3083 2789 3125 nemo
2808 3067 3189 3141 habet,quam
3201 3073 3264 3123 ut
3278 3066 3523 3125 animan
3535 3083 3705 3125 suam
3719 3078 3915 3140 ponat

2252 3172 2364 3229 pro
2393 3157 2597 3215 amicis
2621 3156 2760 3214 suis.
2779 3155 2863 3213 Tu
2887 3172 3007 3217 non
3024 3156 3213 3214 habes
3231 3155 3579 3214 charitatem
3595 3173 3608 3186 ’
3633 3160 3778 3230 quia
3800 3174 3914 3232 pro

2254 3247 2482 3307 honore
2514 3251 2615 3303 tuo
2644 3246 2865 3302 dividis
2898 3244 3208 3303 unitatem.
3244 3247 3392 3317 Ergo
3426 3244 3565 3302 hinc
3606 3246 3916 3320 intelligite

2257 3336 2532 3410 spiritum
2545 3351 2612 3392 ex
2634 3335 2773 3392 Deo.
2789 3334 3042 3405 Pulsate,
3055 3334 3277 3406 tangite
3293 3349 3435 3391 vasa
3451 3334 3751 3402 ﬁctilia,ne
3763 3336 3916 3394 forte

2254 3424 2592 3498 crepuerint
2628 3430 2686 3482 et
2715 3423 2871 3481 male
2914 3429 3195 3481 resonent
3220 3440 3234 3480 :
3264 3422 3457 3480 videte
3488 3423 3535 3479 si
3563 3424 3789 3497 integre
3820 3441 3918 3484 so-

2260 3519 2427 3584 nant,
2453 3514 2647 3571 videte
2672 3514 2720 3570 si
2748 3513 2830 3570 ibi
2855 3518 2944 3571 est
2980 3512 3262 3571 charitas.
3294 3512 3469 3569 Tollis
3500 3518 3551 3571 te
3578 3516 3656 3571 ab
3685 3515 3914 3573 unitate

2258 3603 2422 3660 orbis
2466 3608 2782 3667 terrarum,
2813 3600 3031 3658 dividis
3062 3601 3385 3659 Ecclesium
3420 3616 3525 3675 per
3566 3602 3916 3674 schismata,

2257 3692 2512 3750 dilanias
2533 3707 2749 3765 corpus
2764 3690 3100 3749 Christi.llle
3114 3690 3343 3748 venitin
3356 3697 3625 3756 carne,ut
3637 3691 3876 3763 colligat
3892 3710 3909 3750 :

2259 3786 2323 3840 tu
2348 3782 2483 3839 ideo
2509 3781 2761 3850 clamas,
2789 3784 2852 3837 ut
2882 3795 3153 3852 spargas.
3187 3781 3339 3853 Ergo
3378 3780 3509 3852 ipse
3534 3784 3624 3838 est
3656 3781 3911 3853 Spiritus

2258 3870 2380 3945 Dei,
2404 3871 2508 3945 qui
2537 3870 2676 3927 dicit
2689 3869 2718 3924 J
2726 3885 2894 3926 esum
2914 3868 2976 3925 in
2993 3884 3172 3926 carne
3188 3869 3425 3926 venisse
3448 3886 3461 3924 :
3489 3870 3594 3942 qui
3621 3869 3765 3926 dicit
3785 3886 3912 3928 non

2254 3958 2483 4032 lingua,
2535 3960 2641 4016 sed
2685 3958 2856 4016 tactis
2898 3959 3048 4031 ;qui
3085 3958 3224 4014 dicit
3274 3973 3396 4016 non
3452 3957 3748 4025 sonando,
3802 3961 3912 4017 sed

2256 4048 2546 4107 amando.
2567 4048 2666 4105 Ille
2697 4052 2900 4105 autem
2925 4062 3043 4104 non
3064 4052 3156 4104 est
3180 4046 3423 4119 spiritus
3447 4047 3568 4115 Dei,
3595 4048 3701 4120 qui
3725 4054 3914 4122 negat

2253 4139 2453 4195 Jesum
2471 4138 2766 4194 Christum
2782 4137 2843 4194 in
2868 4152 3047 4194 carne
3060 4135 3294 4193 venisse
3318 4152 3333 4193 :
3364 4140 3543 4208 negat
3570 4141 3627 4193 et
3644 4135 3772 4211 ipse
3785 4153 3911 4196 non

2251 4224 2481 4298 lingua,
2511 4225 2616 4282 sed
2641 4225 2934 4296 vita;non
2954 4224 3170 4291 verbis,
3195 4223 3300 4280 sed
3320 4223 3509 4281 iactis.
3525 4225 3913 4284 Manifestum

2253 4320 2487 4389 estergo
2501 4314 2660 4373 unde
2675 4329 3115 4387 cognoscamus
3130 4312 3359 4371 fratres.
3374 4311 3531 4372 Multi
3547 4311 3914 4389 intus,quasi

2251 4402 2410 4462 intus
2451 4408 2592 4461 sunt
2622 4420 2636 4473 ;
2668 4419 2848 4461 nemo
2869 4407 3069 4461 autem
3094 4402 3256 4467 foris,
3298 4402 3412 4459 nisi
3446 4417 3581 4460 vere
3609 4400 3776 4460 loris.

2328 4532 2412 4585 14.
2432 4529 2595 4586 Adeo
2608 4536 2671 4585 ut
2687 4526 2969 4586 noveritis
2983 4527 3126 4600 quia
3138 4526 3217 4583 ad
3231 4526 3386 4583 facta
3402 4526 3704 4595 retulit,Et
3715 4527 3910 4586 omnis

2246 4618 2517 4689 spiritus,
2542 4618 2643 4687 ait,
2666 4618 2769 4690 qui
2787 4616 2960 4674 solvit
2991 4616 3300 4682 Christum,
3327 4616 3391 4672 in
3404 4631 3589 4674 carne
3617 4617 3843 4675 venisse
3861 4622 3908 4686 ³,

2244 4724 2370 4765 non
2386 4714 2470 4766 est
2500 4723 2575 4767 ex
2592 4710 2733 4765 Deo.
2761 4707 2999 4765 Solvere
3021 4706 3195 4762 factis
3225 4704 3593 4776 intelligitur.
3618 4706 3778 4772 Quid
3804 4708 3909 4765 tibi

2248 4795 2549 4855 ostendit?
2564 4798 2667 4870 qui
2682 4800 2887 4867 negat;
2912 4798 3056 4869 quia
3067 4794 3419 4861 dixit,sotuit
3440 4800 3481 4850 ³.
3496 4794 3599 4852 Ille
3616 4796 3911 4854 venitcol-

2246 4887 2448 4959 ligere,
2481 4891 2543 4943 tu
2590 4887 2758 4943 venis
2811 4885 3058 4943 solvere.
3092 4884 3451 4955 Distringere
3498 4884 3592 4940 vis
3626 4885 3905 4943 membra

2243 4976 2475 5033 Christi.
2505 4975 2822 5042 Quomodo
2846 4991 2969 5032 non
2981 4989 3168 5045 negas
3195 4973 3493 5031 Christum
3517 4973 3578 5030 in
3597 4990 3777 5031 carne
3808 4991 3908 5032 ve-

2240 5065 2423 5133 nisse,
2455 5066 2560 5137 qui
2580 5065 2908 5138 disrumpis
2932 5065 3256 5121 Ecclesium
3290 5062 3411 5129 Dei,
3430 5078 3621 5136 quam
3642 5063 3740 5120 ille
3762 5079 3904 5120 oon-

2243 5156 2508 5229 gregavit
2524 5153 2552 5210 i
2574 5157 2791 5211 Contra
2816 5155 3115 5210 Christum
3130 5167 3272 5226 ergo
3293 5152 3491 5219 venis;
3510 5152 3904 5209 antichristus

2242 5260 2329 5301 es.
2364 5248 2525 5301 Intus
2556 5244 2655 5311 sis,
2676 5243 2817 5300 {oris
2845 5244 2924 5299 sis
2958 5241 3376 5309 ;antichristus
3391 5255 3487 5297 es:
3513 5242 3619 5297 sed
3648 5242 3904 5314 quando

2234 5334 2398 5391 intus
2424 5334 2671 5401 es,lates
2693 5332 2970 5406 ;quando
2989 5333 3132 5389 toris
3152 5347 3237 5397 es,
3262 5330 3685 5388 manifestaris.
3704 5331 3902 5389 Salvis

2297 5540 2312 5571 ⁶
2343 5538 2400 5587 In
2432 5538 2515 5587 Er.
2543 5536 2708 5602 Lugd.
2738 5539 2791 5602 et
2811 5535 3153 5586 Ven.desunt
3182 5532 3363 5602 verba,
3392 5532 3449 5602 in
3480 5547 3635 5583 carne
3654 5534 3903 5596 venisse;

2232 5600 2356 5651 licet
2383 5602 2509 5651 Lov.
2538 5614 2599 5650 ea
2627 5596 2685 5649 in
2716 5600 2837 5649 Mss.
2871 5612 2987 5649 esse
3016 5598 3363 5648 contendant.
3398 5596 3464 5645 Μ.

2293 5667 2319 5737 ³.
2344 5664 2435 5748 Εξ..
2454 5663 2638 5748 [198άὸ
2664 5664 2950 5748 γθθὶιλριν.
2986 5676 2998 5712 :
3031 5661 3166 5723 Quid
3198 5661 3299 5713 tibi
3327 5658 3547 5712 ostendit
3582 5657 3897 5748 quimew,
