4182 6198
375 62 552 90 l-..“

293 206 436 265 2029

287 337 510 394 Jesum,
546 335 604 386 et
633 343 820 397 negas
844 341 982 382 eum
1027 327 1084 382 in
1118 341 1296 382 carne
1325 328 1593 391 venisse;
1619 339 1740 380 non
1778 339 1842 379 es
1872 340 1941 380 ex

293 423 434 477 Deo.
471 419 608 474 Ideo
625 417 768 474 dicit
789 417 847 471 in
877 415 1198 487 Evangelio
1227 431 1238 469 :
1271 416 1381 482 Qui
1399 413 1640 470 solverit
1662 429 1846 468 unum
1872 412 1944 469 de

289 508 596 568 mandatis
609 506 734 563 istis
764 505 1042 568 minimis,
1072 511 1124 560 et
1138 505 1397 560 docuerit
1411 504 1514 570 sic,
1544 502 1822 557 minimus
1852 515 1944 556 vo-

293 599 532 658 cabitur
559 599 623 652 in
652 610 834 666 regno
857 595 1159 650 caelorum.
1192 593 1344 658 Quid
1367 598 1473 657 est,
1496 591 1742 648 solvitur
1758 588 1946 662 ‘?quid

291 695 402 755 est,
427 683 723 743 docetur?
757 682 1010 740 Solvitur
1039 683 1232 746 factis,
1264 687 1320 738 et
1347 681 1593 738 docetur
1621 679 1796 752 quasi
1822 694 1946 734 ver-

291 778 406 836 bis.
437 775 546 843 Qui
573 774 871 844 pradicas
887 788 1006 828 non
1035 772 1390 841 furandum,
1409 769 1646 841 fui-aris
1669 769 1860 839 (Rom.
1885 782 1942 833 ιι,

291 868 408 938 2t).
441 864 618 922 Solvit
648 878 790 934 ergo
814 863 870 916 in
898 863 1052 917 iacto
1077 861 1178 931 qui
1208 861 1456 927 furatur,
1485 864 1540 914 et
1567 858 1746 930 quasi
1775 857 1950 913 docet

293 957 377 1013 sic
399 973 412 1022 ;
441 954 721 1010 minimus
736 951 1042 1007 vocabitur
1063 951 1125 1005 in
1139 964 1320 1018 regno
1341 950 1644 1010 caelorum,
1673 947 1736 1002 id
1753 949 1864 1011 est,
1888 945 1946 1000 in

295 1044 556 1101 Ecclesia
587 1043 768 1112 hujus
798 1039 1107 1110 temporis.
1157 1041 1234 1093 De
1277 1037 1374 1093 illo
1416 1037 1644 1093 dictum
1675 1040 1782 1100 est,
1812 1035 1945 1100 Quae

297 1136 507 1190 dicunt
551 1131 784 1202 facite;
814 1145 940 1200 quae
994 1135 1189 1184 autem
1222 1127 1479 1196 faciunt,
1525 1126 1726 1194 facere
1763 1125 1952 1180 nolite

296 1222 538 1293 (Matth.
571 1235 732 1285 xxiii,
757 1219 830 1287 3).
863 1218 973 1283 Qui
1001 1223 1198 1274 autem
1223 1217 1453 1286 fecerit,
1483 1225 1535 1272 et
1563 1215 1643 1270 sic
1657 1213 1946 1284 docuerit,

297 1326 551 1382 magnus
570 1309 878 1366 vocabitur
892 1307 954 1362 in
968 1321 1150 1377 regno
1163 1307 1442 1362 castorum
1457 1304 1570 1376 (Id.
1588 1319 1640 1370 v,
1661 1305 1745 1373 19)
1756 1345 1768 1356 .
1785 1305 1865 1357 Ex
1878 1317 1950 1358 eo

296 1399 465 1474 quod
491 1398 762 1462 dixithic,
783 1396 1009 1468 fecerit,
1029 1400 1238 1451 contra
1257 1393 1469 1450 hocibi
1503 1391 1941 1457 dixit,solverit,

294 1490 359 1546 id
385 1493 490 1553 est,
529 1502 651 1542 non
696 1484 913 1549 fecerit,
948 1491 1004 1539 et
1049 1484 1322 1540 docuerit
1350 1483 1452 1538 sic.
1489 1481 1583 1537 llle
1611 1495 1752 1551 ergo
1780 1479 1953 1536 solvit

296 1577 406 1650 qui
432 1591 552 1632 non
567 1575 724 1630 facit.
741 1573 890 1639 Quid
905 1588 1015 1628 nos
1036 1573 1228 1637 docet,
1246 1571 1360 1626 nisi
1381 1570 1611 1627 utfacta
1630 1570 1953 1638 interroge—

299 1683 459 1732 mus,
474 1681 593 1721 non
617 1663 800 1720 verba
815 1661 1133 1718 credamus
1153 1659 1180 1714 ?
1193 1661 1535 1717 Obscuritas
1553 1674 1750 1714 rerum
1766 1657 1952 1713 multa

299 1772 415 1813 nos
427 1755 587 1825 cogit
611 1753 806 1808 dicere
823 1767 834 1805 :
850 1750 1114 1808 maxime
1139 1755 1200 1804 ut
1219 1749 1361 1805 illud
1376 1749 1542 1821 quod
1567 1748 1853 1804 Dominus
1865 1761 1951 1802 re-

299 1845 498 1902 velare
511 1841 994 1913 dignatur,etiam
1007 1839 1084 1894 ad
1098 1838 1385 1895 tardiores
1400 1837 1606 1894 fratres
1621 1834 1950 1908 perveniat;

299 1934 446 2007 quia
485 1947 697 1988 omnes
745 1929 952 1986 Christi
985 1927 1282 1998 sanguine
1321 1927 1654 1998 comparati
1699 1929 1858 1980 sunt.
1888 1924 1955 1978 Et

299 2037 508 2079 vereor
531 2036 607 2077 ne
637 2022 768 2091 ipsa
799 2017 1053 2090 Epistola
1075 2018 1202 2072 istis
1219 2016 1452 2081 diebus,
1486 2015 1636 2070 sicut
1667 2014 1956 2086 promise-

300 2127 457 2176 ram,
476 2126 597 2166 non
620 2108 885 2166 ﬁniatur:
914 2106 1019 2162 sed
1040 2105 1207 2177 quod
1231 2105 1479 2161 Domino
1505 2103 1717 2176 placet,
1741 2102 1956 2158 melius

301 2207 394 2258 est
431 2213 669 2255 servare
708 2196 1008 2268 reliquias,
1050 2211 1235 2268 quam
1275 2209 1524 2251 onerare
1561 2192 1746 2250 corda
1783 2190 1960 2248 nimio

304 2287 464 2347 cibo.

849 2428 1252 2484 TRACTATUS
1288 2426 1404 2481 VII.

303 2558 400 2614 Ab
425 2572 488 2614 eo
517 2555 670 2628 quob
700 2555 992 2625 sequitur,
1014 2550 1150 2607 Jam
1183 2565 1290 2606 vos
1321 2566 1392 2605 ex
1421 2550 1541 2606 Deo
1575 2549 1716 2605 estis
1747 2547 1911 2604 ﬁlioli
1943 2564 1956 2614 ;

379 2661 564 2719 usque
587 2645 668 2702 ad
687 2645 771 2714 id,
803 2647 988 2700 Deum
1021 2655 1199 2697 nemo
1231 2639 1852 2712 viditunquam.Cap.
1885 2653 1962 2704 iv,

378 2736 442 2797 ἵ.
472 2736 625 2792 4-12.

384 2867 403 2918 l
420 2903 432 2916 .
450 2858 702 2917 Mundus
717 2858 822 2914 iste
838 2855 1120 2912 omnibus
1134 2852 1408 2910 ﬁdelibus
1422 2852 1836 2926 quaerentibus
1856 2868 1965 2924 pa-

309 2951 485 3007 triam
519 2950 601 3004 sic
633 2953 741 3016 est,
771 2943 1082 3018 quomodo
1102 2943 1204 2998 fuit
1241 2958 1477 2998 eremus
1505 2941 1730 3014 populo
1763 2941 1966 2998 Israel.

311 3039 606 3097 Errabant
631 3035 874 3108 quidem
922 3033 1142 3098 adhuc,
1176 3036 1235 3087 et
1278 3031 1535 3102 patriam
1565 3029 1918 3102 quaerebant
1949 3046 1963 3084 :

309 3131 418 3184 sed
447 3127 600 3184 duce
624 3129 741 3182 Deo
761 3137 958 3180 errare
972 3137 1093 3180 non
1121 3125 1413 3193 poterant.
1446 3120 1549 3176 Via
1576 3119 1690 3174 illis
1716 3118 1822 3174 iuit
1846 3119 1969 3189 jus-

308 3219 399 3276 sio
426 3217 522 3273 Dei
553 3217 594 3271 ³.
628 3217 777 3271 Nam
792 3211 894 3267 ubi
917 3227 1020 3283 per
1039 3210 1438 3282 quadraginta
1450 3223 1642 3266 annos
1655 3207 1968 3265 circumie-

305 3301 854 3379 runt,paucissimis
867 3298 1288 3357 mansionibus
1302 3297 1964 3370 conﬁcituriteripsum,

307 3401 368 3454 et
405 3400 620 3452 notum
651 3397 743 3449 est
769 3389 1070 3446 omnibus.
1095 3387 1528 3452 Tardabantur,
1560 3385 1704 3458 quia
1733 3401 1968 3444 exerce-

305 3486 550 3549 bantur,
581 3497 703 3538 non
732 3479 878 3552 quia
907 3477 1364 3536 deserebantur.
1412 3474 1585 3542 Quod
1615 3491 1758 3547 ergo
1785 3475 1966 3532 nobis

303 3574 603 3650 promittit
631 3572 808 3636 Deus,
838 3567 1157 3625 ineffabilia
1189 3565 1447 3622 dulcedo
1487 3571 1592 3630 est,
1631 3572 1688 3622 et
1712 3565 1961 3631 bonum,

308 3665 466 3721 sicut
495 3662 799 3732 Scriptura
814 3658 977 3723 dicit,
1011 3662 1067 3713 et
1097 3671 1256 3726 saepe
1281 3655 1458 3711 nobis
1479 3669 1963 3711 commemoran-

307 3753 468 3812 tibus
498 3749 770 3816 audistis,
798 3747 954 3818 quod
974 3747 1177 3803 oculus
1199 3760 1318 3800 non
1347 3743 1515 3809 vidit,
1538 3758 1643 3799 nec
1659 3743 1824 3800 auris
1850 3759 1963 3798 au-

307 3843 483 3907 divit,
509 3855 616 3897 nec
646 3841 708 3894 in
745 3853 848 3895 cor
886 3835 1138 3892 hominis
1172 3833 1435 3890 ascendit
1463 3833 1621 3903 (lsai.
1656 3849 1810 3896 inv,
1831 3836 1864 3888 4
1896 3853 1908 3897 ;
1941 3832 1961 3886 Ι

313 3932 454 3988 Cor.
481 3946 542 3995 ιι,
571 3929 648 4000 9).
686 3925 1016 3983 Laboribus
1039 3931 1240 3981 autem
1270 3921 1702 3994 temporalibus
1731 3937 1966 3977 exerce-

310 4035 470 4084 mur,
494 4023 550 4075 et
569 4015 994 4074 tentationibus
1009 4014 1139 4069 vitae
1163 4011 1475 4083 prementis
1491 4011 1818 4070 erudimur.
1847 4009 1966 4066 Sed

311 4110 363 4165 si
391 4123 515 4164 non
545 4107 719 4162 vultis
743 4104 805 4160 in
834 4104 945 4160 ista
969 4117 1170 4158 eremo
1215 4101 1304 4158 siti
1349 4101 1519 4166 mori,
1550 4099 1731 4158 bibite
1770 4100 1966 4156 chari-

312 4202 516 4254 tatem.
551 4198 705 4251 Fons
733 4196 825 4250 est
853 4207 1034 4264 quem
1066 4190 1252 4246 voluit
1276 4189 1569 4245 Dominus
1592 4187 1688 4244 hic
1715 4203 1961 4260 ponere,

312 4302 392 4344 ne
414 4285 766 4342 deﬁciamus
781 4283 984 4353 in,via:
1014 4277 1490 4336 etabundantius
1511 4293 1650 4337 eum
1662 4277 1960 4341 bibemus,

309 4390 455 4432 cum
485 4373 562 4431 ad
584 4372 840 4445 patriam
863 4370 1223 4426 venerimus.
1248 4368 1418 4424 Modo
1445 4366 1832 4436 Evangelium
1854 4365 1966 4422 lec-

309 4469 445 4521 tum
470 4469 560 4520 est
592 4479 606 4529 ;
639 4461 790 4518 utde
822 4461 970 4532 ipsis
1000 4456 1628 4529 verbis,quibuslectio
1649 4456 1966 4512 terminata

311 4560 404 4611 est
441 4554 659 4618 dicam,
695 4551 839 4623 quid
871 4548 1033 4606 aliud
1082 4547 1198 4603 nisi
1229 4548 1303 4603 de
1342 4547 1627 4604 charitate
1656 4545 1906 4601 audistis
1939 4543 1966 4598 τ

311 4640 818 4714 Quandoquidem
853 4643 1095 4710 pactum
1146 4636 1394 4692 fecimus
1427 4652 1568 4691 cum
1611 4638 1729 4691 Deo
1761 4641 1966 4690 nostro

309 4734 375 4789 in
415 4731 704 4795 oratione,
743 4733 807 4784 ut
844 4727 895 4782 si
921 4726 1205 4782 volumus
1238 4730 1301 4781 ut
1339 4725 1597 4782 dimittat
1627 4725 1802 4782 nobis
1831 4739 1968 4795 pec-

311 4825 450 4877 cata
471 4826 701 4885 nostra,
729 4817 1106 4874 dimittamus
1130 4820 1188 4870 et
1210 4830 1321 4870 nos
1343 4821 1590 4884 peccata
1619 4830 1754 4886 quae
1771 4812 1832 4868 in
1856 4827 1968 4867 nos

308 4909 530 4967 fuerint
562 4907 889 4965 commissa
921 4905 1158 4977 (Matth.
1208 4919 1284 4969 v1,
1321 4905 1428 4974 12).
1481 4906 1604 4959 Non
1635 4910 1833 4959 autem
1880 4900 1968 4956 di-

311 5000 490 5056 mittit
502 4997 615 5055 nisi
627 4995 1070 5054 charitas.Tolle
1082 4993 1433 5050 charitatem
1447 4993 1521 5048 de
1534 4992 1711 5049 corde
1730 5008 1744 5057 ;
1759 4991 1967 5047 odium

310 5094 494 5156 tenet,
528 5088 838 5158 ignoscere
870 5099 994 5141 non
1016 5085 1198 5140 novit.
1234 5083 1316 5139 Sit
1354 5081 1432 5138 ibi
1463 5082 1971 5147 charitas,secura

311 5181 595 5251 ignoscit,
623 5193 754 5249 qua
785 5191 906 5231 non
929 5179 1304 5244 angustatur.
1337 5171 1603 5242 Epistola
1633 5177 1833 5227 autem
1861 5170 1973 5226 ista

313 5275 461 5335 tota,
488 5283 674 5339 quam
701 5265 1072 5336 suscepimus
1096 5260 1470 5319 tractandam
1492 5259 1679 5323 vobis,
1714 5259 1903 5316 videte
1926 5259 1974 5313 si

313 5357 483 5416 aliud
496 5353 1304 5427 aliquidcommendatquam
1321 5353 1520 5423 ipsam
1533 5364 1715 5406 unam
1730 5348 1976 5406 charita-

317 5453 460 5505 tem.
493 5449 610 5502 Nec
633 5443 969 5500 timendum
999 5445 1088 5498 est
1112 5458 1186 5498 ne
1216 5456 1374 5512 saepe
1396 5439 1652 5496 dicendo
1676 5439 1734 5494 in
1765 5439 1974 5494 odium

319 5538 541 5594 veniat.
573 5531 728 5599 Quid
747 5532 910 5589 enim
941 5536 1199 5597 amatur,
1221 5531 1270 5586 si
1295 5529 1554 5587 charitas
1574 5529 1634 5584 in
1653 5528 1861 5584 odium
1889 5543 1978 5582 ve-

425 5742 512 5794 Sic
545 5741 602 5791 in
633 5739 754 5791 Mss.
786 5741 853 5790 At
889 5739 944 5789 in
970 5737 1279 5796 editis,visio
1301 5737 1412 5788 Dei.

1505 195 1932 256 TRACTATUS
1977 198 2090 255 VII.
2134 199 2365 259 CAPUT
2408 201 2498 261 IV.

3565 209 3706 267 2030

2057 326 2182 381 niat
2211 326 2238 381 ‘t
2270 329 2398 393 Qua
2429 329 2711 386 charitate
2752 331 2814 385 ﬁt
2844 330 2859 365 ¹
2897 334 2959 385 ut
2984 337 3194 387 caetera
3218 332 3370 387 bene
3412 338 3708 394 amentur,

2055 415 2509 487 ipsaquomodo
2523 420 2785 475 amanda
2810 426 2892 474 est
2921 419 3223 490 ‘?Resergo
3237 438 3369 493 quae
3398 438 3708 494 nunquam

2058 504 2236 561 debet
2260 505 2334 561 de
2360 507 2540 563 corde
2558 508 2883 577 discedere,
2904 524 3012 564 nec
3039 510 3117 566 ab
3148 526 3249 566 ore
3279 509 3564 566 discedat.

2130 598 2180 648 2.
2209 595 2345 650 Jam
2377 610 2496 660 vos,
2529 595 2741 668 inquit,
2769 611 2844 653 ea:
2869 599 2988 653 Deo
3014 598 3150 655 estis
3178 599 3372 667 ﬁlioli,
3405 606 3458 654 et
3489 600 3709 656 vicistis

2060 695 2189 738 eum
2205 701 2224 737 :
2241 698 2445 754 quem,
2461 685 2569 740 nisi
2583 685 3014 742 Antichristum
3029 689 3056 744 ‘2
3072 688 3358 759 Superius
3372 689 3530 743 enim
3549 689 3710 745 dixe-

2060 771 2381 837 rat,0mnis
2395 775 2497 844 qui
2507 774 2884 831 solvitJesum
2908 776 3212 832 Christum
3235 783 3287 833 et
3303 784 3477 847 negat
3493 793 3621 833 eum
3646 779 3708 833 in

2062 875 2240 918 car-ne
2261 863 2500 928 venisse,
2524 879 2643 919 non
2669 880 2742 920 ex
2759 866 2878 920 Deo
2899 866 3099 934 (Joan.
3124 882 3200 932 iv,
3217 868 3289 937 3).
3314 867 3711 938 Exposuimus

2062 951 2341 1015 autem,si
2358 953 2861 1024 meministis,quia
2873 969 3073 1008 omnes
3087 956 3710 1022 negantJesumChris-

2063 1041 2189 1093 tum
2220 1039 2278 1093 in
2300 1055 2477 1095 carne
2495 1042 2744 1106 venisse,
2774 1043 2876 1113 qui
2907 1043 3513 1098 violantcharitatem.
3536 1043 3709 1099 Jesus

2063 1127 2222 1182 enim
2249 1143 2370 1182 non
2406 1145 2559 1200 opus
2589 1135 2716 1185 erat
2747 1137 2807 1186 ut
2835 1132 3080 1197 veniret,
3115 1132 3228 1186 nisi
3260 1138 3501 1203 propter
3523 1133 3711 1188 chari-

2063 1220 2265 1272 tatem.
2287 1216 2550 1272 Charitas
2563 1219 2722 1273 enim
2738 1219 2912 1275 nobis
2926 1218 3026 1275 illa
3040 1225 3710 1293 commendatur,quam

2064 1309 2120 1361 et
2147 1305 2277 1376 ipse
2322 1306 2380 1359 in
2412 1306 2768 1376 Evangelico
2797 1310 3186 1365 commendat
3218 1326 3228 1364 :
3265 1311 3553 1379 Majorem
3588 1310 3712 1367 hare

2063 1393 2430 1451 dilectionem
2461 1410 2629 1450 nemo
2659 1401 2845 1464 potest
2878 1397 3114 1461 habere,
3145 1413 3321 1468 quam
3364 1406 3427 1453 ut
3450 1400 3712 1455 animam

2062 1497 2234 1539 suam
2253 1490 2438 1553 ponat
2464 1500 2576 1553 pro
2605 1485 2810 1540 amicis
2836 1485 2933 1540 siis
2961 1486 3078 1557 (Id.
3111 1503 3204 1551 xv,
3245 1487 3360 1557 13).
3402 1488 3715 1552 Quomodo

2064 1577 2296 1644 poterat
2313 1573 2489 1629 Filius
2525 1575 2622 1629 Dei
2642 1575 2910 1630 animam
2944 1591 3116 1630 suam
3140 1590 3360 1646 ponere
3384 1591 3492 1646 pro
3519 1577 3715 1643 nobis,

2065 1661 2178 1716 nisi
2209 1677 2386 1717 carne
2413 1662 2779 1728 indueretur,
2816 1663 2912 1718 ubi
2962 1664 3112 1718 mori
3162 1669 3363 1734 posset
3393 1664 3419 1718 ?
3442 1665 3720 1736 Quisquis

2066 1764 2208 1820 ergo
2220 1750 2400 1806 violat
2412 1750 3097 1823 charitatem,quodlibet
3110 1751 3267 1808 dicat
3285 1752 3494 1822 lingua
3505 1753 3622 1809 vita
3639 1753 3725 1825 ip-

2067 1839 2188 1896 sius
2206 1839 2688 1908 negatChristum
2716 1840 2957 1896 incarne
2988 1841 3258 1907 venisse;
3287 1846 3342 1896 et
3365 1842 3478 1897 iste
3509 1847 3597 1897 est
3623 1857 3726 1898 an-

2066 1927 2770 2000 tichristus,ubicumque
2784 1929 2971 1992 fuerit,
2999 1931 3724 2002 quocumqueintraverit,

2071 2016 2184 2073 Sed
2216 2016 2359 2088 quid
2391 2017 2527 2073 dicit
2554 2018 2638 2072 eis
2670 2020 2772 2089 qui
2822 2017 2979 2074 cives
3023 2023 3161 2074 sunt
3191 2019 3346 2074 illius
3388 2020 3593 2090 patriae
3632 2018 3727 2074 cui

2070 2105 2446 2176 suspiramus
2475 2106 2502 2160 ‘l
2539 2106 2766 2162 Vicistis
2786 2121 2934 2163 eum.
2960 2109 3023 2163 Et
3051 2107 3208 2163 unde
3233 2107 3501 2164 vicerunt
3533 2110 3560 2164 ?
3581 2107 3731 2175 Quia

2071 2194 2571 2266 majorestquiest
2594 2198 2655 2250 in
2676 2197 2857 2262 vobis,
2895 2212 3074 2267 quam
3095 2198 3198 2267 qui
3232 2197 3342 2253 hoc
3378 2197 3439 2252 in
3485 2197 3728 2253 mundo.

2073 2285 2155 2339 Ne
2179 2283 2486 2339 victoriam
2519 2284 2639 2339 suis
2661 2285 2888 2341 viribus
2924 2285 3267 2352 tribuerent,
3301 2290 3356 2341 et
3387 2286 3734 2354 arrogantia

2076 2372 2375 2443 superbiai
2396 2371 3254 2446 vincerentur(quemcumque
3269 2374 3433 2429 enim
3454 2373 3734 2430 diabolus

2076 2460 2405 2533 superbum
2433 2462 2651 2531 fecerit,
2667 2463 2888 2534 vincit),
2921 2462 3122 2519 volens
3139 2478 3242 2518 eos
3276 2461 3736 2520 servarehumi-

2075 2549 2324 2615 litatem,
2352 2551 2497 2622 quid
2527 2552 2658 2607 ait?
2691 2551 2910 2607 Vicistis
2941 2567 3093 2608 eum.
3131 2554 3261 2608 Jam
3299 2552 3498 2607 omnis
3555 2551 3736 2608 homo

2076 2639 2177 2711 qui
2197 2639 2381 2705 audit,
2413 2642 2656 2707 Vicistis,
2673 2641 2844 2711 erigit
2864 2647 3069 2713 caput,
3084 2643 3253 2712 erigit
3283 2641 3598 2707 cervicem,
3616 2643 3739 2697 lau-

2077 2727 2207 2784 dari
2238 2743 2300 2784 se
2329 2729 2466 2785 vult.
2502 2730 2626 2786 Noli
2656 2735 2708 2786 te
2735 2731 3031 2796 extollere,
3055 2731 3190 2786 vide
3222 2731 3358 2803 quis
3400 2731 3460 2786 in
3489 2735 3542 2786 te
3571 2730 3733 2786 vicit.

2079 2819 2268 2882 Quare
2299 2819 2484 2875 vicisti
2507 2820 2536 2871 ‘2
2564 2821 2712 2887 Quia
2727 2822 2923 2890 major
2943 2820 3144 2892 estqui
3173 2822 3330 2876 estin
3345 2820 3526 2876 vobis.
3552 2835 3733 2891 quam

2077 2908 2183 2977 qui
2210 2910 2268 2962 in
2299 2906 2408 2963 hoc
2437 2910 2678 2964 mundo.
2713 2912 2851 2965 Esto
2895 2909 3160 2976 humilis,
3209 2915 3381 2980 porta
3416 2909 3735 2964 Dominum

2079 3000 2247 3050 tuum
2278 3014 2290 3063 ;
2325 3001 2452 3051 esto
2477 2998 2818 3067 jumentum
2841 2999 3089 3052 sessoris
3123 2999 3223 3053 tui.
3252 3001 3479 3054 Bonum
3514 2997 3616 3053 tibi
3647 3002 3736 3052 est

2081 3089 2142 3138 ut
2171 3083 2298 3154 ipse
2323 3090 2508 3154 regat,
2540 3090 2595 3141 et
2625 3087 2752 3157 ipse
2791 3085 2995 3142 ducat.
3041 3089 3188 3142 Nam
3225 3087 3272 3141 si
3305 3087 3508 3158 ipsum
3542 3101 3739 3142 sesso-

2079 3187 2206 3228 rem
2237 3187 2358 3228 non
2390 3173 2690 3245 habueris,
2725 3175 3016 3229 cervicem
3049 3176 3275 3245 erigere
3310 3180 3505 3247 potes,
3539 3176 3733 3232 calces

2081 3265 2248 3332 potes
2280 3263 2507 3317 mittere
2538 3278 2549 3316 :
2586 3257 2692 3318 sed
2725 3279 2809 3318 vas
2837 3262 2941 3318 tibi
2961 3263 3086 3316 sine
3111 3268 3338 3318 rectore
3365 3278 3376 3329 ;
3409 3263 3736 3334 quialiber-

2080 3355 2168 3406 tas
2197 3351 2314 3406 ista
2343 3350 2403 3406 in
2429 3351 2650 3406 bestias
2683 3356 2735 3407 te
2775 3351 2949 3407 mittit
2981 3351 3441 3406 comedendum.

2150 3462 2201 3513 3.
2235 3457 2318 3512 Hi
2346 3459 2417 3514 de
2444 3459 2834 3514 mundosunt.
2855 3458 2960 3522 Qui
2989 3457 3382 3514 ?Auticht‘isti.
3411 3458 3545 3511 Jam
3561 3457 3732 3512 audi-

2078 3546 2179 3601 stis
2204 3547 2455 3618 quisint.
2473 3547 2596 3601 Etsi
2627 3563 2745 3602 non
2759 3546 3116 3616 cognoscitis
3137 3561 3239 3601 eos
3268 3566 3288 3601 .-
3314 3543 3592 3616 quisquis
3622 3560 3729 3599 au-

2077 3640 2190 3692 tem
2225 3635 2340 3691 hoc
2381 3641 2487 3700 est,
2523 3651 2644 3690 non
2693 3635 3019 3708 cognoscit.
3051 3635 3124 3689 Hi
3158 3634 3230 3690 de
3281 3633 3503 3690 mundo
3546 3641 3724 3689 sunt:

2075 3725 2204 3780 ideo
2230 3724 2300 3781 de
2329 3725 2550 3780 mundo
2580 3726 2925 3797 loquuntur,
2961 3724 3387 3780 etmunduseos
3406 3723 3727 3788 audit.Qui

2077 3820 2214 3869 sunt
2239 3815 2341 3885 qui
2367 3813 2440 3869 de
2459 3815 2684 3870 mundo
2699 3815 3029 3886 loquuntur
3062 3811 3392 3868 TAttendite
3415 3814 3517 3884 qui
3547 3818 3565 3847 ²
3589 3828 3728 3868 con~

2079 3909 2166 3960 tra
2195 3903 2565 3959 charitatem.
2602 3905 2743 3959 Ecce
2775 3903 3022 3958 audistis
3055 3903 3376 3959 Dominum
3407 3902 3724 3967 dicentem,

2075 3992 2142 4048 Si
2168 3993 2505 4049 dimiseritis
2528 4000 2777 4062 peccata
2805 3992 3155 4058 hominibus,
3188 3992 3442 4047 dimittet
3485 3991 3646 4047 vobis
3675 3998 3728 4047 et

2075 4082 2260 4138 Pater
2291 4087 2477 4138 vester
2507 4082 2755 4139 caelestis
2782 4090 3021 4151 peccata
3053 4091 3247 4138 vestra
3279 4097 3296 4136 :
3325 4083 3376 4136 si
3394 4088 3583 4137 autem
3610 4096 3726 4135 non

2077 4172 2437 4238 dimiseritis,
2463 4188 2568 4228 nec
2598 4175 2780 4228 Pater
2805 4179 2993 4228 vester
3022 4173 3269 4227 dimittet
3300 4170 3456 4225 vobis
3485 4175 3728 4238 peccata

2077 4270 2274 4317 vestra
2303 4262 2535 4333 (Matth.
2581 4279 2654 4330 γι,
2695 4264 2774 4327 lli,
2826 4262 2931 4331 15).
2967 4260 3262 4315 Sententia
3301 4264 3391 4314 est
3420 4259 3674 4312 veritatis
3711 4271 3725 4312 :

2078 4355 2184 4408 aut
2214 4352 2258 4405 si
2293 4367 2406 4407 non
2441 4353 2648 4407 veritas
2679 4351 2960 4422 loquitur,
3000 4348 3325 4403 contradic.
3372 4347 3429 4400 Si
3462 4345 3728 4400 christia-

2077 4456 2192 4496 nus
2221 4457 2301 4507 es,
2336 4447 2389 4496 et
2421 4440 2612 4495 credis
2641 4440 2888 4505 Christo,
2923 4439 3046 4509 ipse
3074 4437 3239 4500 dixit,
3272 4437 3398 4506 Ego
3422 4451 3551 4490 sum
3581 4434 3728 4489 veri-

2077 4537 2166 4586 tas
2194 4530 2387 4601 (Joan.
2413 4546 2527 4594 xiv,
2553 4533 2624 4589 6).
2650 4526 2954 4582 Sententia
2985 4527 3100 4580 ista
3127 4539 3264 4579 vera
3293 4523 3588 4589 est,ﬁrma
3615 4528 3729 4583 est.

2077 4620 2211 4674 Jam
2243 4618 2383 4673 audi
2411 4618 2685 4672 homines
2716 4615 2789 4670 de
2820 4615 3045 4669 mundo
3071 4613 3403 4684 loquentes.
3433 4615 3496 4667 Et
3525 4628 3644 4666 non
3674 4617 3729 4668 te

2079 4708 2484 4762 vindicaturus
2510 4722 2591 4770 es,
2625 4710 2680 4760 et
2709 4704 2977 4758 dicturus
3003 4707 3091 4758 est
3120 4701 3213 4756 ille
3239 4702 3382 4773 quia
3407 4700 3545 4757 fecit
3576 4701 3730 4757 tibi?

2080 4798 2207 4851 lmo
2229 4795 2447 4851 sentias
2469 4796 2611 4867 quia
2638 4811 2772 4849 cum
2793 4795 2916 4848 viro
2942 4792 3126 4847 habet
3161 4791 3493 4856 ’.Quotidie
3525 4791 3731 4846 dicun-

2081 4890 2175 4940 tur
2217 4886 2350 4940 ista.
2377 4885 2454 4939 De
2487 4883 2716 4940 mundo
2756 4884 3082 4954 loquuntur
3107 4882 3208 4954 qui
3255 4882 3365 4936 ista
3399 4881 3643 4944 dicunt;
3679 4883 3734 4933 et

2082 4975 2345 5032 mundus
2371 4991 2472 5031 eos
2494 4974 2806 5030 audit.Nec
2836 4973 3043 5027 dicunt
3068 4972 3182 5027 ista
3207 4971 3316 5026 nisi
3342 4969 3444 5042 qui
3477 4969 3735 5034 diligunt

2083 5064 2415 5130 mundum;
2440 5081 2633 5136 neque
2658 5063 2983 5119 audiuntur
3004 5061 3118 5116 ista
3145 5059 3258 5114 nisi
3288 5061 3364 5114 ab
3397 5059 3488 5112 his
3519 5057 3622 5128 qui
3651 5056 3734 5110 di-

2081 5154 2274 5224 ligunt
2302 5155 2616 5209 mundum.
2644 5156 2706 5208 Et
2737 5143 2838 5224 qui
2861 5149 3052 5220 diligit
3078 5149 3396 5211 mundum,
3417 5152 3472 5200 et
3494 5145 3738 5216 negligit

2084 5243 2720 5312 charitatem,audistis
2751 5241 2894 5313 quia
2927 5244 3105 5307 negat
3123 5240 3324 5292 Jesum
3350 5237 3407 5290 in
3437 5249 3614 5290 carne
3639 5249 3740 5289 ve-

2086 5333 2267 5388 nisse.
2299 5337 2410 5386 Aut
2437 5333 2484 5385 si
2517 5331 2651 5386 fecit
2680 5330 2823 5385 illud
2853 5330 2912 5383 in
2945 5342 3121 5382 carne
3151 5326 3278 5396 ipse
3312 5323 3649 5379 Dominus?
3682 5323 3738 5379 Si

2151 5551 2162 5580 ¹
2204 5547 2286 5595 Er.
2322 5545 2485 5608 Lugd.
2516 5543 2643 5592 Ven.
2677 5543 2825 5608 Lov.,
2860 5539 2991 5598 Quia
3007 5538 3267 5608 _cl_i_aritat_e
3282 5537 3390 5608 ﬁt.‘
3430 5536 3530 5607 Μ..

2152 5611 2170 5639 ³
2203 5611 2284 5658 Sic
2307 5601 2426 5657 duo“
2442 5609 2566 5656 Mss.
2600 5609 2664 5655 At
2688 5605 2777 5653 alii
2807 5617 2928 5652 cum
2960 5601 3114 5651 editis
3144 5602 3416 5657 omittunt,
3444 5601 3556 5661 qui.

2153 5673 2171 5701 ³
2205 5673 2307 5726 Er,
2340 5686 2444 5719 rem
2470 5670 2640 5724 habet.
2673 5670 2798 5718 Lov.
2834 5665 3076 5722 verbum,
3108 5678 3234 5722 rem,
3264 5677 3372 5713 non
3397 5659 3464 5711 in'
3481 5661 3612 5713 Mss.
3635 5659 3743 5723 legi

2093 5733 2381 5788 afﬁrmant.
2449 5733 2517 5782 Μ.
