4182 6198
449 165 552 219 203
565 169 580 219 ι

449 305 587 346 cum
620 286 1083 358 expalmaretur,
1122 283 1304 339 voluit
1335 299 1398 338 se
1429 281 1756 338 vindicari?
1787 281 1844 335 Si
1876 296 2012 334 cum
2036 279 2093 333 in

1199 157 1268 214 IN
1312 157 1714 214 EPISTOLAM
1754 153 2049 214 JOANNIS
2092 152 2186 207 AD
2227 148 2580 217 PARTHOS,
2619 149 2680 204 S.
2723 145 3100 207 AUGUSTINI

3715 152 3866 212 2032

2203 277 2312 334 Deo
2351 282 2454 341 est,
2487 282 2562 341 et,
2597 275 2846 332 Dilectio
2877 277 3032 330 Deus
3056 281 3159 330 est.
3197 277 3275 330 De
3297 276 3424 332 solo
3455 277 3625 332 Patre
3666 279 3865 350 Scrip-

450 392 621 433 cruce
650 375 952 448 penderet,
981 389 1100 428 non
1125 372 1504 437 dixit,Pater,
1526 371 1760 440 ignosce
1788 369 1932 434 illis,
1952 368 2095 438 quia
2202 372 2334 426 tura
2364 381 2484 421 non
2514 365 2676 420 novit
2705 364 2898 419 dicere
2929 363 3072 435 quia
3095 380 3166 420 ex
3202 368 3316 420 Deo
3346 371 3451 421 est.
3485 369 3633 422 Cum
3656 373 3867 423 autem

448 466 712 522 nesciunt
735 463 880 534 quid
896 464 1133 531 faciunt
1155 462 1327 532 (Luc.
1351 476 1509 524 XXIII,
1535 460 1645 531 34).
1665 459 1719 514 Si
1745 464 1942 514 autem
1971 472 2092 512 non

448 554 793 610 minabatur
821 552 921 623 qui
952 555 1301 623 potestatem
1331 549 1623 614 habebat;
1648 554 1706 603 tu
1732 547 1877 620 quid
1906 548 2091 602 mina-

446 644 549 708 ris,
582 641 727 715 quid
759 641 964 696 sufﬂas
998 643 1011 674 ¹
1047 640 1106 694 in
1137 643 1420 710 potestate
1455 637 1649 693 aliena
1692 635 2089 692 constitutus?

448 733 544 788 Ille
576 732 716 803 quia
746 730 921 785 voluit
950 734 1220 784 mortuus
1250 732 1354 796 est,
1381 731 1436 782 et
1461 743 1580 783 non
1607 727 1950 782 minabatur
1979 742 1992 791 ;
2025 728 2091 780 tu

443 821 639 878 nescis
671 819 916 891 quando
948 817 1228 883 morieris,
1259 823 1314 871 et
1342 817 1631 871 minaris?

514 912 566 965 4.
597 910 721 963 Nos
749 923 822 964 ex
853 908 967 962 Deo
998 921 1218 961 sumus.
1247 905 1570 962 Videamus
1592 903 2011 976 quare:videte
2039 902 2088 957 si

442 1002 684 1070 propter
731 995 896 1051 aliud
945 1012 1128 1066 quam
1176 999 1418 1066 propter
1456 993 1826 1049 charitatem.
1859 993 1980 1048 Nos
2013 1007 2089 1048 ex

440 1088 558 1141 Deo
579 1101 800 1141 sumus.
830 1085 941 1151 Qui
965 1085 1126 1138 novit
1150 1084 1533 1146 Deum,audit
1567 1098 1703 1138 nos:
1734 1083 1836 1153 qui
1858 1098 1975 1137 non
2005 1086 2086 1136 est

437 1189 510 1231 ex
538 1177 674 1238 Deo,
703 1191 820 1229 non
860 1190 960 1228 nos
992 1173 1179 1227 audit.
1209 1173 1308 1228 Ex
1346 1173 1455 1226 hoc
1486 1171 1886 1240 cognoscimus
1916 1168 2086 1238 spiri-

435 1269 558 1319 tum
592 1264 850 1319 veritatis
877 1268 929 1317 et
956 1261 1194 1317 erroris.
1225 1260 1374 1325 Quia
1406 1261 1507 1331 qui
1547 1259 1714 1314 audit
1756 1273 1885 1322 nos,
1918 1258 2084 1329 spiri.

438 1359 564 1407 tum
597 1352 777 1407 habet
810 1351 1073 1406 veritatis
1105 1367 1117 1403 :
1147 1349 1248 1421 qui
1291 1364 1410 1403 non
1440 1348 1605 1402 audit
1646 1363 1778 1412 nos,
1809 1347 2085 1417 spiritum

429 1440 611 1498 habet
632 1439 868 1494 erroris.
901 1438 1219 1492 Videamus
1248 1436 1391 1507 quid
1417 1442 1637 1500 monet,
1667 1441 1722 1491 et
1763 1435 2085 1490 audiamus

427 1545 566 1583 eum
599 1528 793 1597 potius
817 1528 874 1580 in
904 1527 1112 1596 spiritu
1140 1525 1399 1579 veritatis
1420 1530 1762 1579 monentem
1789 1541 1801 1589 ;
1837 1539 1956 1578 non
1979 1539 2082 1580 an-

430 1616 744 1681 tichristos,
776 1630 896 1670 non
939 1618 1240 1671 amatores
1265 1613 1493 1677 mundi,
1516 1628 1637 1669 non
1661 1613 1956 1667 mundum
1990 1632 2002 1672 :
2033 1614 2082 1668 si

427 1721 495 1760 ex
518 1705 632 1758 Deo
665 1705 784 1759 nati
811 1720 1041 1768 sumus,
1075 1702 1464 1770 Dilectissimi,
1493 1701 1758 1773 sequitur
1776 1717 1980 1772 supra,
2007 1703 2084 1758 vi-

425 1792 556 1848 dete
584 1793 724 1864 quid
757 1810 769 1846 :
802 1793 922 1847 Nos
949 1807 1021 1847 ex
1046 1793 1165 1847 Deo
1186 1807 1405 1847 sumus.
1435 1791 1547 1857 Qui
1566 1791 1726 1846 novit
1749 1792 1955 1857 Deum,
1979 1806 2084 1847 au-

422 1882 509 1936 dit
540 1897 644 1937 nos
679 1899 693 1935 :
718 1883 819 1952 qui
835 1897 951 1936 non
981 1888 1061 1937 est
1094 1896 1168 1936 ex
1192 1883 1326 1944 Deo,
1361 1895 1479 1934 non
1501 1895 1606 1935 nos
1630 1880 1818 1935 audit.
1848 1879 1945 1935 Ex
1973 1881 2082 1936 hoc

424 1970 802 2039 cognoscitur
830 1971 1073 2038 spiritus
1122 1970 1376 2025 veritatis
1408 1975 1463 2024 et
1502 1968 1741 2024 erroris.
1775 1969 1910 2024 Jam
1940 1983 2082 2038 ergo

425 2058 681 2114 intentos
704 2074 812 2113 nos
834 2057 967 2114 fecit
997 2075 1008 2112 :
1038 2059 1295 2130 quiaqui
1325 2057 1706 2126 novitDeum,
1726 2056 2036 2127 ipseaudit
2063 2075 2077 2125 ;

422 2147 523 2218 qui
554 2152 754 2202 autem
781 2162 902 2204 non
933 2148 1120 2212 novit,
1150 2161 1269 2202 non
1327 2147 1528 2202 audit:
1565 2150 1619 2200 et
1645 2146 1771 2201 haec
1803 2146 2079 2204 discretio

422 2240 510 2292 est
536 2235 779 2307 spiritus
804 2236 1059 2291 veritatis
1082 2243 1137 2291 et
1164 2236 1402 2291 erroris.
1436 2234 1754 2290 Videamus
1782 2236 1928 2307 quid
1956 2253 2084 2294 mo-

421 2325 654 2379 niturus
682 2329 786 2389 est,
818 2325 875 2379 in
907 2341 1029 2397 quo
1063 2325 1231 2381 illum
1264 2323 1471 2380 audire
1503 2323 1852 2380 debeamus.
1889 2326 2078 2384 Dilec-

419 2412 646 2476 tissimi,
693 2413 1017 2482 diligamus
1085 2413 1354 2469 invicem.
1414 2414 1607 2477 Quare
1638 2412 1666 2466 ?
1701 2413 1846 2484 quia
1895 2414 2080 2472 homo

421 2506 624 2556 monet
651 2499 845 2567 ‘lQuia
874 2502 1112 2556 dilectio
1138 2516 1212 2558 ex
1232 2501 1345 2557 Deo
1368 2507 1471 2557 est.
1511 2502 1754 2557 Multum
1770 2518 2082 2559 commen-

420 2587 994 2655 davitdilectionem,
1023 2590 1164 2660 quia
1183 2591 1416 2646 dixitex
1445 2592 1558 2646 Deo
1581 2597 1663 2646 est
1691 2609 1710 2646 :
1736 2590 1868 2660 plus
1883 2593 2080 2648 dictu-

421 2691 521 2731 rus
538 2683 646 2741 est,
663 2677 878 2732 intente
892 2677 1229 2733 audiamus.
1251 2678 1420 2734 Modo
1433 2679 1593 2746 dixit,
1610 2679 1859 2735 Dilectio
1874 2695 1947 2736 ex
1962 2682 2076 2738 Deo

421 2770 503 2820 est
526 2781 543 2818 :
558 2770 608 2820 et
622 2765 809 2820 omnis
821 2765 924 2836 qui
943 2765 1160 2835 diligit,
1184 2781 1259 2822 ex
1278 2767 1394 2822 Deo
1416 2772 1594 2822 natus
1617 2771 1714 2831 est,
1735 2774 1786 2824 et
1811 2771 2078 2839 cognovit

419 2854 628 2908 Deum.
661 2853 770 2917 Qui
797 2869 917 2909 non
956 2854 1178 2924 diligit,
1220 2871 1338 2910 non
1370 2855 1530 2911 novit
1562 2857 1768 2912 Deum.
1827 2858 2020 2923 Quare
2051 2857 2079 2912 τ

423 2940 571 3006 Quia
600 2942 756 2996 Deus
778 2941 1014 2998 dilectio
1037 2949 1138 2998 est.
1166 2943 1315 3008 Quid
1332 2943 1592 3015 amplius
1609 2945 1725 3000 dici
1749 2945 2081 3017 potuit,fra-

425 3035 537 3085 tres
567 3028 594 3083 ?
615 3031 669 3085 Si
697 3030 840 3087 nihil
862 3030 934 3085 de
959 3030 1131 3086 laude
1157 3032 1483 3088 dilectionis
1505 3032 1799 3090 diceretur
1821 3051 1925 3106 per
1951 3053 2079 3093 om-

423 3133 529 3177 nes
561 3119 702 3174 istas
727 3121 980 3190 paginas
1011 3121 1193 3191 hujus
1224 3121 1522 3194 Epistolas,
1557 3122 1605 3178 si
1653 3123 1796 3181 nihil
1828 3127 2076 3184 omnino

421 3222 528 3279 per
574 3212 817 3265 caeteras
864 3211 1114 3280 paginas
1167 3211 1619 3282 Scripturarum,
1653 3217 1709 3269 et
1738 3214 1851 3270 hoc
1881 3214 2076 3271 solum

423 3312 610 3352 unum
644 3299 990 3354 audiremus
1019 3299 1092 3356 de
1124 3315 1269 3355 voce
1299 3301 1553 3372 Spiritus
1580 3302 1700 3366 Dei,
1738 3303 1889 3369 Quia
1922 3305 2076 3361 Deus

423 3385 658 3442 dilectio
690 3394 773 3446 est
803 3411 821 3457 ;
865 3389 1008 3443 nihil
1040 3389 1300 3460 amplius
1331 3404 1596 3462 quaerere
1623 3390 2000 3447 deberemus.

499 3480 546 3530 5.
580 3474 710 3532 Jam
738 3477 930 3536 videte
958 3477 1101 3549 quia
1124 3477 1316 3534 facere
1339 3483 1545 3535 contra
1567 3479 1964 3547 dilectionem,
1992 3480 2075 3538 fa-

426 3581 555 3620 cere
569 3572 775 3622 contra
801 3569 982 3622 Deum
997 3571 1108 3622 est.
1128 3570 1311 3624 Nemo
1328 3567 1513 3627 dicat:
1534 3570 1596 3623 In
1614 3569 1922 3626 hominem
1948 3587 2076 3643 pec-

426 3670 516 3719 co,
547 3655 794 3725 quando
835 3672 951 3711 non
977 3656 1158 3726 diligo
1181 3656 1421 3712 fratrem
1445 3672 1646 3714 meum
1693 3659 2027 3732 (intendite)
2054 3679 2070 3728 ;

430 3747 484 3797 et
514 3743 681 3798 facile
713 3749 799 3798 est
824 3746 1207 3814 peccatumin
1233 3745 1562 3816 hominem,
1591 3747 1648 3801 in
1668 3747 1856 3804 Deum
1880 3749 2073 3806 solum

428 3847 548 3886 non
573 3847 834 3901 peccem.
862 3834 1176 3896 Quomodo
1200 3850 1320 3888 non
1336 3833 1622 3904 peccasin
1649 3838 1851 3902 Deum,
1879 3854 2072 3911 quan-

426 3918 505 3972 do
535 3919 593 3972 in
615 3917 992 3974 dilectionem
1017 3936 1229 3991 peccas
1260 3923 1289 3978 ‘l’
1318 3925 1465 3977 Deus
1496 3924 1729 3980 dilectio
1756 3933 1857 3982 est.
1891 3931 2076 3983 Num-

423 4005 572 4078 quid
591 4021 700 4060 nos
729 4005 982 4064 dicimus
1015 4007 1042 4062 ‘l
1074 4011 1252 4065 Sinos
1279 4012 1634 4078 diceremus,
1668 4016 2072 4074 Deusdilectio

420 4103 533 4165 est;
556 4095 702 4151 forte
719 4097 1220 4154 scandalizaretur
1235 4100 1452 4172 aliquis
1467 4117 1536 4156 ex
1550 4101 1739 4166 vobis,
1759 4109 1814 4159 et
1830 4106 2068 4164 diceret.

423 4184 572 4250 Quid
589 4184 931 4258 dixit?quid
957 4187 1516 4259 voluitdicere,quia
1532 4189 1684 4245 Deus
1701 4192 1938 4249 dilectio
1952 4196 2073 4252 est?

420 4273 587 4328 Dedit
611 4274 985 4330 dilectionem
1017 4279 1188 4342 Deus,
1217 4276 1463 4332 donavit
1493 4280 1642 4333 Deus
1658 4279 2068 4340 dilectionem.

416 4364 515 4419 Ex
550 4362 660 4418 Deo
686 4371 769 4420 est
795 4365 1224 4421 ditectio:Deus
1238 4367 1475 4422 dilectio
1504 4370 1603 4422 est.
1637 4370 1779 4424 Ecce
1809 4369 2066 4439 habetis,

410 4452 636 4520 fratres,
666 4454 996 4526 Scripturas
1013 4455 1110 4511 Dei
1135 4475 1146 4514 :
1173 4457 1467 4515 canonica
1508 4462 1598 4513 est
1641 4458 1752 4514 ista
1767 4460 2021 4531 Epistola
2050 4480 2065 4531 ;

434 4539 540 4614 per
565 4560 776 4600 omnes
808 4551 1010 4613 gentes
1038 4547 1334 4609 recitatur,
1363 4547 1523 4602 orbis
1557 4553 1724 4604 terras
1755 4551 2069 4610 auctorita-

411 4637 462 4688 te
489 4634 787 4700 retinetur,
817 4635 1323 4691 orbemterrarum
1352 4635 1483 4706 ipsa
1503 4637 1840 4696 aediﬁcavit.
1881 4642 2066 4698 Audis

406 4719 505 4777 hic
533 4721 609 4774 ab
627 4721 842 4792 Spiritu
883 4723 1001 4788 Dei,
1035 4724 1184 4780 Deus
1225 4724 1459 4780 dilectio
1482 4732 1583 4781 est.
1606 4728 1738 4782 Jam
1772 4729 1818 4784 si
1854 4731 2063 4803 audes,

405 4805 498 4863 fac
524 4813 729 4863 contra
756 4809 962 4874 Deum,
995 4815 1050 4864 et
1081 4810 1200 4866 noli
1232 4811 1476 4879 diligere
1504 4813 1742 4870 fratrem
1773 4821 1962 4872 tuum.

473 4899 523 4951 6.
561 4896 873 4962 Quomodo
915 4913 1056 4965 ergo
1088 4898 1472 4968 jamdudum,
1519 4902 1764 4958 Dilectio
1808 4920 1883 4960 ex
1943 4909 2059 4964 Deo

399 4994 480 5043 est
515 5004 531 5053 ;
564 4993 619 5042 et
675 4986 875 5051 modo,
925 4987 1170 5044 Dilectio
1213 4988 1363 5044 Deus
1394 4996 1476 5046 est
1507 4989 1533 5044 ‘2
1569 4993 1662 5046 Est
1698 4994 1857 5048 enim
1906 4996 2058 5052 Deus

398 5079 567 5134 Pater
597 5083 651 5132 et
674 5075 848 5131 Filius
879 5081 936 5130 et
969 5077 1216 5148 Spiritus
1252 5082 1494 5134 sanctus
1524 5098 1534 5134 :
1571 5080 1765 5146 Filius,
1804 5085 1952 5139 Deus
1987 5102 2059 5142 ex

401 5169 543 5234 Deo;
567 5166 816 5238 Spiritus
845 5172 1110 5230 sanctus,
1138 5170 1286 5222 Deus
1311 5182 1382 5221 ex
1409 5170 1523 5223 Deo
1555 5185 1567 5235 ;
1602 5175 1654 5224 et
1675 5169 1733 5225 hi
1759 5177 1873 5228 tres
1902 5190 2056 5232 unus

399 5255 567 5322 Deus,
601 5271 715 5310 non
751 5263 863 5311 tres
894 5256 993 5311 dii.
1024 5257 1083 5310 Si
1115 5256 1274 5310 ﬁlius
1325 5259 1493 5320 Deus,
1525 5263 1581 5314 et
1611 5259 1860 5332 Spiritus
1884 5279 2055 5320 sanc-

396 5347 486 5397 tus
518 5349 685 5413 Deus,
713 5352 762 5401 et
795 5346 1091 5417 illediligit
1124 5345 1180 5405 in
1209 5363 1330 5421 quo
1353 5349 1580 5406 habitat
1607 5351 1855 5421 Spiritus
1871 5369 2051 5410 sanc-

397 5438 527 5485 tus:
558 5450 704 5501 ergo
730 5435 962 5492 dilectio
990 5437 1139 5493 Deus
1162 5445 1252 5493 est
1276 5457 1293 5510 ;
1331 5439 1433 5494 sed
1470 5441 1620 5493 Deus
1643 5440 1787 5510 quia
1811 5458 1878 5496 ex
1908 5443 2048 5498 Deo.

394 5519 720 5591 Utrumque
751 5524 908 5578 enim
942 5527 1127 5582 habes
1160 5528 1216 5582 in
1258 5529 1557 5600 Epistola;
1593 5534 1667 5592 et,
1702 5529 1950 5588 Dilectio
1977 5549 2052 5594 ea:

501 5667 649 5726 Lo'v.,
694 5667 896 5732 inﬂaris
923 5673 986 5721 At
1021 5671 1143 5724 Mss.
1181 5687 1304 5725 cum
1336 5677 1448 5728 Am.
1485 5680 1536 5727 et
1569 5677 1670 5741 Er.,
1693 5681 1881 5745 su/ﬂas.

2201 455 2394 521 audis,
2431 469 2504 510 ex
2542 455 2661 510 Deo
2692 475 2713 522 ,-
2743 458 2845 508 aut
2872 453 3046 508 Filius
3075 453 3440 526 intelligitur,
3469 461 3574 510 aut
3605 456 3865 526 Spiritus

2201 549 2460 600 sanctus.
2499 543 2648 608 Quia
2678 557 2817 597 vero
2847 541 2986 597 dicit
3044 543 3380 613 Apostolus,
3433 544 3717 600 Charitas
3753 545 3863 601 Dei

2198 633 2419 702 di/fusa
2445 639 2525 687 est
2565 631 2627 686 in
2659 630 2929 687 cordibus
2961 631 3176 686 nostris
3201 646 3314 700 per
3343 633 3637 701 Spiritum
3671 648 3864 690 sanc-

2199 727 2323 778 tum
2355 720 2458 792 qui
2481 720 2656 776 datus
2682 725 2764 776 est
2795 719 2959 774 nobis
2991 720 3184 789 (Rom.
3219 736 3277 788 v,
3320 720 3372 791 5)
3399 739 3414 791 ;
3447 721 3860 791 intelligamus

2195 810 2256 866 in
2284 809 2597 865 dilectione
2629 808 2912 880 Spiritum
2941 813 3212 864 sanctum
3239 825 3401 865 esser
3431 810 3562 882 Ipse
3583 817 3672 866 est
3697 813 3858 867 enim

2197 899 2446 970 Spiritus
2470 903 2731 962 sanctus,
2755 913 2939 969 quem
2964 912 3087 952 non
3105 903 3357 969 possunt
3383 900 3654 971 accipere
3680 900 3850 966 mali;

2193 986 2319 1060 ipse
2343 992 2399 1044 et
2422 987 2517 1043 ille
2536 987 2667 1042 fons
2697 986 2770 1041 de
2803 1002 2925 1058 quo
2966 986 3111 1042 dicit
3141 988 3462 1059 Scriptura,
3493 989 3650 1045 Fons
3683 1004 3860 1061 aqua?

2195 1081 2309 1134 tuae
2331 1079 2405 1132 sit
2436 1078 2542 1132 tibi
2564 1077 2867 1146 proprius,
2901 1082 2955 1132 et
2984 1092 3154 1132 nemo
3183 1078 3412 1133 alienus
3461 1081 3857 1136 communicet

2194 1167 2304 1222 tibi
2331 1167 2534 1239 (Prov.
2571 1182 2620 1229 v,
2657 1168 2743 1230 16,
2782 1166 2887 1236 t7).
2946 1166 3164 1221 Omnes
3214 1166 3375 1222 enim
3407 1167 3511 1238 qui
3544 1183 3666 1223 non
3710 1168 3857 1224 dili-

2193 1261 2340 1327 gunt
2371 1256 2577 1322 Deum,
2606 1253 2784 1310 alieni
2816 1259 2974 1320 sunt,
2994 1255 3323 1310 antichristi
3355 1261 3514 1312 sunt.
3543 1259 3608 1312 Et
3634 1273 3859 1330 quam-

2195 1345 2280 1399 vis
2308 1345 2527 1400 iutrent
2561 1342 2859 1406 basilicas,
2905 1358 3029 1398 non
3059 1349 3314 1414 possunt
3359 1345 3664 1401 numerari
3701 1346 3856 1403 inter

2191 1433 2343 1492 ﬁlios
2377 1433 2482 1491 Dei
2521 1449 2533 1498 ;
2562 1447 2682 1488 non
2714 1431 2940 1489 adillos
2972 1433 3225 1504 pertinet
3255 1433 3388 1489 fons
3423 1434 3518 1489 ille
3545 1436 3700 1490 vitia.
3737 1437 3859 1492 Ha-

2193 1523 2330 1578 bere
2360 1522 2728 1594 Baptismum
2761 1525 2814 1576 et
2849 1521 3040 1577 malus
3071 1528 3260 1593 potest
3295 1540 3307 1588 ;
3341 1522 3561 1580 habere
3592 1525 3857 1595 prophe-

2191 1612 2332 1669 tiam
2351 1616 2407 1666 et
2429 1611 2622 1666 malus
2650 1615 2857 1680 potest.
2884 1611 3222 1666 Invenimus
3256 1610 3493 1667 Saﬁlem
3519 1626 3724 1681 regem
3752 1613 3858 1669 ha-

2189 1699 2390 1755 buisse
2413 1699 2817 1771 prophetiam:
2851 1699 3319 1770 persequebatur
3335 1705 3611 1756 sanctum
3637 1701 3853 1768 David,

2190 1794 2245 1846 et
2257 1789 2335 1843 im
2346 1788 2536 1860 pletus
2550 1793 2636 1843 est
2651 1786 2868 1858 Spiritu
2881 1786 3293 1858 prophetiae,et
3305 1789 3660 1860 prophetare
3675 1791 3858 1862 ccepit

2190 1879 2236 1949 (Ι
2265 1879 2408 1948 Reg.
2444 1877 2587 1947 xu).
2639 1875 2916 1947 Accipere
2965 1877 3422 1933 Sacramentum
3465 1877 3740 1948 corporis
3797 1884 3856 1936 et

2189 1966 2498 2037 sanguinis
2527 1964 2762 2021 Domini
2789 1971 2843 2019 et
2875 1963 3067 2020 malus
3099 1971 3286 2035 potest
3316 1982 3327 2020 ;
3355 1981 3494 2022 nam
3522 1967 3597 2023 de
3625 1967 3855 2024 talibus

2188 2056 2414 2112 dictum
2437 2061 2541 2120 est,
2565 2055 2679 2123 Qui
2695 2054 3018 2110 manducat
3034 2060 3088 2109 et
3107 2054 3247 2110 bibit
3273 2055 3530 2126 indigne,
3549 2057 3855 2125 judicium

2187 2145 2299 2202 sibi
2326 2145 2651 2200 manducat
2684 2149 2735 2199 et
2769 2142 2909 2198 bibit
2944 2143 2984 2212 (Ι
3019 2142 3152 2198 Cor.
3207 2159 3284 2208 xi,
3329 2145 3439 2216 29).
3474 2145 3703 2200 Habere
3735 2161 3851 2202 no-

2187 2249 2327 2290 men
2359 2232 2566 2289 Christi
2597 2236 2654 2288 et
2686 2232 2880 2287 malus
2915 2235 3112 2302 potest
3145 2249 3157 2297 ;
3219 2232 3278 2287 id
3309 2237 3419 2297 est,
3481 2233 3849 2290 christianus

2188 2323 2389 2379 vocari
2413 2326 2470 2377 et
2497 2320 2688 2376 malus
2714 2325 2908 2393 potest
2939 2339 2951 2378 :
2982 2322 3053 2374 de
3081 2321 3295 2392 quibus
3324 2321 3551 2377 dictum
3581 2329 3689 2386 est,
3717 2324 3850 2379 Pol-

2189 2413 2430 2468 luebant
2464 2425 2673 2466 nomen
2715 2409 2823 2465 Dei
2865 2408 2958 2463 sui
3008 2408 3248 2478 (Ezech.
3283 2425 3475 2475 xxxvr,
3524 2410 3635 2482 20).
3695 2413 3847 2482 Ergo

2186 2502 2406 2558 habere
2436 2504 2812 2555 sacramenta
2837 2498 2950 2554 ista
2963 2499 3168 2554 omnia
3187 2503 3245 2553 et
3259 2500 3453 2555 malus
3469 2505 3663 2571 potest
3688 2517 3701 2565 ;
3727 2500 3841 2555 ha-

2185 2590 2324 2647 bere
2357 2595 2554 2647 autem
2585 2587 2954 2653 charitatem,
2983 2593 3040 2642 et
3070 2587 3262 2643 malus
3291 2603 3440 2658 esse,
3475 2604 3595 2644 non
3627 2593 3845 2660 potest.

2187 2683 2306 2736 Hoc
2336 2683 2423 2735 est
2444 2693 2585 2748 ergo
2613 2675 2920 2749 proprium
2944 2675 3174 2731 donum
3205 2693 3217 2741 ;
3254 2676 3383 2748 ipse
3412 2683 3498 2732 est
3523 2677 3853 2748 singularis

2187 2769 2337 2824 fons.
2364 2767 2451 2824 Ad
2473 2767 2633 2821 hunc
2647 2764 3000 2830 bibendum,
3026 2780 3132 2819 vos
3163 2764 3430 2820 hortatur
3445 2766 3698 2838 Spiritus
3716 2766 3845 2835 Dei;

2186 2857 2264 2916 ad
2296 2874 2360 2912 se
2387 2855 2719 2913 bibendum
2755 2869 2855 2910 vos
2886 2853 3157 2909 hortatur
3189 2853 3440 2925 Spiritus
3473 2856 3592 2913 Dei.

2253 3005 2308 3058 7.
2341 3000 2412 3055 In
2445 2999 2553 3055 hoc
2582 2997 2961 3065 manifestata
3011 3002 3092 3052 est
3125 2996 3362 3053 dilectio
3396 2999 3501 3054 Dei
3554 2999 3617 3054 in
3649 3000 3848 3056 nobis.

2185 3090 2352 3157 Ecce,
2389 3097 2447 3143 ut
2485 3088 2806 3156 diligamus
2842 3089 3045 3151 Deum,
3083 3087 3483 3143 hortationem
3516 3088 3844 3145 habemus.

2183 3179 2498 3234 Possemus
2526 3176 2693 3231 illum
2714 3175 2977 3244 diligere,
3006 3174 3122 3230 nisi
3148 3176 3311 3244 prior
3331 3175 3424 3231 ille
3445 3175 3718 3247 diligeret
3743 3179 3774 3233 ‘i
3793 3177 3850 3234 Si

2184 3267 2336 3340 pigri
2368 3281 2606 3321 eramus
2632 3263 2710 3319 ad
2735 3263 3090 3328 amandum,
3119 3278 3240 3320 non
3265 3265 3452 3320 simus
3475 3265 3625 3337 pigri
3659 3266 3735 3322 ad
3756 3280 3852 3323 re-

2182 3354 2579 3412 damandum.
2639 3352 2798 3407 Prior
2845 3353 3071 3407 amavit
3100 3367 3210 3407 nos
3244 3369 3257 3416 ;
3284 3368 3394 3408 nec
3426 3354 3511 3409 sic
3542 3369 3652 3409 nos
3681 3371 3851 3411 ama-

2187 3460 2347 3500 mus.
2379 3442 2618 3513 lniquos
2643 3441 2889 3506 amavit,
2932 3441 3037 3496 sed
3067 3441 3445 3512 iniquitatem
3479 3443 3653 3499 solvit
3688 3460 3699 3499 :
3738 3445 3850 3500 ini-

2185 3548 2338 3605 quos
2371 3531 2612 3596 amavit,
2638 3529 2876 3585 sednon
2892 3529 2969 3585 ad
3011 3529 3386 3601 iniquitatem
3427 3533 3838 3602 congregavit.

2186 3622 2455 3693 Egrotos
2477 3620 2722 3684 amavit,
2757 3620 2861 3674 sed
2889 3619 3192 3676 sanandos
3226 3621 3504 3677 visitavit.
3522 3621 3675 3677 Deus
3697 3639 3845 3694 ergo

2182 3711 2410 3769 dilectio
2436 3717 2537 3767 est.
2557 3711 2621 3764 In
2648 3708 3153 3778 hocmanifestata
3169 3717 3250 3765 est
3263 3709 3501 3766 dilectio
3529 3712 3634 3767 Dei
3653 3714 3717 3767 in
3741 3728 3846 3768 no-

2183 3802 2288 3867 bis,
2320 3801 2463 3872 quia
2493 3798 2715 3854 Filium
2765 3813 2933 3853 suum
2963 3798 3333 3868 unigenitum
3388 3799 3544 3855 misit
3575 3800 3639 3856 in
3673 3800 3838 3858 hunc

2182 3891 2491 3952 mundum,
2520 3895 2582 3942 ut
2598 3887 2859 3943 vivamus
2876 3902 2983 3955 per
3006 3886 3218 3955 ipsum.
3252 3888 3558 3953 Quomodo
3582 3889 3712 3961 ipse
3728 3891 3840 3948 Do-

2181 3982 2379 4035 minus
2393 3979 2492 4042 ait,
2516 3977 2803 4046 Majorem
2824 3976 3196 4032 dilectionem
3214 3991 3378 4033 nemo
3387 3982 3572 4046 potest
3590 3977 3666 4033 ha
3676 3980 3836 4046 bere,

2177 4083 2355 4141 quam
2380 4075 2440 4122 ut
2465 4068 2729 4122 animam
2760 4081 2929 4120 suam
2960 4072 3140 4133 ponat
3169 4081 3279 4135 pro
3323 4066 3529 4123 amicis
3573 4069 3698 4124 suis
3730 4086 3747 4135 ;
3785 4076 3846 4126 et

2178 4159 2261 4215 ibi
2292 4156 2642 4230 probataest
2671 4154 2908 4210 dilectio
2931 4155 3141 4209 Christi
3172 4157 3230 4209 in
3245 4170 3375 4220 nos,
3405 4157 3546 4227 quia
3564 4164 3841 4216 mortuus

2173 4254 2258 4303 est
2290 4261 2398 4316 pro
2428 4243 2623 4299 nobis.
2662 4242 2900 4297 Dilectio
2943 4242 3131 4297 Patris
3163 4242 3321 4298 unde
3353 4243 3610 4314 probata
3653 4253 3745 4299 est
3772 4249 3833 4302 in

2177 4351 2288 4390 nos
2317 4334 2345 4389 ?
2375 4333 2523 4399 Quia
2553 4332 2759 4386 Filium
2787 4346 2963 4386 suum
2983 4331 3223 4387 unicum
3249 4330 3404 4386 misit
3426 4332 3579 4388 mori
3603 4348 3714 4404 pro
3735 4349 3842 4391 no-

2175 4424 2268 4480 bis
2301 4439 2312 4478 :
2350 4424 2435 4478 sic
2465 4427 2555 4477 est
2589 4419 2800 4475 Paulus
2846 4419 3152 4491 apostolus
3184 4419 3345 4485 dicit,
3374 4419 3485 4487 Qui
3516 4421 3667 4477 Filio
3695 4438 3838 4492 pro-

2170 4513 2305 4583 prio
2335 4527 2453 4568 non
2502 4509 2784 4580 pepercit,
2809 4509 2910 4564 sed
2927 4523 3037 4577 pro
3065 4507 3230 4563 nobis
3262 4509 3530 4565 omnibus
3580 4511 3841 4569 tradidit

2174 4617 2325 4667 eum,
2357 4598 2643 4671 quomodo
2665 4612 2785 4653 non
2813 4603 2867 4653 et
2889 4611 3023 4652 cum
3045 4595 3146 4652 illo
3169 4598 3370 4654 omnia
3391 4597 3558 4653 nobis
3589 4600 3840 4658 donavit

2174 4692 2362 4762 (Rom.
2395 4705 2509 4753 vin,
2544 4687 2632 4758 3'2)
2663 4685 2691 4740 ?
2719 4688 2862 4742 Ecce
2895 4685 3190 4744 Christum
3224 4685 3466 4742 tradidit
3495 4689 3680 4754 Pater,
3716 4694 3838 4747 tra-

2171 4780 2320 4836 didit
2356 4777 2544 4833 Judas
2581 4795 2597 4846 ;
2634 4773 2930 4848 numquid
2961 4789 3082 4831 non
3135 4775 3310 4848 quasi
3366 4775 3557 4832 simile
3608 4777 3838 4836 factum

2171 4869 2400 4924 videtur
2425 4867 2453 4921 Ῡ
2483 4865 2756 4922 Traditor
2802 4869 2889 4921 est
2919 4865 2947 4918 J
2957 4864 3104 4920 udas
3137 4880 3149 4916 :
3185 4879 3327 4934 ergo
3373 4865 3619 4921 traditor
3649 4873 3739 4923 est
3778 4875 3836 4926 et

2169 4958 2320 5013 Deus
2348 4958 2514 5013 Pater
2543 4955 2570 5010 ‘l
2594 4955 2759 5011 Absit
2783 4953 3002 5025 inquis.
3037 4956 3163 5009 Non
3190 4953 3344 5018 dico,
3375 4953 3484 5010 sed
3509 4956 3832 5026 Apostolus

2167 5046 2308 5103 dicit
2337 5062 2349 5102 :
2386 5045 2496 5113 Qui
2518 5046 2647 5114 ﬁlio
2676 5043 2921 5113 proprio
2953 5058 3072 5098 non
3100 5043 3376 5112 pepercit,
3409 5043 3512 5099 sed
3563 5060 3675 5113 pro
3727 5061 3837 5102 no-

2167 5135 2245 5192 bis
2276 5134 2544 5191 omnibus
2583 5132 2838 5189 tradidit
2870 5147 3029 5188 eum.
3065 5133 3129 5187 Et
3159 5133 3324 5188 Pater
3349 5131 3517 5188 illum
3562 5133 3829 5200 tradidit,

2161 5231 2217 5281 et
2248 5225 2372 5296 ipse
2396 5240 2458 5280 se
2491 5222 2749 5279 tradidit.
2781 5222 2876 5276 Ait
2903 5221 3062 5276 idem
3094 5220 3404 5293 apostolus
3441 5240 3452 5280 :
3488 5223 3601 5288 Qui
3626 5239 3718 5280 me
3747 5224 3835 5279 di-

2165 5314 2328 5380 lexit,
2352 5320 2407 5371 et
2447 5312 2697 5369 tradidit
2729 5312 2982 5380 seipsum
3006 5327 3113 5380 pro
3143 5325 3231 5366 me
3256 5310 3480 5381 (Galat.
3519 5327 3577 5377 ιι,
3610 5315 3725 5383 20).
3768 5315 3829 5370 Si

2159 5403 2325 5460 Pater
2356 5403 2593 5459 tradidit
2618 5401 2845 5468 Filium,
2865 5405 2918 5456 et
2946 5400 3185 5456 tradidit
3213 5401 3475 5472 seipsum
3502 5402 3697 5468 Filius,
3725 5404 3835 5458 ius

2157 5492 2268 5548 das
2297 5493 2440 5564 quid
2477 5490 2608 5546 fecit
2639 5487 2664 5536 9
2699 5491 2874 5545 Facta
2890 5493 2975 5545 est
2999 5487 3238 5544 traditio
3269 5503 3306 5544 a
3331 5490 3516 5555 Patre,
3548 5488 3710 5548 facta
3735 5497 3829 5546 est

2157 5581 2394 5638 traditio
2423 5596 2457 5636 a
2487 5579 2649 5645 Filio,
2690 5578 2845 5635 facta
2879 5581 2968 5633 est
2999 5577 3237 5634 traditio
3274 5593 3310 5634 a
3337 5577 3497 5634 Juda
3531 5595 3544 5645 ;
3581 5594 3703 5635 una
3730 5595 3833 5648 res

2152 5669 2310 5728 facta
2342 5674 2430 5727 est
2471 5685 2482 5724 :
2517 5670 2623 5726 sed
2656 5683 2889 5744 quaeres
2919 5668 3197 5727 discernit
3223 5669 3456 5726 Patrem
3489 5668 3831 5730 tradentem
