4182 6198
448 160 592 217 2035

453 301 622 342 nem:
651 285 959 347 hominem
983 283 1144 339 enim
1160 285 1312 338 Deus
1329 282 1483 350 fecit,
1498 298 1759 339 errorem
1772 283 1898 355 ipse
1912 282 2098 339 homo

451 373 775 430 fecit.Ama
805 371 951 427 illud
982 371 1145 442 quod
1176 371 1328 427 Deus
1357 371 1507 437 fecit,
1531 372 1653 427 noli
1697 387 1900 427 amare
1930 370 2095 442 quod

450 463 580 533 ipse
607 462 790 517 homo
813 460 962 516 fecit.
998 462 1143 515 Cum
1168 460 1312 515 illud
1344 477 1537 530 amas,
1561 460 1694 516 illus
1720 461 1908 516 tollis:
1954 476 2094 516 cum

451 549 594 605 illud
621 549 838 619 diligis,
872 549 1016 605 illud
1033 550 1342 604 emendas.
1375 550 1484 606 Sed
1500 551 1790 606 etsisaevis
1819 549 2096 620 aliquan-

449 638 547 704 do,
581 643 822 708 propter
849 639 1228 693 correctionis
1257 639 1654 695 dilectionem.
1682 643 1990 710 Propterea
2020 637 2093 692 de

452 725 736 782 columba
751 726 1177 782 demonstratis
1191 732 1282 783 est
1301 728 1576 792 charitas,
1596 727 1894 799 quaevenit
1919 741 2097 797 super

457 815 776 872 Dominum
808 817 1044 885 (Matth.
1074 832 1152 880 ιιι,
1195 819 1298 888 16).
1337 819 1572 889 Species
1603 817 1703 872 illa
1729 815 2026 872 columbae
2053 817 2095 881 ³,

453 904 514 960 in
556 921 678 976 qua
707 907 903 977 specie
919 907 1335 978 venitSpiritus
1359 912 1603 962 sanctus
1624 923 1744 980 quo
1757 906 1931 962 nobis
1962 905 2098 960 cha-

453 995 595 1049 ritas
632 994 1066 1051 infunderetur.
1102 997 1293 1061 Quare
1319 996 1434 1052 hoc
1467 997 1493 1050 ‘i
1535 996 1628 1052 Fel
1657 995 1939 1052 columba
1976 1009 2098 1050 non

450 1083 665 1140 habet:
689 1088 886 1140 tamen
900 1089 1092 1140 rostro
1110 1089 1165 1140 et
1190 1085 1402 1156 pennis
1416 1102 1524 1157 pro
1541 1086 1682 1142 nido
1696 1089 1944 1158 pugnat,
1969 1083 2100 1138 sine

455 1173 853 1229 amaritudine
911 1173 1094 1230 saevit.
1142 1175 1263 1230 Hoc
1302 1175 1441 1231 facit
1497 1179 1555 1231 et
1597 1181 1801 1246 pater;
1853 1172 2100 1246 quando

452 1265 639 1320 filium
669 1265 938 1334 castigat,
969 1265 1046 1320 ad
1065 1264 1441 1336 disciplinam
1475 1269 1742 1335 castigat.
1769 1266 1931 1321 Sicut
1955 1265 2100 1333 dixi,

454 1354 732 1409 seductor
763 1358 824 1408 ut
851 1354 1089 1419 vendat,
1123 1369 1260 1409 cum
1295 1355 1698 1410 amaritudine
1739 1355 2049 1411 blanditur
2083 1373 2096 1408 :

451 1448 620 1516 pater
644 1448 704 1499 ut
735 1444 992 1513 corrigat
1022 1445 1145 1499 sine
1176 1443 1306 1499 felle
1335 1445 1782 1517 castigat.Tales
1814 1450 2001 1501 estote
2023 1445 2099 1502 ad

453 1548 684 1588 omnes.
743 1532 960 1601 Videte,
1015 1532 1244 1596 fratres,
1293 1549 1586 1603 magnum
1646 1534 2100 1598 documentum,

454 1636 739 1689 magnam
773 1621 1039 1692 regulam
1071 1641 1082 1680 :
1123 1623 1541 1694 Unusquisque
1587 1623 1766 1678 habet
1798 1623 1967 1688 filios,
2001 1628 2104 1680 aut

449 1709 671 1764 habere
703 1709 829 1764 vult
862 1725 874 1775 ;
908 1715 1009 1765 aut
1039 1711 1087 1764 si
1129 1712 1377 1767 omnino
1405 1712 1662 1767 decrevit
1685 1711 1838 1766 ﬁlios
1853 1727 1971 1766 non
1991 1711 2097 1768 ba-

449 1797 588 1854 bere
611 1798 945 1864 carnaliter,
980 1799 1467 1872 velspiritualiter
1493 1802 1652 1872 cupit
1680 1800 1929 1856 habere:
1960 1800 2099 1872 quis

448 1892 536 1942 est
556 1887 658 1959 qui
685 1902 806 1942 non
834 1889 1074 1960 corrigit
1104 1889 1293 1945 ﬁlium
1321 1906 1500 1944 suum
1528 1891 1555 1945 ?
1582 1891 1716 1961 quis
1747 1895 1833 1945 est
1854 1890 1948 1944 cui
1979 1905 2100 1945 non

445 1974 544 2031 det
571 1975 950 2047 disciplinam
973 1978 1358 2049 pater(Hebr.
1388 1994 1486 2042 xu,
1521 1979 1574 2049 7)
1596 1979 1625 2030 ‘?
1663 1980 1727 2033 Et
1755 1983 1952 2034 tamen
1992 1995 2099 2034 δεθς

445 2064 572 2120 vire
592 2064 845 2120 videtur.
869 2068 1050 2122 Amor
1072 2069 1260 2134 saevit,
1276 2067 1530 2124 charitas
1547 2068 1712 2122 stevit
1736 2084 1746 2121 :
1769 2071 1932 2123 saevit
1955 2083 2102 2139 quo-

448 2154 590 2210 dam
617 2154 800 2211 modo
816 2156 941 2211 sine
955 2155 1106 2221 felle,
1127 2172 1291 2213 more
1310 2156 1676 2222 columbino,
1697 2172 1814 2213 non
1836 2158 2104 2216 corvino-

451 2245 618 2301 Unde
632 2246 790 2300 venit
811 2245 870 2300 in
892 2251 1172 2312 mentem,
1191 2246 1397 2302 fratres
1416 2247 1552 2313 mei,
1568 2246 1765 2302 dicere
1778 2247 1947 2304 vobis
1959 2250 2099 2320 quia

440 2333 522 2390 illi
537 2334 854 2391 violatores
873 2335 1177 2391 charitatis
1191 2335 1455 2391 schisma
1473 2336 1738 2392 fecerunt
1763 2339 2100 2409 :quomodo

439 2425 699 2480 oderunt
736 2425 935 2495 ipsam
976 2424 1348 2489 charitatem,
1382 2426 1462 2480 sic
1489 2425 1744 2482 oderunt
1771 2431 1827 2481 et
1865 2428 2097 2484 colum-

441 2511 606 2569 bam.
625 2513 740 2568 Sed
757 2514 1199 2570 convincitillos
1215 2513 1528 2570 columba:
1552 2515 1821 2586 procedit
1843 2515 1915 2571 de
1927 2517 2092 2582 caelo,

447 2601 799 2672 aperiuntur
821 2603 971 2666 coeli,
1008 2607 1063 2657 et
1091 2607 1297 2658 manet
1326 2618 1506 2674 super
1531 2607 1714 2674 caput
1743 2605 1996 2660 Domini.
2029 2608 2098 2662 Ut

451 2689 596 2762 quid
621 2690 735 2746 hoc
761 2691 788 2748 ‘i’
822 2693 889 2747 Ut
918 2691 1135 2756 audiat,
1170 2692 1284 2747 Hic
1313 2697 1395 2748 est
1422 2692 1524 2763 qui
1547 2693 1804 2762 baptizat
1835 2693 2027 2764 (Joan.
2053 2711 2091 2761 ι,

449 2778 559 2849 33).
585 2779 1206 2850 Recedite,praedones
1225 2799 1238 2843 ;
1254 2780 1524 2846 recedite,
1548 2781 2094 2854 invasoresposses-

441 2866 627 2922 sionis
649 2867 874 2923 Christi.
911 2868 975 2922 In
1003 2870 1490 2940 possessionibus
1521 2871 1752 2937 vestris,
1776 2871 1873 2928 ubi
1902 2872 2091 2929 domi-

443 2955 573 3011 nari
590 2955 745 3022 ultis,
767 2957 963 3013 titulos
981 2959 1238 3030 potentis
1251 2959 1380 3015 ausi
1397 2959 1534 3016 estis
1554 2960 1818 3030 infigere.
1835 2963 2092 3033 Cognos-

451 3045 527 3100 cit
578 3045 673 3101 ille
732 3047 930 3102 titulos
974 3062 1115 3103 suos
1153 3048 1454 3113 ;vindicat
1498 3049 1610 3105 sibi
1648 3052 2090 3123 possessionem

443 3151 645 3192 suam:
674 3151 794 3192 non
814 3136 967 3192 delet
986 3137 1204 3204 titulos,
1231 3138 1332 3194 sed
1357 3139 1511 3195 intra
1533 3141 1878 3211 etpossidet.
1904 3142 1995 3197 Sic
2009 3143 2088 3197 ad

439 3224 803 3282 Catholicam
821 3226 1093 3292 venienti,
1111 3243 1231 3283 non
1249 3228 1478 3286 deletur
1493 3229 1850 3300 Baptismus,
1870 3246 1943 3285 ne
1957 3231 2088 3287 titu-

441 3313 532 3369 lus
555 3314 932 3386 imperatoris
961 3316 1245 3372 deleatur.
1271 3318 1385 3374 Sed
1407 3318 1552 3390 quid
1574 3318 1637 3374 fit
1660 3320 1717 3373 in
1739 3319 2036 3375 Catholica
2059 3321 2086 3374 ?

440 3405 794 3473 Agnoscitur
815 3405 1012 3461 titulus
1043 3424 1056 3472 ;
1081 3406 1259 3462 intrat
1287 3407 1724 3478 possessorsub
1751 3408 1930 3464 titulis
1959 3409 2084 3466 suis

449 3494 598 3563 suis,
620 3509 741 3566 quo
763 3495 1023 3551 intrabat
1052 3496 1256 3567 praedo
1289 3495 1400 3552 sub
1441 3496 1620 3552 titulis
1646 3496 1872 3553 alienis.

975 3635 1386 3694 TRACTATUS
1416 3637 1555 3692 VllI.

447 3760 528 3817 De
554 3777 618 3818 eo
640 3761 793 3832 quod
823 3762 1107 3834 sequitur,
1145 3763 1537 3834 Sidiligamus
1563 3763 1838 3835 invicem,
1869 3767 2092 3823 Deusin

515 3849 691 3904 nobis
723 3851 997 3906 manebit
1029 3870 1041 3919 ;
1074 3867 1254 3922 usque
1279 3853 1356 3908 ad
1384 3853 1468 3919 id,
1504 3856 1654 3909 Deus
1685 3855 1919 3911 dilectio
1954 3860 2042 3910 est
2074 3873 2087 3922 ;

521 3941 577 3993 et
601 3937 704 4008 qui
727 3943 930 3993 manet
961 3939 1019 3994 in
1050 3939 1384 4009 dilectione,
1409 3941 1470 3996 in
1495 3943 1611 3998 Deo
1633 3947 1916 4008 manet,et
1942 3945 2092 4000 Deus

523 4026 584 4082 in
623 4040 714 4082 eo.
756 4026 903 4097 Cap.
946 4043 1022 4092 1v,
1065 4027 1127 4089 ἵ.
1163 4033 1343 4084 12-16.

524 4159 572 4211 1.
608 4153 849 4210 Dilectio
882 4154 1055 4210 dulce
1081 4155 1366 4222 .verbum,
1429 4156 1526 4212 sed
1560 4158 1793 4214 dulcius
1848 4161 2089 4217 factum.

451 4245 700 4317 Semper
715 4244 788 4300 de
815 4245 912 4301 illa
926 4245 1088 4318 loqui
1116 4261 1234 4301 non
1259 4249 1787 4318 possumus.Multa
1799 4251 1958 4306 enim
1973 4253 2094 4321 agi-

447 4342 683 4400 mus,et
714 4334 964 4391 diversae
992 4334 1834 4403 actionesdistenduntnos,ut
1859 4355 1978 4394 non
1995 4357 2091 4396 va-

449 4428 540 4480 cet
585 4424 802 4493 linguae
849 4429 1068 4481 nostrae
1104 4441 1335 4498 semper
1383 4427 1456 4484 de
1506 4427 1820 4484 dilectione
1878 4428 2089 4502 loqui:

449 4529 592 4570 nam
633 4513 777 4569 nihil
800 4513 1011 4571 melius
1026 4516 1443 4587 ageretlingua
1474 4523 1695 4574 nostra.
1727 4519 1838 4576 Sed
1870 4519 1943 4574 de
1973 4536 2092 4592 qua

453 4603 865 4675 semperloqui
893 4605 1178 4669 nonlicet,
1209 4622 1445 4679 semper
1471 4624 1604 4663 eam
1627 4608 2091 4665 custodirelicet.

452 4692 785 4746 Sicutnunc
801 4693 964 4762 quod
982 4699 1320 4761 cantamus,
1340 4696 1603 4762 Alleluia,
1629 4698 1925 4770 numquid
1941 4715 2095 4754 sem-

449 4794 555 4851 per
576 4779 690 4834 hoc
721 4779 1016 4836 facimus?
1044 4782 1154 4838 Vix
1187 4785 1361 4839 unius
1386 4786 1544 4840 liora-3
1578 4802 1692 4840 non
1728 4791 1849 4842 toto
1877 4789 2089 4859 spatio,

450 4868 555 4924 sed
569 4883 752 4940 parva
777 4871 1063 4940 particula
1088 4877 1423 4938 cantamus,
1443 4873 1784 4940 Alleluia;et
1803 4891 2092 4931 vacamus

449 4957 527 5013 ad
541 4957 704 5014 aliud
723 4958 875 5014 ’.Est
901 4964 1101 5014 autem
1129 4959 1395 5030 Alleluia,
1412 4962 1696 5033 sicutjam
1713 4963 1917 5028 nostis,
1940 4965 2093 5021 Lau-

447 5046 583 5104 date
611 5047 819 5102 Deum.
857 5048 963 5113 Qui
991 5050 1177 5104 Deum
1204 5049 1413 5107 laudat
1444 5051 1668 5122 lingua,
1704 5069 1824 5108 non
1863 5068 2093 5124 semper

445 5141 644 5208 potest
675 5155 687 5194 :
713 5137 816 5211 qui
847 5137 1116 5196 moribus
1141 5139 1325 5195 Deum
1358 5140 1584 5206 laudat,
1611 5157 1850 5213 semper
1878 5146 2090 5214 potest.

449 5228 642 5300 Opera
681 5228 1125 5295 misericordiae,
1164 5229 1410 5287 affectus
1440 5231 1761 5296 charitatis,
1809 5233 2091 5288 sanctitas

447 5317 697 5386 pietatis,
712 5318 1078 5392 incorruptio
1095 5321 1402 5388 castitatis,
1421 5321 1715 5378 modestia
1733 5321 2085 5387 sobrietatis,

446 5420 682 5479 semper
725 5408 852 5465 haec
883 5411 1144 5468 tenenda
1182 5417 1357 5468 sunt:
1397 5411 1516 5468 sive
1564 5427 1701 5468 cum
1746 5412 1806 5468 in
1847 5410 2087 5483 publico

506 5615 519 5644 ί
556 5613 702 5667 Lov.,
735 5614 972 5666 columbae
1004 5621 1092 5667 est.
1159 5618 1232 5671 M.

504 5678 524 5713 ³
558 5676 615 5729 In
646 5689 754 5728 uno
784 5676 902 5738 Ms,
939 5684 983 5730 οι
1008 5693 1251 5734 vocamur
1282 5681 1526 5734 ddaliud.

1195 157 1265 214 IN
1307 156 1714 214 EPISTOLAM
1752 155 2048 214 JOANNIS
2084 154 2185 213 AD
2222 153 2579 224 PARTHOS,
2619 155 2681 212 S.
2721 154 3114 218 AUGUSTINI

2207 297 2438 352 sumus,
2457 281 2580 338 sive
2592 297 2729 338 cum
2756 282 2813 338 in
2841 282 3026 338 domo
3055 299 3068 349 ;
3089 282 3213 338 sive
3238 296 3376 339 cum
3396 285 3536 338 ante
3555 281 3864 348 homines,

2209 371 2333 427 sive
2363 371 2574 426 cumin
2597 371 2896 436 cubiculo,
2925 371 3050 426 sive
3068 370 3400 443 loquentes,
3428 370 3550 427 sive
3571 376 3866 437 tacentes,

2207 460 2325 516 sive
2356 460 2579 532 aliquid
2631 466 2896 530 agentes,
2930 460 3051 516 sive
3087 465 3368 517 vacantes
3396 477 3408 527 ;
3466 477 3704 534 semper
3734 462 3868 518 haec

2207 550 2464 605 tenenda
2489 554 2650 616 sunt,
2673 550 2816 622 quia
2852 549 3012 606 intus
3059 556 3196 605 sunt
3223 566 3434 606 omnes
3463 550 3589 606 istae
3620 551 3868 606 virtutes

2207 653 2358 710 quas
2373 639 2703 696 nominavi.
2737 639 2880 704 Quis
2894 643 3092 694 autem
3107 638 3548 695 sufﬁcitomnes
3581 640 3870 696 nomina-

2207 742 2268 783 re
2289 728 2316 781 Ὺ
2339 727 2517 793 Quasi
2543 727 2832 783 exercitus
2854 733 2940 782 est
2965 728 3360 799 imperatoris,
3388 729 3490 800 qui
3511 727 3675 784 sedet
3705 728 3869 784 intus

2208 816 2267 871 in
2308 821 2503 872 mente
2527 821 2644 872 tua.
2663 817 2982 882 Quomodo
3003 817 3162 872 enim
3191 816 3633 889 imperatorper
3646 817 3868 874 exerci-

2209 908 2326 961 tum
2340 921 2516 962 suum
2529 906 2952 978 agitquodque
2969 906 3163 978 placet
3183 908 3198 942 ¹
3222 923 3235 972 ;
3260 906 3345 961 sic
3378 906 3666 962 Dominus
3691 908 3866 962 Jesus

2210 994 2777 1068 Christusincipiens
2799 995 3075 1052 habitare
3105 995 3166 1052 in
3181 996 3455 1052 interiore
3473 995 3719 1052 homine
3732 1012 3870 1052 nos-

2212 1089 2320 1147 tro,
2353 1083 2409 1137 id
2435 1089 2520 1138 est
2545 1084 2603 1139 in
2637 1089 2832 1140 mente
2861 1101 2966 1156 per
2983 1084 3412 1157 tidem(Ephes.
3445 1101 3526 1154 ιιι,
3547 1086 3652 1156 17),
3682 1086 3865 1141 utitur

2208 1171 2337 1227 istis
2361 1172 2676 1229 virtutibus
2691 1174 2862 1245 quasi
2879 1173 3160 1229 ministris
3192 1174 3337 1229 suis.
3365 1174 3539 1246 Etper
3559 1174 3669 1232 bas
3683 1175 3866 1230 virtu-

2210 1265 2297 1318 tes
2318 1277 2454 1333 quae
2479 1262 2662 1318 videri
2693 1263 2879 1318 oculis
2900 1278 3020 1318 non
3044 1267 3373 1335 possunt,et
3393 1267 3593 1320 tamen
3612 1263 3865 1336 quando

2212 1351 2620 1418 nominantur,
2660 1350 2982 1408 laudantur
3017 1368 3030 1406 :
3065 1367 3186 1408 non
3226 1357 3429 1408 autem
3473 1352 3865 1408 laudarentur

2211 1438 2325 1494 nisi
2348 1443 2712 1506 amarentur,
2743 1455 2864 1496 non
2897 1446 3243 1497 amarentur
3267 1441 3778 1507 nisividerentur;
3812 1445 3868 1497 et

2213 1527 2259 1582 si
2287 1528 2486 1600 utique
2501 1544 2616 1583 non
2638 1534 2984 1585 amarentur
3015 1530 3128 1585 nisi
3158 1529 3514 1599 viderentur,
3544 1529 3658 1586 alio
3691 1529 3869 1586 oculo

2211 1617 2506 1684 videntur,
2539 1618 2599 1674 id
2637 1624 2743 1688 est,
2771 1619 3030 1676 interiori
3058 1619 3253 1676 cordis
3299 1624 3545 1692 aspectu
3573 1637 3586 1673 :
3621 1635 3729 1691 per
3755 1619 3868 1676 has

2211 1707 2452 1762 virtutes
2473 1707 2821 1774 invisibiles,
2854 1714 3168 1764 moventur
3194 1709 3468 1764 membra
3509 1708 3820 1764 visibiliter
3851 1727 3864 1765 :

2211 1796 2396 1868 pedes
2437 1795 2512 1852 ad
2567 1796 3004 1853 ambulandum
3038 1816 3051 1864 ;
3086 1797 3187 1852 sed
3220 1813 3342 1869 quo
3367 1797 3394 1851 ?
3441 1797 3568 1865 Quo
3609 1798 3868 1854 moverit

2209 1882 2374 1939 bona
2387 1883 2832 1956 voluntas,qua2
2866 1885 3072 1941 militat
3088 1885 3627 1956 bouoimperatori.
3655 1888 3866 1942 Manus

2210 1972 2288 2028 ad
2307 1973 2718 2044 operandam;
2750 1974 2857 2029 sed
2879 1975 3024 2046 quid
3047 1973 3073 2030 ?
3114 1975 3283 2040 Quod
3299 1975 3542 2046 jusserit
3571 1974 3862 2041 charitas,

2210 2077 2344 2133 quae
2375 2062 2664 2133 inspirata
2687 2069 2778 2118 est
2806 2063 2964 2119 intus
3006 2079 3042 2119 a
3083 2063 3298 2136 Spiritu
3327 2068 3554 2119 sancto.
3602 2063 3864 2121 Membra

2210 2165 2352 2220 ergo
2382 2151 2660 2206 videntur
2685 2167 2822 2207 cum
2842 2157 3158 2208 moventur
3187 2168 3200 2218 ;
3229 2153 3330 2225 qui
3346 2152 3517 2223 jubet
3536 2152 3866 2221 intus,non

2208 2239 2461 2295 videtur.
2493 2243 2558 2296 Et
2587 2240 2718 2312 quis
2751 2240 2908 2295 intus
2932 2241 3168 2313 jubeat,
3191 2256 3378 2312 prope
3405 2241 3533 2312 ipse
3565 2240 3731 2296 solus
3761 2257 3866 2297 no-

2207 2329 2289 2385 vit
2318 2329 2418 2401 qui
2441 2329 2704 2400 jubet,et
2728 2329 2821 2385 ille
2841 2331 2998 2385 intus
3022 2330 3392 2403 cuijubetur.

2278 2457 2330 2508 2.
2367 2455 2654 2526 Namque,
2682 2452 3182 2524 fratres,audistis
3217 2452 3575 2519 modo,cum
3594 2453 3864 2524 Evange-

2203 2541 2350 2598 lium
2364 2542 2652 2613 legeretur
2676 2548 2858 2609 ;certe
2873 2543 2921 2596 si
2940 2559 3146 2598 aurem
3163 2542 3240 2598 ibi
3265 2557 3384 2598 non
3402 2547 3633 2598 tantum
3649 2558 3858 2614 corpo-

2203 2631 2302 2696 ris,
2333 2631 2437 2686 sed
2469 2637 2522 2686 et
2553 2632 2748 2687 cordis
2775 2632 3249 2697 habuistis.Quid
3283 2631 3630 2688 ait?Cavete
3651 2633 3860 2701 facere

2191 2721 2476 2791 justitiam
2495 2729 2748 2778 vestram
2764 2738 2963 2778 coram
2989 2722 3413 2788 hominibus,ut
3437 2721 3769 2777 videamini
3784 2722 3860 2778 ab

2202 2812 2282 2867 eis
2313 2810 3019 2883 (Matth.vr,l).Numquid
3038 2810 3153 2866 hoc
3183 2810 3368 2866 voluit
3391 2810 3854 2882 dicere,utquee-

2199 2913 2457 2970 cumque
2474 2897 2638 2953 bona
2662 2897 2938 2964 facimus,
2975 2898 3426 2954 abscondamus
3445 2898 3522 2955 ab
3535 2899 3726 2955 oculis
3751 2899 3857 2956 ho-

2199 2987 2453 3057 minum,
2485 2991 2543 3042 et
2569 2988 2886 3043 timeamus
2907 2987 3129 3044 videri?
3171 2988 3226 3044 Si
3261 2987 3430 3044 times
3460 2993 3852 3060 spectatores,

2197 3091 2321 3132 non
2347 3076 2598 3132 habebis
2617 3076 2972 3135 imitatores:
3007 3077 3192 3132 debes
3209 3093 3351 3148 ergo
3367 3077 3569 3133 videri.
3596 3077 3712 3134 Sed
3726 3092 3852 3134 non

2196 3165 2272 3222 ad
2288 3165 2596 3222 bocdebes
2614 3165 2805 3221 facere
2828 3170 2889 3220 ut
2916 3165 3198 3222 videaris.
3230 3169 3356 3222 Non
3398 3166 3478 3222 ibi
3499 3166 3681 3222 debet
3714 3182 3847 3222 esse

2197 3253 2335 3309 ﬁnis
2362 3254 2685 3324 gaudiitui,
2705 3270 2825 3310 non
2843 3254 2924 3310 ibi
2947 3255 3454 3311 terminuslaetitiae
3488 3261 3622 3319 tuae,
3655 3261 3722 3311 ut
3747 3273 3856 3328 pu-

2197 3349 2280 3400 tes
2303 3347 2356 3398 et
2390 3348 2576 3399 totum
2600 3343 2853 3399 fructum
2871 3349 3261 3400 consecutum
3296 3360 3425 3400 esse
3465 3344 3605 3400 boni
3647 3346 3855 3418 operis

2195 3433 2298 3497 tui,
2327 3448 2463 3486 cum
2493 3433 2649 3487 visus
2691 3431 2870 3487 fueris
2886 3437 3064 3504 atque
3083 3433 3379 3490 laudatus.
3421 3433 3576 3489 Nihil
3606 3440 3698 3490 est
3712 3434 3850 3490 hoc.

2196 3521 2517 3577 Contemne
2548 3528 2601 3576 te
2632 3537 2768 3576 cum
2795 3520 3054 3578 laudaris
3087 3538 3099 3576 :
3131 3521 3226 3578 ille
3259 3523 3316 3578 in
3348 3527 3402 3578 te
3425 3522 3724 3591 laudetur,
3747 3523 3854 3595 qui

2197 3625 2301 3681 per
2327 3614 2380 3666 te
2403 3616 2702 3682 operatur.
2725 3609 2855 3666 Noli
2875 3627 3016 3682 ergo
3031 3610 3107 3667 ad
3137 3611 3377 3667 laudem
3413 3617 3575 3668 tuam
3613 3612 3854 3684 operari

2195 3699 2354 3771 quod
2384 3699 2613 3755 bonum
2634 3699 2783 3769 agis,
2815 3699 2919 3755 sed
2933 3699 3010 3756 ad
3023 3700 3432 3756 laudemillius
3474 3716 3644 3773 aquo
3662 3701 3854 3758 habes

2196 3794 2260 3844 ut
2274 3789 2501 3844 bonum
2517 3805 2685 3860 agas.
2702 3788 2818 3844 Abs
2842 3793 2894 3844 te
2913 3788 3101 3845 habes
3131 3790 3288 3846 male
3313 3806 3512 3860 agere,
3539 3806 3574 3846 a
3597 3793 3715 3847 Deo
3742 3791 3851 3848 ha-

2197 3879 2303 3934 bes
2358 3879 2509 3934 bene
2552 3893 2750 3948 agere.
2792 3877 3008 3934 Contra
3040 3879 3300 3951 perversi
3333 3880 3610 3936 homines
3652 3879 3854 3936 videte

2196 3983 2382 4040 quam
2414 3968 2755 4039 praeposteri
2788 3967 2921 4023 sint.
2961 3968 3129 4034 Quod
3154 3967 3378 4026 faciunt
3431 3971 3602 4034 bene,
3643 3969 3855 4026 volunt

2198 4057 2308 4112 sibi
2341 4056 2670 4112 tribuere:si
2699 4057 2854 4113 male
2876 4056 3121 4122 faciunt,
3149 4057 3336 4114 Deum
3380 4057 3576 4115 volunt
3608 4074 3855 4115 accusa-

2198 4161 2279 4202 re.
2304 4147 2588 4200 Converte
2616 4145 2730 4200 hoc
2759 4145 3072 4201 distortum
3103 4147 3304 4202 nescio
3332 4147 3476 4220 quid
3506 4153 3558 4203 et
3583 4163 3855 4220 praepos-

2198 4238 2410 4299 terum,
2443 4231 2666 4288 faciens
2684 4233 2828 4288 illud
2851 4233 3304 4305 quodammodo
3320 4235 3513 4307 capite
3528 4235 3847 4292 deorsum:

2197 4323 2581 4396 quodsusum
2611 4323 2653 4390 ³,
2685 4322 2908 4377 faciens
2937 4324 3142 4394 jusum
3178 4341 3190 4391 ;
3229 4325 3394 4396 quod
3424 4325 3732 4390 deorsum,
3769 4325 3853 4382 fa-

2198 4413 2361 4467 ciens
2394 4412 2867 4467 sursumJusum
2883 4414 2970 4466 vis
2998 4412 3188 4469 facere
3203 4413 3482 4480 Deum,et
3507 4422 3558 4469 te
3591 4432 3801 4470 susum
3824 4417 3852 4471 ‘I

2200 4501 2612 4572 Praecipitaris,
2639 4515 2758 4555 non
2794 4500 3044 4556 elevaris
3075 4519 3087 4556 :
3121 4502 3214 4557 ille
3254 4503 3414 4559 enim
3438 4519 3675 4575 semper
3717 4521 3851 4559 sur-

2199 4606 2330 4644 sum
2364 4595 2468 4644 cst.
2503 4588 2656 4654 Quid
2678 4595 2858 4659 ergo?
2893 4595 2953 4645 tu
2985 4590 3157 4660 bene,
3189 4598 3244 4646 et
3278 4595 3429 4648 Deus
3459 4592 3611 4648 male
3642 4591 3672 4647 ?
3721 4592 3852 4649 Imo

2197 4679 2310 4734 hoc
2337 4677 2450 4742 dic,
2482 4677 2531 4731 si
2564 4678 2650 4732 vis
2674 4678 2866 4732 verius
2894 4678 3108 4733 dicere.
3147 4683 3266 4748 Ego
3298 4680 3476 4744 male,
3525 4681 3618 4737 ille
3653 4680 3851 4753 bene;

2197 4767 2434 4840 etquod
2465 4781 2575 4835 ego
2602 4767 2772 4832 bene,
2807 4767 2884 4822 ab
2916 4767 3012 4822 illo
3044 4769 3235 4824 bene:
3285 4786 3424 4825 nam
3470 4786 3504 4824 a
3543 4786 3637 4825 me
3668 4771 3849 4844 quid-

2196 4857 2340 4929 quid
2355 4871 2468 4925 ago
2487 4856 2659 4912 male.
2696 4856 2814 4911 Ista
2839 4856 3138 4912 confessio
3161 4857 3359 4913 firmat
3389 4873 3509 4924 cor,
3532 4865 3590 4914 et
3614 4859 3851 4917 facitdi-

2195 4944 2461 5000 lectionis
2488 4944 2968 5000 fundamentum.
3003 4947 3151 5001 Nam
3193 4947 3238 5000 si
3287 4961 3472 5018 Opera
3508 4955 3715 5004 nostra
3747 4950 3848 5005 ab-

2197 5034 2483 5090 scondere
2497 5035 2708 5089 debein
2721 5051 2786 5088 us
2801 5035 2981 5099 bona,
2999 5051 3067 5090 ne
3085 5035 3361 5091 vidantur
3375 5035 3452 5091 ab
3465 5036 3816 5094 hominibus
3833 5055 3846 5098 :

2196 5124 2297 5179 ubi
2317 5123 2512 5179 estilla
2535 5124 2826 5179 sententia
2841 5124 3068 5178 Domini
3089 5123 3148 5180 in
3167 5140 3235 5179 eo
3250 5140 3522 5181 sermone
3539 5141 3722 5197 quem
3745 5127 3850 5183 ha-

2196 5211 2324 5269 buit
2345 5213 2403 5268 in
2427 5214 2668 5269 monte?
2697 5213 2802 5268 Ubi
2819 5213 2930 5268 hoc
2953 5213 3121 5280 dixit,
3141 5214 3220 5269 ibi
3242 5219 3294 5268 et
3317 5214 3461 5269 illud
3489 5215 3672 5286 paulo
3711 5222 3846 5272 ante

2259 5372 2272 5402 ¹
2305 5369 2387 5418 Er.
2423 5368 2589 5431 Lugd.
2622 5367 2760 5418 Ven.
2799 5369 2927 5420 Lov.
2967 5369 3098 5431 quod
3124 5369 3170 5416 ei
3193 5369 3373 5431 placet.

2257 5435 2275 5464 ²
2305 5431 2518 5495 Aliquot
2552 5432 2678 5495 Mss.
2704 5445 2798 5495 pro
2825 5446 2920 5493 quo
2945 5446 3116 5479 susum
3144 5446 3162 5491 ;
3193 5431 3405 5489 habent,
3443 5433 3576 5495 quod
3601 5447 3802 5484 sursum
3827 5449 3843 5484 .'

2195 5497 2247 5542 et
2273 5494 2412 5543 mox'
2430 5495 2622 5556 faciem
2652 5494 2885 5542 deorsum
2913 5510 2928 5544 ;
2959 5508 3074 5557 pro,
3099 5495 3289 5555 faciens
3311 5494 3501 5557 jusum.
3531 5495 3616 5545 Sic
3652 5510 3844 5546 sonare

2195 5557 2449 5619 barbaras
2484 5557 2602 5606 illas
2624 5570 2781 5606 voces
2807 5561 3047 5606 constare
3061 5557 3384 5606 exantithesi
3401 5562 3843 5619 poterat,necnon

2196 5632 2259 5668 ex
2289 5617 2406 5668 loco
2438 5619 2711 5677 Tract.-10,
2749 5634 2807 5673 n.
2850 5621 2877 5668 8
2907 5634 2916 5668 :
2955 5637 2979 5665 α
3016 5620 3210 5670 Susum
3244 5633 3329 5670 me
3372 5617 3622 5678 h'onoras,
3654 5622 3842 5688 jusum

2197 5694 2283 5731 me
2307 5680 2499 5731 calcas.
2525 5699 2550 5728 »

2197 5694 2283 5733 me
2307 5693 2499 5734 calcas.
2525 5699 2550 5728 »
