4164 6184
339 118 486 177 ὒο37

329 241 523 299 dixit:
556 242 822 302 Luceant
849 258 1031 314 opera
1083 251 1282 304 vestra
1304 245 1457 304 bona
1496 260 1695 304 coram
1733 245 1979 302 homini-

333 331 457 388 bus.
482 333 547 388 Et
572 347 696 387 non
734 332 819 389 ibi
848 334 1124 399 cessavit,
1164 350 1288 391 non
1324 334 1404 391 ibi
1433 334 1616 393 ﬁnem
1662 334 1793 390 fecit
1827 351 1839 400 ;
1874 333 1979 389 sed

330 420 586 488 addidit,
609 421 691 478 Et
709 423 1043 493 gloriﬁcent
1064 422 1300 482 Patrem
1336 434 1587 482 vestrum
1601 424 1704 496 qui
1738 426 1798 479 in
1819 424 1981 481 caelis

317 517 413 569 est
428 510 665 583 (Matth.
688 528 741 579 v,
770 512 879 583 t6).
902 512 1296 584 EtApostolus
1321 514 1464 586 quid
1486 514 1615 570 ait?
1645 514 1833 569 Eram
1870 528 1977 568 au-

328 606 443 657 tem
457 599 691 672 ignotus
713 600 879 670 facie
904 602 1183 658 Ecclesiis
1220 602 1459 670 Iudaea,
1495 618 1627 675 qum
1646 603 1705 658 in
1743 602 1979 660 Christo

326 694 502 746 sunt:
539 694 773 745 tantum
801 698 997 747 autem
1027 691 1333 749 audientes
1353 694 1682 764 erantquia
1719 692 1824 763 qui
1873 706 1980 747 nos

326 778 657 849 aliquando
690 779 1175 851 persequebatur,
1216 796 1378 838 nunc
1411 782 1778 852 euangelizat
1800 780 1979 848 ﬁdem

325 881 509 938 quam
535 868 865 939 aliquando
891 870 1163 937 vastabat
1185 888 1205 935 ;
1230 877 1282 927 et
1307 870 1370 926 in
1398 886 1489 928 me
1511 869 1980 941 magniﬁcabant

332 955 517 1013 Deum
542 955 767 1027 (Galal.
802 974 840 1027 1,
885 958 1094 1029 22-24).
1139 958 1336 1014 Videte
1370 958 1891 1031 quemadmodum
1924 962 1982 1014 et

326 1044 478 1117 ipse,
502 1044 1030 1116 quiasicinnotuit,
1054 1048 1234 1104 tinem
1248 1063 1366 1104 non
1382 1048 1713 1120 posueritin
1734 1046 1975 1105 laudem

331 1149 531 1199 suam,
565 1133 669 1190 sed
701 1135 759 1190 in
788 1134 1029 1192 laudem
1064 1136 1186 1193 Dei.
1234 1140 1299 1193 Et
1319 1142 1615 1209 quantum
1657 1136 1735 1192 ad
1774 1137 1976 1208 ipsum

328 1223 602 1294 pertinet,
629 1228 887 1280 vastator
901 1224 1190 1291 Ecclesiae,
1206 1230 1549 1297 persecutor
1570 1225 1831 1294 invidus,
1854 1240 1981 1281 ma.

327 1311 556 1381 lignus,
574 1312 700 1383 ipse
713 1313 1044 1379 confitetur,
1078 1329 1200 1370 non
1231 1330 1341 1370 nos
1355 1314 1784 1371 conviciamur.
1802 1315 1977 1372 Amat

329 1400 675 1456 Paulusdici
705 1401 931 1458 anobis
953 1408 1200 1474 peccata
1234 1419 1365 1469 sua,
1407 1409 1466 1459 ut
1490 1403 1849 1475 gloriﬁcatur
1876 1403 1975 1460 ille

324 1488 433 1561 qui
472 1488 653 1546 talem
693 1489 973 1548 morbum
1027 1493 1281 1549 sanavit.
1317 1492 1782 1564 Magnitudinem
1813 1492 1974 1549 enim

316 1577 584 1635 vulneris
616 1594 834 1635 manus
866 1580 1081 1637 medici
1105 1582 1311 1648 secuit,
1344 1586 1402 1638 et
1424 1583 1683 1639 sanavit.
1718 1583 1847 1638 Vox
1873 1581 1973 1638 illa

314 1666 392 1723 de
408 1666 560 1724 caelo
582 1668 873 1739 postravit
903 1676 1365 1741 persecutorem,
1385 1676 1440 1727 et
1461 1671 1645 1728 erexit
1681 1671 1973 1744 praedica~

323 1760 512 1814 torem
530 1772 546 1823 ;
562 1756 780 1814 occidit
807 1758 1077 1824 Saulum,
1108 1764 1165 1816 et
1186 1760 1506 1817 viviﬁcavit
1541 1759 1791 1815 Paulum
1809 1759 1963 1831 (Act.

318 1845 572 1917 ix).Saﬁl
589 1845 750 1902 enim
780 1853 1127 1918 persecutor
1146 1853 1271 1905 erat
1298 1850 1484 1906 sancti
1503 1849 1657 1921 viri(l
1680 1849 1964 1920 Reg.xtx);

313 1932 460 1990 inde
502 1949 725 1990 nomen
748 1934 1010 1992 habebat
1038 1937 1148 1993 iste
1190 1937 1440 2009 quando
1494 1936 1968 2010 persequebatur

313 2022 718 2083 Christianos:
746 2024 1039 2095 posteade
1056 2025 1233 2083 Saulo
1251 2025 1447 2083 factus
1472 2032 1563 2082 est
1591 2025 1964 2095 Paulus(Act.

311 2110 655 2183 xu,9).Quid
667 2117 756 2168 est
769 2111 1966 2186 Paulus?Modicus.ErgoquandoSaulus,

316 2200 836 2272 superbus,elatus
852 2217 866 2256 :
881 2202 1127 2273 quando
1142 2201 1649 2268 Paulus,humilis,
1665 2203 1963 2259 modicus.

316 2287 461 2345 Ideo
473 2287 557 2344 sic
585 2288 907 2362 loquimur,
941 2290 1125 2346 Paulo
1144 2295 1277 2362 post
1302 2291 1518 2348 videbo
1550 2295 1622 2356 te.
1645 2290 1707 2347 id
1720 2295 1970 2363 est,post

312 2377 976 2452 modicum.Audiquia
1001 2379 1276 2436 modicus
1308 2381 1625 2437 factusest:
1659 2381 1784 2451 Ego
1812 2382 1967 2438 enim

312 2482 443 2525 sum
473 2467 756 2523 minimus
783 2468 1201 2538 Apostolorum
1224 2470 1272 2541 (Ι
1306 2470 1438 2526 Cor.
1469 2486 1569 2535 xv,
1605 2470 1663 2541 9}
1688 2474 1796 2535 ;et,
1817 2464 1969 2527 Mihi

312 2555 557 2613 minimo
585 2558 849 2613 omnium
875 2565 1239 2626 sanctorum,
1268 2559 1409 2615 dicit
1430 2559 1547 2616 alio
1568 2559 1699 2616 loco
1721 2558 1959 2630 (Ephes.

314 2662 394 2711 ιιι,
426 2645 602 2713 8).Sic
616 2646 904 2702 eratinter
932 2647 1545 2720 Apostolostanquam
1571 2648 1808 2705 timbria
1838 2664 1962 2703 ves-

313 2732 587 2790 timenti:
623 2734 728 2790 sed
752 2734 936 2805 tetigit
965 2735 1222 2792 Ecclesia
1244 2735 1519 2792 Gentium
1555 2735 1969 2808 tanquamilu~

318 2837 462 2878 xum
485 2823 744 2895 patiens,
776 2828 833 2879 et
850 2830 1162 2881 sanataest
1193 2825 1424 2894 (Matth.
1446 2841 1523 2891 ix,
1544 2826 1750 2896 20~22).

385 2940 438 2993 3.
484 2940 656 3008 Ergo,
701 2938 931 3009 fratres,
959 2939 1073 2996 hoc
1117 2939 1393 3003 dixerim,
1425 2940 1539 2996 hoc
1569 2940 1724 3005 dico,
1775 2939 1890 2997 hoc
1916 2940 1965 2998 si

312 3041 553 3100 possem
573 3042 697 3086 non
723 3031 978 3085 tacerem
996 3044 1009 3084 :
1025 3043 1207 3099 opera
1228 3027 1410 3085 modo
1426 3028 1524 3085 illa
1550 3028 1665 3084 sint
1688 3029 1749 3083 in
1772 3028 1962 3096 vobis,

311 3115 501 3172 modo
513 3116 634 3183 illa,
649 3131 757 3188 pro
770 3121 886 3172 tem
897 3131 1059 3188 pore,
1080 3132 1190 3189 pro
1202 3116 1390 3180 horis.
1408 3132 1517 3190 pro
1534 3116 1768 3173 diebus.
1787 3118 1967 3175 Numo

309 3203 458 3277 quid
481 3219 719 3276 semper
736 3205 900 3278 loqui
919 3203 1259 3277 ?numquid
1281 3221 1519 3277 semper
1540 3210 1729 3263 tacere
1749 3204 1777 3260 7
1793 3221 1967 3262 num.

307 3292 458 3365 quid
477 3308 714 3365 semper
726 3292 965 3350 reﬁcere
977 3293 1235 3366 corpus?
1246 3294 1539 3366 numquid
1559 3309 1796 3365 semper
1806 3294 1885 3365 jej
1896 3310 1965 3349 u-

308 3380 785 3455 nare‘tnumquid
798 3397 1035 3453 semper
1047 3398 1267 3454 panem
1280 3382 1423 3439 dare
1436 3382 1965 3455 egenti‘tnumquid

309 3485 554 3541 semper
586 3471 819 3527 nudum
850 3471 1097 3527 vestire?
1120 3472 1416 3545 numquid
1446 3487 1682 3544 semper
1708 3478 1965 3543 aigrotos

307 3556 875 3632 visitare‘l'numquid
891 3575 1129 3631 semper
1140 3560 1552 3616 discordantes
1569 3558 1966 3617 concordare?

307 3646 608 3719 numquid
623 3662 685 3703 se
695 3663 863 3718 mper
876 3652 1133 3705 mortuos
1147 3646 1604 3720 sepelireilttodo
1616 3647 1781 3715 illud,
1792 3649 1963 3706 modo

302 3732 844 3791 illud.Inchoantur
862 3736 993 3801 ista,
1014 3740 1072 3792 et
1086 3741 1347 3792 cessant:
1368 3735 1463 3792 ille
1483 3740 1686 3792 autem
1707 3736 1963 3807 impera-

307 3825 422 3888 tor,
440 3838 549 3880 nec
570 3823 905 3892 inchoatur,
921 3840 1031 3881 nec
1051 3840 1291 3882 cessare
1311 3825 1508 3881 debet.
1524 3824 1961 3881 Charitasintus

306 3927 430 3968 non
472 3913 892 3971 intermittatur
925 3931 937 3968 :
971 3914 1167 3972 ofﬁcia
1208 3915 1512 3971 charitatis
1555 3930 1663 3986 pro
1694 3919 1960 3987 tempore

294 4002 716 4079 pxhibeantur.
735 4003 1017 4061 Charitas
1042 4019 1204 4075 ergo,
1220 4004 1369 4060 sicut
1391 4003 1677 4075 scriptum
1699 4008 1804 4069 est,
1826 4005 1962 4074 fra-

303 4096 479 4148 terna
507 4100 856 4162 permaneat
887 4093 1094 4164 (Hebr.
1123 4109 1246 4160 xui,
1279 4094 1341 4165 ι).

377 4210 432 4262 4.
462 4207 746 4264 Fortassis
777 4212 979 4264 autem
1014 4207 1269 4265 moverit
1299 4207 1531 4281 aliquos
1563 4212 1852 4280 vestrum,
1887 4224 1960 4266 ex

309 4310 435 4369 quo
451 4295 626 4352 istam
648 4296 977 4368 Epistolam
996 4297 1153 4353 beati
1165 4296 1407 4353 Joannis
1424 4302 1750 4355 tractamus
1763 4298 1956 4365 vobis,

303 4399 496 4457 quare
516 4399 638 4441 non
662 4385 1178 4442 commendaverit
1205 4384 1465 4441 maxime
1492 4386 1608 4441 nisi
1634 4385 1959 4444 fraternam

304 4472 680 4530 charitatem.
702 4475 816 4543 Qui
828 4474 1031 4545 diligit
1042 4475 1302 4545 fratrem
1320 4474 1551 4546 ([Joan.
1578 4491 1640 4539 ιι,
1661 4477 1767 4541 tO),
1788 4476 1956 4543 dicit;

305 4563 764 4632 et,Prteceptum
778 4562 947 4619 nobis
958 4567 1039 4619 est
1054 4564 1283 4628 datum,
1300 4567 1361 4618 ut
1374 4563 1696 4634 diligamus
1708 4565 1773 4620 in
1781 4565 1960 4622 vicem

304 4650 886 4723 (Id.m,23).Assidue
900 4651 1234 4708 nominavit
1245 4652 1597 4709 charitatem
1612 4652 1958 4711 fraternam:

309 4740 409 4796 Dei
432 4744 632 4796 autem
655 4740 1027 4807 charitatem,
1055 4740 1115 4797 id
1141 4746 1229 4797 est
1252 4757 1376 4813 qua
1391 4741 1683 4798 debemus
1712 4742 1961 4812 diligere

309 4828 523 4897 Deum,
546 4843 668 4885 non
691 4834 811 4885 tam
834 4829 1078 4886 assidue
1102 4829 1468 4897 nominavit;
1494 4830 1599 4887 sed
1620 4836 1817 4887 tamen
1840 4847 1962 4888 non

306 4919 557 4975 omnino
584 4918 786 4976 tacuit.
823 4922 900 4975 De
933 4919 1158 4975 inimici
1185 4936 1329 4976 vero
1353 4920 1670 4976 dilectione
1718 4936 1963 4993 prorsus

305 5008 491 5064 tacuit
509 5023 691 5080 prope
712 5023 816 5080 per
835 5013 1021 5065 totam
1043 5009 1243 5081 ipsam
1258 5008 1601 5080 Epistolam.
1622 5012 1767 5065 Cum
1790 5011 1963 5067 vehe-

307 5102 539 5153 menter
554 5096 727 5153 nobis
747 5098 1045 5170 praedicet,
1065 5098 1567 5170 commendetque
1588 5098 1961 5167 cbaritatem,

306 5200 433 5242 non
447 5184 622 5241 nobis
636 5185 778 5243 dicit
791 5186 1182 5258 utdiligamus
1196 5187 1499 5253 inimicos;
1519 5187 1624 5244 sed
1636 5187 1776 5244 dicit
1789 5189 1964 5245 nobis

310 5278 377 5329 ut
387 5272 597 5331 fratres
609 5272 953 5345 diligamus.
976 5276 1146 5332 Modo
1166 5291 1305 5332 vero
1327 5291 1464 5331 cum
1482 5275 1861 5347 Evangelium
1888 5276 1968 5332 le-

314 5368 571 5433 geretur,
585 5363 948 5426 audivimus,
962 5363 1190 5421 Sienim
1205 5364 1456 5435 diligitis
1468 5380 1562 5421 eos
1586 5366 1689 5437 qui
1716 5379 1814 5421 vos
1829 5364 1968 5421 dili-

318 5459 490 5523 gunt,
506 5467 684 5525 quam
706 5453 1026 5510 mercedem
1043 5453 1370 5510 habebitis?
1383 5470 1578 5511 nonne
1589 5457 1644 5510 et
1656 5452 1971 5521 publicani

320 5541 429 5598 hoc
438 5541 677 5610 faciunt
692 5541 932 5614 (Matth.
958 5558 1015 5607 v,
1037 5543 1128 5614 46)
1143 5542 1171 5598 ‘i
1193 5542 1343 5610 Quid
1368 5547 1455 5599 est
1475 5542 1651 5614 igitur
1673 5542 1839 5615 quod
1865 5558 1969 5614 pro

285 5644 301 5697 ε
318 5640 548 5703 magno
569 5629 744 5690 nobis
760 5629 839 5689 ad
856 5630 1278 5705 perfectionem
1295 5632 1631 5706 quamdam
1644 5631 1973 5692 fraternam

1542 115 1970 178 TRACTATUS
2011 112 2161 179 γιιι.
2205 116 2438 176 CAPUT
2475 119 2569 176 IV.

3604 122 3745 177 9038

2091 242 2471 301 dilectionem
2497 243 2879 302 commendat
2898 243 3156 301 Joannes
3182 247 3489 317 apostolus
3515 269 3526 314 ;
3548 247 3744 303 Domi-

2091 347 2205 389 nus
2226 338 2426 390 autem
2448 334 2588 390 dicit
2609 350 2727 390 non
2746 333 2920 390 nobis
2938 333 3211 389 sufﬁcere
3235 339 3297 389 ut
3314 335 3520 390 fratres
3534 337 3743 407 diliga-

2089 436 2246 487 mus,
2278 422 2383 478 sed
2410 423 2625 478 debere
2650 438 2759 478 nos
2784 424 3100 481 extendere
3123 423 3319 495 ipsam
3342 424 3737 492 dilectionem,

2089 516 2154 568 ut
2182 512 2600 582 perveniamus
2621 511 2697 568 ad
2728 512 2999 567 inimicos
3024 512 3050 567 ?
3075 514 3183 577 Qui
3213 528 3405 584 usque
3436 513 3511 568 ad
3546 514 3742 568 inimi-

2088 615 2188 656 cos
2203 600 2489 671 pervenit,
2514 616 2631 657 non
2653 601 2907 656 transilit
2931 603 2945 636 ¹
2968 601 3196 657 fratres.
3225 605 3471 657 Necesse
3485 606 3571 657 est
3592 603 3742 658 sicut

2088 688 2265 758 ignis.
2299 689 2463 760 prius
2506 694 2757 761 occupet
2796 690 3091 761 proxima,
3121 695 3175 745 et
3215 691 3296 745 sic
3329 706 3391 745 se
3424 691 3478 746 in
3511 691 3741 760 longin-

2087 777 2300 852 quiora
2325 777 2642 834 distendat.
2674 777 3068 850 Propinquior
3092 784 3176 833 est
3205 778 3305 834 tibi
3338 778 3519 834 frater
3551 795 3737 851 quam

2086 866 2288 922 nescio
2314 867 2450 938 quis
2482 866 2688 922 homo.
2720 869 2945 921 Rursus
2976 866 3076 922 tibi
3111 868 3305 938 magis
3347 868 3611 923 adhaeret
3644 869 3736 924 ille

2087 970 2269 1025 quem
2292 970 2411 1011 non
2443 971 2718 1026 noveras,
2741 956 2842 1028 qui
2863 956 2965 1010 tibi
2994 961 3191 1011 tamen
3224 971 3341 1011 non
3369 957 3735 1023 adversatur,

2087 1058 2272 1115 quam
2303 1044 2577 1100 inimicus
2607 1045 2712 1117 qui
2744 1045 2923 1100 etiam
2953 1044 3322 1101 adversatur.
3371 1046 3629 1101 Extende
3661 1047 3738 1101 di-

2083 1130 2399 1189 lectionem
2431 1133 2491 1188 in
2525 1134 2851 1205 proximos,
2886 1148 2994 1188 nec
3032 1144 3206 1189 voces
3239 1133 3403 1189 illam
3446 1135 3735 1189 extensio-

2085 1235 2245 1277 nem.
2272 1223 2456 1293 Prope
2488 1223 2645 1276 enim
2674 1228 2727 1276 te
2748 1222 2969 1291 diligis,
3002 1224 3105 1293 qui
3139 1238 3240 1276 eos
3273 1222 3467 1292 diligis
3497 1222 3602 1295 qui
3637 1222 3736 1277 tibi

2085 1309 2409 1367 adhaerent.
2459 1310 2718 1372 Extende
2751 1310 2825 1366 ad
2852 1311 3108 1380 ignotos,
3145 1311 3249 1383 qui
3281 1311 3383 1365 tibi
3416 1312 3562 1368 nihil
3597 1312 3737 1368 mali

2085 1396 2369 1455 iecerunt.
2405 1400 2779 1455 Transeende
2806 1404 2861 1455 et
2891 1400 3051 1471 ipsos
3078 1417 3089 1465 ;
3120 1400 3380 1472 perveni,
3429 1405 3490 1454 ut
3520 1400 3735 1470 diligas

2083 1487 2378 1546 inimicos.
2414 1490 2531 1543 Hoc
2558 1492 2712 1544 certe
2746 1488 3033 1545 Dominus
3063 1487 3251 1558 jubet.
3288 1489 3482 1553 Quare
3514 1488 3620 1543 iste
3653 1494 3736 1545 ta-

2082 1578 2203 1633 cuit
2234 1576 2308 1632 de
2338 1577 2658 1633 dilectione
2686 1577 2913 1631 inimici
2945 1576 2972 1631 ?

2153 1666 2205 1720 5.
2237 1666 2440 1723 Omnis
2464 1666 2719 1731 dilectio,
2750 1666 2872 1721 sive
2902 1681 3037 1737 quas
3062 1665 3320 1722 carnalis
3342 1666 3574 1731 dicitur,
3598 1682 3736 1738 quae

2081 1769 2203 1811 non
2228 1754 2483 1819 dilectio,
2510 1754 2612 1811 sed
2647 1755 2836 1825 magis
2868 1769 3039 1810 amor
3064 1755 3349 1810 dictsolet
3380 1755 3735 1824 (dilectibnis

2079 1843 2241 1903 enim
2264 1860 2483 1901 nomen
2499 1845 2691 1914 magis
2705 1845 2922 1903 solelin
2946 1844 3293 1901 melioribus
3316 1845 3495 1900 rebus
3516 1845 3655 1910 dici,
3676 1846 3735 1904 in

2081 1932 2426 1989 melioribus
2439 1934 2880 2006 accipi):tamen
2896 1934 3091 1989 omnis
3105 1933 3361 2002 dilectio,
3376 1932 3585 1990 fratres
3600 1935 3733 1989 cha-

2078 2021 2317 2091 rissimi,
2334 2020 2536 2093 utique
2553 2021 3031 2081 benevolentiam
3054 2023 3383 2094 quamdam
3400 2022 3574 2078 habet
3590 2038 3734 2093 erga

2078 2125 2184 2166 eos
2210 2110 2314 2182 qui
2340 2109 2686 2181 diliguntur.
2711 2114 2837 2167 Non
2870 2111 3032 2167 enim
3058 2112 3144 2167 sic
3170 2111 3462 2168 debemus
3491 2112 3736 2181 diligere

2078 2198 2374 2265 homines,
2391 2203 2495 2255 aut
2518 2200 2601 2256 sic
2626 2213 2948 2270 possumus
2972 2200 3233 2271 diligere,
3257 2201 3343 2257 vel
3366 2217 3598 2267 amare;
3620 2201 3734 2256 hoc

2079 2288 2237 2343 enim
2254 2287 2436 2344 verbo
2455 2288 2628 2344 etiam
2648 2305 2790 2344 usus
2807 2292 2901 2345 est
2919 2289 3206 2344 Dominus
3223 2305 3359 2345 cum
3374 2290 3610 2353 diceret,
3632 2292 3735 2346 Pe-

2075 2382 2190 2442 tre,
2206 2392 2372 2434 amas
2385 2377 2685 2450 me(.loan.
2704 2393 2819 2443 xxi,
2843 2378 2967 2448 t7)?
2983 2392 3102 2433 non
3119 2379 3203 2433 sic
3216 2377 3507 2433 debemus
3529 2393 3732 2433 amare

2080 2465 2373 2533 homines,
2402 2466 2713 2539 quomodo
2743 2466 3025 2524 audimus
3057 2467 3299 2535 gulosos
3338 2467 3555 2531 dicere,
3584 2471 3733 2523 Amo

2079 2554 2308 2612 turdos.
2345 2554 2570 2621 Quaeris
2596 2570 2783 2627 quare
2804 2555 2832 2610 ‘t
2861 2557 2927 2611 Ut
2952 2555 3205 2620 occidat,
3229 2561 3282 2610 et
3307 2561 3641 2610 consumat.
3674 2558 3736 2612 Et

2076 2658 2284 2699 amare
2297 2660 2357 2700 se
2371 2643 2601 2713 dicit,et
2616 2643 2691 2699 ad
2707 2644 2820 2699 hoc
2833 2643 2967 2699 illos
2983 2649 3147 2700 amat
3162 2648 3227 2698 ut
3244 2659 3363 2699 non
3381 2644 3517 2709 sint,
3536 2643 3611 2698 ad
3626 2644 3739 2700 hoc

2078 2735 2243 2789 amat
2259 2735 2319 2789 ut
2334 2730 2989 2804 perimat.thuidquid
3002 2732 3080 2788 ad
3094 2732 3419 2788 cibandum
3434 2748 3737 2799 amamus,

2076 2820 2156 2876 ad
2174 2820 2289 2877 hoc
2310 2837 2609 2889 amamus,
2632 2826 2694 2877 ut
2713 2821 2857 2876 illud
2875 2826 3287 2887 consumatur,
3311 2827 3365 2877 et
3386 2837 3496 2877 nos
3517 2821 3739 2878 reﬁcia-

2080 2924 2233 2965 mur.
2266 2909 2570 2982 Numquid
2593 2910 2675 2965 sic
2701 2909 2949 2966 amandi
2972 2911 3423 2981 sunthomines,
3447 2915 3737 2983 tanquam

2078 2998 2477 3055 consumendi
2509 2998 2537 3054 ?
2562 2998 2675 3053 Sed
2708 2999 2974 3055 amicitia
3003 3000 3280 3070 quaedam
3307 3000 3736 3056 benevolentia

2076 3084 2621 3158 est',utaliquando
2636 3093 2983 3158 praestemus
2997 3088 3079 3142 eis
3093 3104 3246 3159 quos
3263 3088 3735 3158 amamus.Quid,

2079 3176 2128 3232 si
2152 3191 2272 3232 non
2294 3176 2366 3232 sit
2380 3176 2543 3248 quod
2560 3180 2915 3247 prmstemus
2931 3176 2958 3231 ?
2980 3175 3115 3231 Sola
3136 3177 3554 3234 benevolentia
3572 3179 3736 3234 sufﬁ-

2078 3264 2415 3322 citamanti.
2436 3265 2566 3321 Non
2583 3265 2741 3321 enim
2764 3270 2969 3336 optare
2991 3264 3283 3320 debemus
3305 3280 3436 3321 esse
3460 3268 3732 3337 miseros,

2078 3358 2139 3411 ut
2168 3354 2468 3426 possimus
2494 3369 2767 3410 exercere
2800 3368 2984 3425 opera
3015 3353 3458 3409 misericordiae.
3495 3356 3606 3409 Das
3633 3372 3733 3425 pa-

2076 3457 2215 3498 nem
2244 3442 2526 3499 esurienti
2560 3461 2572 3498 :
2610 3445 2716 3498 sed
2746 3442 2956 3502 melius
2988 3458 3166 3498 nemo
3196 3442 3463 3507 esuriret,
3497 3448 3551 3497 et
3585 3444 3730 3498 nulli

2076 3532 2469 3589 dares.Vestis
2483 3532 2744 3589 nudum:
2766 3533 2993 3587 utinam
3010 3547 3221 3587 omnes
3235 3532 3657 3597 vestitiessent,
3674 3537 3730 3588 et

2077 3637 2197 3678 non
2216 3627 2370 3677 esset
2396 3623 2506 3678 ista
2528 3623 2849 3677 necessitas
2869 3622 2880 3675 l
2901 3620 3122 3693 Sepelis
3146 3625 3483 3678 mortuum:
3501 3622 3730 3677 utinam

2074 3710 2273 3766 veniat
2286 3709 2613 3782 aliquando
2627 3710 2727 3765 illa
2744 3712 2860 3765 vita
2874 3709 2975 3765 ubi
2990 3725 3157 3766 nemo
3174 3710 3735 3766 moriatur!Concor-

2073 3799 2184 3857 das
2204 3798 2529 3869 litigantes:
2549 3799 2777 3857 utinam
2807 3799 3135 3871 aliquando
3160 3798 3235 3854 sit
3256 3815 3374 3871 pax
3396 3798 3494 3855 illa
3511 3804 3731 3854 interna

2072 3888 2531 3953 lerusalem,ubi
2550 3902 2727 3944 nemo
2740 3887 3055 3943 discordet!
3069 3891 3197 3943 Haec
3214 3888 3373 3944 enim
3387 3888 3590 3945 omnia
3604 3887 3732 3942 ofﬁ-

2073 3976 2163 4033 cia
2176 3975 2600 4033 necessitatum
2614 3976 2931 4033 sunt.'l‘olle
2947 3976 3735 4049 miseros;cessabuntopera

2072 4065 2513 4122 misericordia.
2530 4067 2724 4137 Opera
2738 4065 3164 4122 misericordiae
3179 4067 3503 4122 cessabunt
3526 4082 3735 4133 ;num-

2072 4154 2222 4227 quid
2235 4154 2411 4211 ardor
2423 4155 2725 4211 charitatis
2740 4156 3180 4225 exstinguetur?
3193 4156 3547 4210 Germanius
3562 4172 3733 4212 amas

2073 4243 2302 4300 felicem
2314 4244 2725 4310 hominem,cui
2740 4260 2861 4299 non
2878 4244 3065 4299 habes
3082 4244 3239 4316 quod
3256 4246 3735 4316 praestes;purior

2072 4332 2167 4389 ille
2186 4348 2355 4389 amor
2370 4334 2815 4405 erit,multoque
2840 4332 3298 4388 sincerior.Nam
3319 4334 3363 4385 si
3390 4334 3733 4403 praestiteris

2075 4422 2309 4485 misero,
2339 4422 2604 4478 fortassis
2629 4420 2907 4477 extollere
2930 4426 2983 4476 te
3006 4421 3174 4491 cupis
3189 4421 3481 4475 adversus
3499 4438 3658 4487 eum,
3681 4426 3735 4478 et

2074 4527 2209 4567 eum
2231 4511 2327 4567 tibi
2344 4512 2431 4566 vis
2444 4527 2574 4566 esse
2589 4509 3058 4581 subjectum,qui
3075 4514 3282 4564 auctor
3307 4516 3391 4562 est
3409 4509 3489 4564 tui
3518 4510 3737 4564 benefi-

2075 4600 2202 4656 cii’.
2220 4600 2316 4655 Ille
2331 4598 2604 4669 indiguit,
2627 4604 2685 4655 tu
2705 4600 3035 4670 impartitus
3054 4613 3115 4652 es
3132 4614 3145 4663 ;
3161 4597 3333 4669 quasi
3351 4599 3544 4667 major
3566 4598 3734 4652 vide-

2076 4690 2154 4744 ris
2180 4690 2323 4760 quia
2352 4693 2411 4743 tu
2440 4688 2784 4757 praestitisti,
2813 4703 3000 4759 quam
3024 4686 3117 4743 ille
3146 4686 3240 4741 cui
3268 4688 3597 4758 praestitum
3628 4691 3736 4743 est.

2078 4779 2229 4850 Opta
2250 4777 2562 4849 aequalem,
2585 4782 2647 4832 ut
2664 4778 2846 4833 ambo
2870 4777 2982 4832 sub
3002 4792 3121 4833 uno
3146 4776 3272 4833 sitis
3292 4776 3381 4833 cui
3400 4777 3544 4834 nihil
3562 4793 3744 4850 praes-

2080 4867 2194 4924 tari
2226 4871 2443 4939 potest.

2150 4956 2202 5011 6.
2229 4959 2375 5014 Nam
2397 4957 2456 5012 in
2473 4955 2588 5012 hoc
2611 4955 2859 5012 excessit
2878 4955 3127 5013 modum
3148 4956 3409 5028 superba
3433 4957 3656 5021 anima,
3682 4959 3740 5013 et

2080 5045 2559 5118 quodammodo,
2576 5060 2758 5102 avara
2777 5045 2909 5113 fuit;
2927 5046 3070 5118 quia
3084 5047 3266 5103 radix
3277 5046 3537 5101 omnium
3560 5046 3745 5100 malo-

2080 5150 2214 5190 rum
2230 5136 2489 5191 avaritia
2504 5136 2682 5206 (Tim.
2698 5136 2889 5202 va).
2908 5137 3124 5191 Etitem
3139 5136 3367 5190 dictum
3383 5138 3487 5198 est,
3501 5133 3744 5190 Initium

2082 5222 2269 5279 omnis
2281 5222 2512 5291 peccati
2521 5223 2800 5291 superbia
2816 5223 3007 5294 (Eccli
3016 5269 3024 5277 .
3040 5224 3217 5294 x,15).
3239 5225 3301 5276 Et
3314 5220 3629 5292 quaerimus
3644 5221 3747 5276 ali-

2146 5394 2161 5427 ι
2200 5390 2303 5449 ΕΡ..
2340 5392 2609 5444 transibit.
2645 5391 2721 5444 M.

2146 5454 2287 5564 'rEr.
2320 5454 2505 5564 ‘ngfd.
2553 5454 2681 5504 Ven.
2716 5454 2860 5509 Lov.,
2896 5453 2983 5502 sed
3012 5453 3242 5503 amicitia
3269 5453 3489 5517 quadam
3534 5454 3747 5506 benevo-

2146 5550 2149 5560 .
2176 5530 2256 5564 ue.
2282 5531 2315 5564 ιι
2343 5553 2353 5564 .
2440 5552 2449 5563 .

2087 5521 2582 5646 Μέιέἑῶἓιιῗῌεε..
2600 5579 2722 5646 quia
2741 5584 2920 5629 auctor
2934 5593 2982 5629 es
2996 5580 3073 5629 tui
3096 5580 3337 5644 beneﬁcii.
3362 5579 3461 5629 Alii
3478 5584 3602 5639 tres,
3628 5582 3750 5646 quia

2096 5642 2283 5695 auctor
2296 5657 2343 5693 es
2376 5648 2430 5694 tu
2456 5642 2686 5707 beneﬁcii
