4164 6184
515 85 659 142 2039

512 209 761 282 quando
781 206 1089 280 quomodo
1106 208 1217 263 sibi
1239 209 1603 266 concordent
1621 210 1746 265 ista:
1768 208 1902 264 duae
1924 209 2158 263 senten-

512 300 609 356 tias
634 317 647 355 :
675 298 872 355 Radix
890 297 1151 352 omnium
1182 300 1474 354 malorum
1499 298 1757 355 avaritia
1778 302 1889 367 ;et,
1918 296 2161 351 Initium

518 387 706 444 omnis
717 386 1245 457 peccatisuperbia.
1272 390 1327 443 Si
1349 387 1582 442 initium
1605 386 1801 441 omnis
1821 385 2047 457 peccati
2069 400 2165 438 su-

513 478 742 550 perbia,
768 477 937 532 radix
955 477 1225 533 omnium
1247 478 1544 533 malorum
1568 476 1847 548 superbia
1868 480 1973 532 est.
1999 478 2165 532 Certe

513 566 691 623 radix
707 566 1271 621 omnium‘malorum
1287 567 1537 622 avaritia
1551 572 1663 622 est:
1680 566 2021 622 invenimus
2036 569 2091 619 et
2104 565 2165 618 in

518 656 805 726 superbia
821 656 1135 711 avaritiam
1155 670 1282 710 esse
1309 672 1321 721 ;
1342 655 1593 711 excessit
1612 656 1769 710 enim
1792 655 2041 711 modum
2061 653 2170 708 ho-

518 759 641 799 mo.
660 743 812 808 Quid
830 750 915 798 est
930 759 1179 799 avarum
1198 743 1653 814 esse?Progredi
1668 743 1819 799 ultra
1840 758 2023 814 quam
2050 740 2170 795 suf-

521 832 664 889 ﬁcit.
688 833 880 887 Adam
904 832 1189 903 superbia
1208 832 1419 888 cecidit
1445 833 1719 888 :Initium
1741 832 1928 888 omnis
1940 829 2173 901 peccati

516 920 815 989 superbia,
849 920 1061 992 inquit.
1094 920 1397 993 Numquid
1418 921 1667 977 avaritia
1691 922 1721 975 ‘I
1751 921 1902 986 Quid
1934 920 2172 975 avarius

522 1010 643 1073 illo,
695 1010 789 1064 cui
832 1009 987 1063 Deus
1018 1009 1291 1065 sufﬁcere
1322 1025 1443 1066 non
1472 1009 1703 1082 potuit?
1725 1013 1894 1079 Ergo,
1940 1009 2171 1075 fratres,

521 1098 780 1168 legimus
798 1098 1318 1169 quemadmodum
1342 1099 1534 1155 factus
1561 1100 1637 1155 sit
1660 1099 1843 1155 homo
1861 1097 1938 1154 ad
1964 1097 2177 1167 imagi-

527 1202 666 1242 nem
682 1192 736 1242 et
750 1186 1219 1243 similitudinem.
1238 1188 1335 1243 Dei
1358 1205 1369 1242 :
1392 1188 1601 1259 etquid
1616 1188 1689 1242 de
1708 1186 1807 1242 illo
1820 1186 1968 1242 dixit
1982 1188 2134 1241 Deus
2149 1187 2176 1239 ?

530 1277 607 1332 Et
636 1277 851 1332 habeat
873 1281 1213 1344 potestatem
1241 1277 1488 1345 piscium
1520 1276 1724 1339 maris,
1756 1282 1809 1332 et
1843 1275 2177 1331 volatilium

530 1366 683 1427 caeli,
709 1371 762 1420 et
785 1365 1047 1420 omnium
1066 1380 1345 1432 pecorum
1368 1380 1499 1435 quae
1523 1371 1737 1433 repunt
1759 1380 1938 1433 super
1958 1370 2176 1419 terram

531 1454 699 1525 (Gen.
721 1469 757 1517 ι,
785 1454 897 1521 26).
923 1454 1221 1523 Numquid
1248 1453 1412 1517 dixit,
1438 1453 1665 1509 Habeat
1685 1458 2041 1524 potestatem
2071 1451 2181 1506 ho-

531 1543 763 1598 minum
792 1542 820 1597 7
846 1540 1078 1597 Habeat
1107 1547 1472 1609 potestatem,
1493 1544 1572 1597 ait
1601 1564 1612 1596 :
1637 1543 1801 1597 dedit
1826 1546 2181 1614 potestatem

530 1629 889 1687 naturalem.
932 1632 1197 1695 Quorum
1240 1630 1459 1686 habeat
1500 1630 2180 1703 potestatem‘2Piscium

532 1719 737 1783 maris,
768 1718 1104 1775 volatilium
1136 1720 1289 1785 cteli,
1317 1726 1365 1775 et
1397 1722 1657 1776 omnium
1688 1721 2019 1790 repentium
2054 1734 2182 1789 qua

534 1814 940 1877 repuntsuper
961 1815 1203 1863 terram.
1221 1810 1414 1873 Quare
1440 1810 1563 1864 haec
1582 1813 1669 1864 est
1684 1824 1755 1863 na
1770 1807 1970 1864 turalis
1992 1812 2185 1880 potes-

534 1902 627 1954 tas
648 1896 909 1953 hominis
932 1897 992 1951 in
1014 1896 1167 1951 ista?
1190 1898 1339 1961 Quia
1351 1898 1534 1953 homo
1556 1913 1626 1952 ex
1644 1913 1715 1953 eo
1732 1898 1914 1954 habet
1929 1901 2186 1969 potesta-

536 1993 674 2048 tem,
699 2002 770 2040 ex
792 2001 913 2056 quo
935 1985 1127 2040 factus
1155 1994 1241 2041 est
1263 1986 1340 2041 a‘d
1361 1987 1685 2055 imaginem
1717 1986 1832 2041 Dei.
1859 1986 1966 2042 Ubi
1984 1990 2185 2041 autem

538 2076 728 2130 factus
740 2074 917 2129 estad
932 2075 1254 2143 imaginem
1272 2075 1370 2129 Dei
1383 2075 1409 2129 ?
1422 2074 1487 2129 In
1506 2074 1884 2139 intellectu,in
1900 2074 2185 2138 mente,in

536 2163 811 2219 interiore
826 2163 1102 2228 homine;
1126 2165 1187 2217 in
1199 2178 1269 2217 eo
1283 2163 1446 2234 quod
1461 2163 1730 2233 intelligit
1751 2164 2076 2227 veritatem,
2101 2163 2182 2217 di-

533 2252 790 2324 judicatj
804 2251 1049 2307 ustitiam
1065 2252 1859 2324 etinjustitiam,novitaquo
1874 2252 2064 2309 factus
2077 2257 2184 2323 est,

541 2347 736 2415 potest
761 2340 1085 2410 intelligere
1107 2347 1435 2397 creatorem
1463 2359 1655 2405 suum,
1684 2341 1930 2398 laudare
1959 2348 2184 2397 creato-

534 2447 662 2487 rem
708 2447 907 2485 suum.
942 2432 1128 2485 Habet
1158 2430 1314 2486 hanc
1357 2430 1827 2501 intelligentiam,
1858 2431 1962 2503 qui
2006 2430 2188 2486 habet

532 2519 919 2591 prudentiam
934 2563 946 2575 .
978 2520 1116 2574 Ideo
1137 2518 1305 2574 multi
1328 2534 1464 2574 cum
1486 2536 1591 2591 per
1608 2520 1963 2591 cupiditates
1993 2520 2184 2575 malas

537 2608 869 2663 detererent
890 2606 951 2661 in
980 2623 1040 2661 se
1070 2607 1397 2676 imaginem
1429 2609 1549 2672 Dei,
1583 2612 1637 2663 et
1667 2608 1865 2679 ipsam
1896 2608 2188 2679 quodam-

541 2698 725 2753 modo
755 2695 1063 2751 ﬂammam
1103 2694 1500 2763 intelligentiae
1532 2697 1921 2767 perversitate
1948 2713 2185 2752 morum

534 2786 977 2856 exstinguerent
995 2802 1011 2855 ;
1031 2784 1333 2839 clamabat
1351 2784 1464 2839 illis
1493 2786 1813 2856 Scriptura,
1841 2786 2039 2843 Nolite
2055 2787 2188 2854 ﬁeri

534 2876 687 2932 sicut
731 2890 915 2945 equus
941 2881 993 2930 et
1038 2875 1257 2937 mulus,
1298 2874 1510 2945 quibus
1550 2891 1670 2931 non
1718 2883 1799 2932 est
1848 2876 2186 2932 intellectus

535 2965 718 3036 (Psal.
752 2980 915 3029 xxxi,
944 2964 1019 3035 9).
1046 2966 1163 3019 Hoc
1189 2968 1279 3019 est
1303 2962 1519 3029 dicere,
1545 2966 1846 3036 Praeposui
1875 2969 1927 3021 te
1953 2981 2108 3037 equo
2130 2971 2186 3021 et

530 3054 726 3120 mulo;
743 3058 795 3109 te
808 3052 885 3108 ad
899 3052 1225 3122 imaginem
1243 3068 1439 3107 meam
1454 3052 1584 3122 feci,
1600 3057 1951 3125 potestatem
1969 3054 2073 3110 tibi
2092 3071 2186 3109 su-

532 3141 767 3215 perista
780 3141 936 3197 dedi.
958 3144 1149 3207 Quare
1171 3141 1200 3195 Ῡ
1218 3142 1368 3207 Quia
1381 3157 1503 3197 non
1524 3142 1749 3199 habent
1766 3142 1903 3198 ferai
1926 3144 2186 3201 rationa-

530 3232 649 3288 lem
677 3235 938 3287 mentem
961 3247 970 3283 :
990 3236 1051 3286 tu
1070 3235 1268 3286 autem
1282 3231 1554 3287 rationali
1575 3236 1776 3287 mente
1796 3233 1959 3303 capis
1977 3233 2184 3289 verita-

534 3325 670 3391 tem,
720 3320 999 3389 intelligis
1025 3320 1189 3392 quod
1238 3336 1421 3391 supra
1468 3325 1521 3376 te
1562 3320 1969 3386 est;subdere
1999 3322 2048 3375 ei
2081 3321 2186 3393 qui

533 3426 716 3482 supra
733 3414 786 3465 te
803 3415 910 3474 est,
936 3414 993 3464 et
1018 3408 1169 3464 infra
1185 3412 1238 3464 te
1265 3414 1435 3465 erunt
1456 3409 1554 3465 illa
1580 3409 1801 3481 quibus
1830 3410 2185 3481 praepositus

531 3515 614 3557 es.
645 3501 794 3565 Quia
812 3515 954 3555 vero
972 3514 1074 3571 per
1096 3502 1411 3571 peccatum
1428 3498 1614 3554 homo
1634 3497 1893 3554 deseruit
1916 3514 2053 3553 eum
2073 3499 2185 3555 sub

533 3605 656 3662 quo
670 3604 798 3645 esse
818 3588 1045 3657 debuit,
1064 3588 1342 3644 subditur
1354 3589 1437 3644 eis
1458 3603 1641 3660 supra
1663 3604 1796 3660 quae
1811 3604 1942 3645 esse
1960 3589 2182 3645 debuit.

608 3721 661 3771 7.
699 3714 985 3770 lntendite
1016 3714 1163 3785 quid
1194 3714 1388 3770 dicam
1419 3732 1432 3770 :
1459 3716 1634 3781 Deus,
1676 3716 1881 3785 homo,
1915 3731 2135 3788 pecora
2166 3734 2182 3771 :

537 3804 703 3859 verbi
718 3803 925 3872 gratia,
943 3818 1127 3874 supra
1147 3806 1198 3857 te
1224 3805 1408 3869 Deus;
1431 3804 1647 3860 intrate
1660 3820 1898 3875 pecora.
1919 3811 2188 3876 Agnosce

540 3906 679 3946 cum
710 3890 811 3960 qui
839 3906 1021 3960 supra
1052 3895 1105 3946 te
1138 3895 1245 3958 est,
1276 3897 1339 3946 ut
1363 3898 1699 3963 agnoscant
1725 3900 1777 3949 te
1802 3911 1938 3965 quae
1959 3895 2113 3951 infra
2137 3899 2189 3953 te

540 3978 964 4049 sunt.Ideoque
978 3995 1114 4034 cum
1127 3979 1332 4035 Daniel
1344 3980 1688 4050 agnovisset
1701 3999 1885 4054 supra
1902 4000 1963 4039 se
1981 3987 2186 4050 Deum,

545 4071 921 4137 agnoverunt
945 4066 1110 4123 illum
1142 4083 1324 4139 supra
1347 4084 1407 4124 se
1430 4069 1630 4125 leones
1661 4072 1839 4139 (Dan.
1869 4089 1941 4139 vr,
1975 4072 2092 4145 22).
2135 4075 2191 4131 Si

543 4162 747 4214 autem
767 4172 889 4212 non
916 4157 1191 4227 agnoscis
1212 4157 1377 4213 illum
1406 4159 1506 4229 qui
1534 4176 1715 4231 supra
1733 4165 1785 4216 te
1802 4166 1911 4227 est,
1930 4162 2193 4235 superio-

543 4263 670 4303 rem
685 4246 1043 4312 contemnis,
1067 4246 1336 4301 subderis
1352 4246 1632 4303 inferiori.
1658 4248 1977 4321 Propterea
2000 4268 2195 4323 super-

543 4336 647 4393 bia
670 4335 1083 4407 Aigyptiorum
1107 4336 1262 4392 unde
1282 4337 1509 4393 domita
1534 4337 1655 4394 est?
1675 4342 1750 4395 De
1775 4340 1936 4395 ranis
1959 4346 2014 4397 et
2037 4358 2199 4396 mus-

549 4428 632 4484 cis
666 4426 883 4499 (Exod.
912 4426 1295 4497 vm).Poterat
1326 4429 1477 4482 Deus
1504 4433 1559 4483 et
1579 4427 1781 4484 leones
1811 4430 2061 4497 mittere,
2096 4432 2201 4487 sed

551 4516 768 4589 aliquis
816 4532 1076 4587 magnus
1107 4515 1277 4572 leone
1326 4518 1639 4573 terrendus
1670 4524 1778 4574 est.
1836 4520 2069 4585 Quanto
2118 4520 2198 4576 illi

552 4610 721 4662 erant
746 4605 1147 4676 superbiores,
1170 4610 1332 4662 tanto
1353 4606 1426 4662 de
1452 4607 1633 4663 rebus
1656 4609 2202 4680 contemptibilibus

526 4685 532 4691 ’
554 4698 610 4750 et
635 4693 877 4765 abjectis
897 4694 1082 4751 fracta
1106 4698 1194 4751 est
1213 4711 1422 4751 eorum
1440 4696 1636 4752 cervix
1653 4697 1828 4754 mala.
1860 4699 1973 4755 Sed
1993 4700 2203 4755 Danie-

550 4783 670 4839 lem
689 4788 1064 4850 agnoverunt
1085 4782 1309 4850 leones,
1332 4784 1475 4856 quia
1500 4784 1594 4839 ille
1612 4785 1890 4841 subditus
1918 4790 2033 4843 Deo
2060 4793 2203 4843 erat.

555 4870 760 4938 Quid?
814 4876 1101 4943 martyres
1148 4873 1251 4942 qui
1291 4872 1370 4928 ad
1414 4872 1632 4929 bestias
1672 4880 2112 4944 pugnaverunt,
2153 4880 2209 4932 et

555 4962 815 5019 ferarum
846 4960 1703 5029 morsibuslaceratisunt,non
1726 4968 1895 5018 erant
1913 4963 2025 5018 sub
2048 4963 2209 5020 Deo?

556 5055 670 5107 Aut
692 5054 860 5106 erant
885 5049 1038 5105 servi
1070 5049 1166 5105 Dei
1198 5052 1314 5105 tres
1345 5049 1470 5115 viri,
1502 5054 1560 5106 et
1582 5065 1702 5106 non
1732 5056 1899 5107 erant
1923 5052 2077 5108 servi
2108 5054 2210 5110 Dei

556 5140 873 5198 Machabaai
901 5139 928 5197 Ὑ
958 5139 1215 5212 Agnovit
1262 5139 1418 5211 ignis
1449 5155 1650 5196 servos
1702 5142 1801 5196 Dei
1851 5145 1970 5197 tres
2024 5142 2208 5210 viros,

558 5246 713 5302 quos
760 5246 882 5287 non
931 5229 1095 5295 ussit,
1128 5244 1385 5302 quorum
1435 5244 1543 5285 nec
1575 5230 1921 5286 vestimenta
1948 5233 2213 5303 corrupit

563 5320 735 5389 (Dan.
771 5336 855 5384 ιιι,
886 5320 974 5391 50)
1006 5324 1095 5387 ;et
1118 5335 1239 5375 non
1259 5320 1505 5389 agnovit
1532 5318 2210 5389 Machabaeos‘tAgnovit

518 5438 521 5439 ν
562 5408 932 5465 Machabeeos
967 5430 977 5474 ;
1008 5408 1273 5478 agnovit.
1304 5408 1513 5465 fratres
1555 5414 1611 5464 et
1639 5409 1785 5465 istos
1825 5411 1889 5477 (ll
1930 5410 2209 5467 Machab.

560 5496 656 5564 v1).
680 5497 792 5551 Sed
813 5513 965 5569 opus
987 5502 1110 5553 erat
1131 5498 1397 5570 quodam
1425 5497 1679 5570 ﬂagello,
1707 5498 2081 5571 permittente
2107 5500 2213 5557 Do-

571 5583 757 5653 mino,
772 5584 1030 5656 quidixit
1052 5585 1113 5642 in
1134 5586 1452 5660 Scriptura,
1468 5587 1764 5660 Flagellat
1777 5577 2005 5647 omnem
2014 5589 2210 5661 ﬁlium

1268 81 1349 139 IN
1389 82 1800 140 EPISTOLAM
1836 78 2129 139 JOANNIS
2168 72 2264 137 ΑΙ)
2304 82 2659 155 PARTHOS,
2698 89 2760 145 S.
2798 85 3185 147 AUGUSTTNI

3788 84 3906 144 2010

2273 223 2444 279 quem
2468 212 2675 283 recipit
2697 214 2878 271 Hebr.
2895 230 2996 278 xu,
3015 212 3088 283 6).
3106 207 3324 266 Putatis
3343 211 3530 275 enim,
3545 209 3774 277 fratres,
3787 212 3910 283 quia

2275 297 2497 356 ferrum
2524 302 2959 359 transverbaret
2983 301 3204 356 viscera
3234 299 3486 363 Domini,
3514 299 3629 354 nisi
3650 298 3774 369 ipse
3800 315 3911 371 per-

2276 387 2530 445 mitteret
2560 407 2575 456 ;
2601 396 2704 446 aut
2731 391 2979 446 haereret
3004 391 3063 444 in
3093 389 3276 458 ligno,
3305 388 3416 442 nisi
3447 387 3586 458 ipse
3617 386 3913 445 voluisset?

2276 478 2407 532 Non
2436 494 2570 534 eum
2602 480 2848 549 agnovit
2875 484 3146 535 creatura
3162 492 3272 533 sua
3296 476 3324 530 ?
3344 479 3429 531 An
3452 475 3797 547 exemplum
3828 492 3920 548 pa-

2278 566 2497 622 tientiae
2544 568 2858 639 proposuit
2885 567 3161 623 ﬁdelibus
3202 565 3326 621 suis
3352 567 3379 621 ?
3410 564 3552 620 Ideo
3580 565 3732 621 Deus
3757 581 3915 637 quos-

2280 654 2423 710 dam
2472 656 2744 713 liberavit
2780 656 3107 722 visibiliter,
3140 655 3439 727 quosdam
3492 668 3620 709 non
3672 653 3917 711 liberavit

2281 743 2843 803 visibiliterzomnes
2872 751 3072 801 tamen
3094 742 3786 817 spiritualiterliberavit,
3818 743 3917 815 spi-

2282 832 2566 889 ritualiter
2593 835 2896 890 neminem
2943 833 3225 890 deseruit.
3267 831 3592 887 Visibiliter
3642 830 3917 902 quosdam

2288 919 2445 977 visus
2472 927 2558 979 est
2587 923 2944 993 deseruisse,
2969 922 3268 995 quosdam
3316 921 3479 976 visus
3519 925 3610 976 est
3634 919 3913 991 eripuisse.

2286 1009 2427 1066 Ideo
2452 1012 2747 1084 quosdam
2772 1012 3003 1084 eripuit,
3037 1027 3112 1067 ne
3137 1016 3306 1082 putes
3331 1009 3502 1065 illum
3527 1025 3651 1065 non
3684 1010 3919 1080 potuisse

2290 1100 2535 1171 eripere.
2559 1102 2989 1157 Testimonium
3010 1100 3173 1156 dedit
3196 1100 3339 1172 quia
3355 1104 3575 1172 potest,
3606 1102 3669 1153 ut
3700 1098 3793 1153 ubi
3818 1113 3918 1155 non

2289 1188 2448 1255 facit,
2474 1190 2851 1246 secretiorem
2877 1189 3170 1260 intelligas
3188 1187 3583 1254 voluntatem,
3614 1202 3736 1243 non
3757 1188 3919 1259 suspi-

2291 1278 2441 1332 ceris
2463 1277 2895 1334 difﬁcultatem.
2919 1278 3031 1335 Sed
3053 1277 3219 1350 quid,
3248 1277 3460 1333 fratres
3483 1274 3513 1331 7
3528 1277 3676 1331 Cum
3699 1275 3922 1331 evaseri-

2290 1382 2427 1421 mus
2452 1382 2662 1422 omnes
2685 1368 2831 1423 istos
2858 1367 3227 1423 mortalitatis
3245 1365 3517 1437 laqueos,
3545 1380 3687 1420 cum
3713 1365 3924 1419 transie-

2290 1454 2409 1510 rint
2428 1460 2700 1527 tempora
2726 1455 3088 1525 tentationis,
3117 1471 3253 1511 cum
3289 1454 3498 1510 saeculi
3519 1453 3703 1523 hujus
3729 1451 3921 1507 ﬂuvius

2293 1542 2697 1600 decucurrerit
2718 1550 2775 1601 et
2801 1545 3203 1618 receperimus
3231 1543 3396 1599 illam
3420 1542 3640 1598 stolam
3669 1541 3920 1613 primam,

2295 1632 2802 1690 immortalitatem
2828 1633 2989 1690 illam
3016 1649 3205 1706 quam
3218 1632 3534 1704 peccando
3556 1630 3919 1702 perdidimus,

2295 1736 2430 1777 cum
2465 1722 2845 1794 corruptibile
2875 1723 2990 1777 hoc
3021 1721 3281 1776 induerit
3307 1720 3837 1790 incorruptionem,
3872 1717 3922 1772 id

2296 1816 2406 1877 est,
2440 1827 2578 1867 caro
2616 1812 2726 1868 ista
2758 1811 3017 1867 induerit
3044 1809 3583 1881 incorruptionem,
3616 1813 3674 1864 et
3702 1806 3924 1863 mortale

2296 1901 2411 1957 hoc
2432 1902 2689 1956 induerit
2705 1901 3207 1957 immortalitatem
3227 1900 3269 1971 (ι
3291 1901 3433 1956 Cor.
3452 1915 3551 1965 xv,
3570 1902 3655 1964 53,
3682 1898 3768 1967 54)
3784 1914 3797 1963 ;
3813 1897 3922 1967 jam

2297 1990 2586 2063 perfectos
2603 1990 2754 2046 ﬁlios
2772 1990 2892 2054 Dei,
2918 1990 3020 2046 ubi
3042 2005 3163 2045 non
3181 2004 3336 2059 opus
3359 1993 3450 2045 est
3464 1987 3697 2051 tentari,
3712 2001 3812 2042 nec
3831 1985 3924 2041 ﬂa-

2296 2079 2521 2151 gellari.
2577 2084 2861 2149 agnoscet
2906 2079 3105 2135 omnis
3157 2082 3478 2133 creatura:
3510 2076 3746 2133 subdita
3772 2074 3923 2132 nobis

2296 2173 2468 2225 erunt
2493 2169 2716 2235 omnia,
2750 2169 2797 2223 si
2829 2183 2939 2223 nos
2970 2168 3064 2223 hic
3091 2166 3314 2222 subditi
3344 2182 3563 2222 sumus
3595 2168 3732 2221 Deo.

2369 2279 2419 2331 8.
2447 2276 2539 2332 Sic
2564 2290 2706 2345 ergo
2727 2274 2905 2331 debet
2942 2290 3071 2331 esse
3093 2274 3483 2341 christianus,
3519 2278 3579 2328 ut
3600 2287 3717 2329 non
3742 2268 3921 2342 glorie-

2299 2369 2393 2421 tur
2422 2380 2596 2436 super
2625 2365 2772 2420 alios
2798 2364 3093 2419 homines.
3121 2363 3287 2419 Dedit
3316 2363 3484 2418 enim
3518 2362 3623 2418 tibi
3643 2365 3782 2418 Deus
3810 2372 3920 2415 esse

2298 2467 2477 2523 super
2507 2452 2750 2517 bestias,
2783 2451 2843 2507 id
2866 2455 2974 2516 est,
3000 2451 3303 2506 meliorem
3335 2465 3471 2505 esse
3502 2465 3685 2522 quam
3705 2446 3915 2503 bestias.

2298 2543 2417 2596 Hoc
2448 2540 2717 2596 naturale
2738 2540 2925 2595 habes
2950 2560 2962 2607 ;
2984 2556 3219 2611 semper
3247 2538 3467 2595 melior
3483 2539 3600 2594 eris
3625 2552 3791 2609 quam
3808 2535 3921 2590 bes-

2298 2630 2401 2685 tia.
2427 2630 2483 2684 Si
2501 2629 2589 2684 vis
2605 2629 2811 2684 melior
2832 2645 2964 2685 esse
2980 2646 3163 2702 quam
3189 2628 3339 2684 alius
3362 2628 3573 2698 homo,
3593 2623 3861 2681 invidebis
3877 2624 3920 2677 ei

2292 2718 2545 2791 quando
2569 2718 2674 2774 tibi
2697 2734 2826 2774 esse
2843 2718 3075 2774 videbis
3098 2717 3418 2791 aequalem.
3450 2717 3637 2773 Debes
3662 2713 3795 2770 velle
3815 2728 3921 2768 om-

2297 2823 2405 2863 nes
2426 2808 2704 2863 homines
2724 2808 2987 2879 aaquales
3004 2808 3106 2863 tibi
3125 2822 3258 2863 esse
3284 2824 3296 2874 ;
3317 2810 3373 2863 et
3393 2806 3445 2861 si
3467 2805 3674 2862 viceris
3693 2802 3920 2874 aliquem

2298 2912 2403 2969 per
2414 2897 2815 2970 prudentiam,
2835 2901 3041 2969 optare
3063 2896 3243 2952 debes
3268 2901 3331 2952 ut
3351 2895 3505 2951 sitet
3524 2896 3648 2966 ipse
3664 2891 3916 2966 prudens.

2298 2986 2600 3052 Quamdiu
2626 2987 2832 3042 tardus
2861 2991 2970 3050 est,
3003 2985 3174 3041 discit
3195 3001 3231 3040 a
3259 2989 3314 3041 te
3335 2980 3919 3058 ;quamdiuindoctus

2292 3079 2406 3144 est,
2438 3076 2665 3144 indiget
2692 3075 2873 3143 tui;et
2898 3081 2958 3130 tu
2984 3074 3202 3129 videris
3226 3073 3465 3139 doctor,
3494 3073 3588 3128 ille
3617 3075 3800 3127 autem
3821 3067 3915 3122 dis-

2298 3180 2436 3220 cens
2461 3181 2473 3220 :
2494 3168 2559 3219 tu
2587 3179 2728 3233 ergo
2752 3164 3042 3235 superior,
3059 3162 3202 3234 quia
3223 3162 3439 3217 doctor
3456 3178 3520 3217 es
3544 3178 3557 3226 ;
3586 3160 3677 3216 ille
3693 3156 3915 3222 inferior,

2296 3254 2437 3325 quia
2456 3252 2713 3308 discens.
2744 3252 2865 3307 Nisi
2896 3251 3062 3306 illum
3086 3256 3251 3323 optes
3268 3251 3593 3322 mqualem,
3618 3261 3833 3319 semper
3847 3244 3917 3298 vis

2295 3343 2517 3399 habere
2534 3342 2884 3397 discentem.
2907 3341 2960 3395 Si
2992 3346 3193 3397 autem
3219 3342 3309 3395 vis
3339 3356 3583 3414 semper
3604 3337 3809 3394 habere
3826 3333 3914 3389 dis-

2296 3436 2548 3497 centem,
2570 3430 2809 3485 invidus
2828 3430 2940 3485 eris
2961 3430 3187 3486 doctor.
3216 3430 3269 3485 Si
3297 3430 3544 3486 invidus
3559 3428 3774 3491 doctor,
3798 3436 3918 3495 quo-

2298 3521 2480 3576 modo
2498 3520 2611 3575 eris
2638 3519 2885 3574 doctor?
2910 3522 3073 3588 Rogo
3102 3525 3179 3588 te,
3200 3518 3317 3574 noli
3348 3518 3570 3575 docere
3591 3519 3777 3589 ipsum
3799 3510 3919 3567 invi-

2297 3609 2561 3665 dentiam
2592 3613 2777 3664 tuam.
2824 3607 2977 3662 Audi
3025 3607 3378 3679 Apostolum
3412 3608 3705 3663 dicentem
3734 3602 3800 3658 de
3834 3600 3919 3654 vis-

2299 3698 2536 3755 ceribus
2559 3697 2863 3753 charitatis
2890 3718 2901 3748 :
2936 3698 3149 3753 Vellem
3173 3712 3369 3753 omnes
3392 3697 3656 3754 homines
3676 3708 3780 3750 esse
3795 3688 3918 3745 sicut

2298 3788 2578 3857 meipsum
2607 3787 2699 3857 (Id
2725 3803 2825 3851 vn,
2851 3787 2926 3858 7).
2960 3785 3274 3852 Quomodo
3302 3786 3547 3842 volebat
3592 3796 3788 3840 omnes
3813 3788 3918 3832 esse

2301 3876 2563 3948 mquales
2576 3876 2603 3930 ‘t
2615 3875 2752 3931 ldeo
2775 3881 2897 3931 erat
2913 3875 3195 3931 omnibus
3213 3876 3509 3946 superior,
3522 3873 3661 3947 quia
3677 3868 3919 3926 charitate

2301 3965 2762 4037 optabatomnes
2776 3964 3058 4037 aequales.
3075 3964 3331 4020 Excessit
3345 3979 3492 4034 ergo
3505 3964 3682 4019 homo
3693 3955 3922 4020 modum;

2302 4054 2535 4111 avarior
2560 4053 2745 4109 voluit
2771 4069 2918 4119 esse,
2949 4058 3011 4109 ut
3032 4069 3213 4125 supra
3240 4053 3521 4115 homines
3542 4053 3706 4113 esset,
3730 4046 3822 4119 qui
3844 4056 3919 4095 su-

2302 4160 2413 4219 pra
2434 4159 2652 4217 pecora
2678 4142 2868 4199 lactus
2898 4148 2987 4199 est
3011 4160 3023 4197 :
3053 4147 3110 4198 et
3138 4143 3270 4214 ipsa
3290 4147 3381 4198 est
3410 4140 3706 4214 superbia.

2378 4256 2429 4308 9.
2447 4255 2511 4307 Et
2524 4250 2715 4306 videte
2733 4266 2894 4321 quan
2904 4254 2961 4306 ta
2973 4265 3155 4321 opera
3172 4248 3641 4321 faciatsuperbia
3650 4265 3665 4315 ;
3683 4240 3860 4316 ponite
3870 4237 3916 4291 in

2308 4341 2488 4398 corde
2516 4355 2701 4413 quam
2734 4339 2951 4395 Similia
2997 4339 3153 4404 facit,
3182 4344 3237 4394 et
3264 4339 3440 4411 quasi
3469 4336 3635 4409 paria
3666 4324 3917 4388 charitati.

2310 4430 2503 4486 Pascit
2518 4429 2877 4485 esurientem
2909 4428 3189 4493 charitas,
3207 4428 3399 4499 pascit
3414 4433 3469 4484 et
3484 4422 3752 4497 superbia
3771 4433 3783 4473 :
3803 4415 3917 4471 cha-

2310 4521 2477 4584 ritas,
2504 4525 2564 4573 ut
2589 4521 2739 4573 Deus
2766 4517 3070 4581 laudetur;
3098 4516 3397 4588 superbia,
3425 4523 3488 4571 ut
3519 4518 3645 4585 ipsa
3663 4507 3917 4588 laudetur.

2336 4609 2522 4663 Vestit
2548 4606 2780 4662 nudum
2797 4606 3080 4671 charitas,
3110 4584 3357 4662 vestitet
3388 4584 3696 4676 superbia;
3723 4584 3923 4668 jejunat

2316 4698 2597 4761 charitas,
2613 4696 2845 4767 jejunat
2875 4700 2927 4751 et
2954 4694 3272 4766 superbia;
3298 4694 3507 4766 sepelit
3536 4692 3783 4747 mortuos
3805 4681 3917 4737 cha-

2316 4787 2484 4852 ritas,
2512 4784 2718 4857 sepelit
2742 4788 2796 4839 et
2822 4784 3124 4855 superbia.
3166 4783 3381 4840 Omnia
3422 4796 3604 4854 opera
3630 4780 3776 4833 bona
3804 4780 3915 4841 qua?

2319 4876 2445 4931 vult
2464 4856 2656 4930 facere
2676 4873 2935 4929 charitas
2956 4879 3011 4928 et
3041 4872 3197 4938 facit,
3225 4872 3407 4942 agitat
3431 4876 3632 4926 contra
3656 4856 3913 4933 superbia,

2320 4970 2376 5021 et
2399 4962 2751 5036 quasiducit
2769 4977 2958 5033 equos
2982 4977 3141 5017 suos.
3168 4961 3283 5018 Sed
3302 4960 3540 5017 interior
3563 4963 3645 5014 est
3662 4949 3912 5039 charitas:

2322 5053 2469 5110 tollit
2495 5052 2692 5107 locum
2726 5050 2882 5106 male
2912 5053 3147 5121 agitatas
3174 5050 3496 5122 superbiae;
3517 5061 3634 5103 non
3660 5040 3797 5098 male
3816 5046 3915 5101 agi-

2321 5142 2489 5204 tanti.
2523 5140 2623 5197 sed
2654 5140 2808 5195 male
2825 5140 3079 5209 agitatas.
3099 5142 3188 5195 Vae
3209 5139 3434 5196 homini
3450 5136 3615 5209 cujus
3634 5130 3821 5196 auriga
3834 5135 3917 5176 su-

2321 5230 2531 5305 perbia
2557 5233 2666 5294 est,
2691 5244 2931 5285 necesse
2960 5234 3046 5285 est
3066 5228 3227 5284 enim
3255 5234 3315 5283 ut
3339 5240 3598 5299 princeps
3619 5224 3723 5277 eat.
3750 5217 3809 5271 Ut
3830 5223 3913 5306 au.

2324 5326 2442 5377 tem
2473 5334 2591 5376 non
2622 5320 2695 5374 sit
2726 5318 3011 5390 superbia
3045 5334 3181 5389 quae
3211 5318 3388 5388 agitet
3418 5315 3569 5371 facta
3610 5312 3772 5369 bona,
3800 5311 3913 5372 ίῐωε

2292 5412 2295 5413 ⁷
2323 5410 2489 5466 novit
2520 5411 2548 5466 ?
2580 5409 2715 5481 quis
2747 5406 2959 5462 videt?
2990 5408 3091 5463 ubi
3122 5411 3207 5462 est
3237 5406 3349 5463 hoc
3373 5404 3400 5460 ?
3427 5405 3609 5474 Opera
3639 5395 3909 5488 videmus?

2322 5500 2513 5572 pascit
2542 5496 2971 5564 misericordia,
3021 5496 3214 5567 pascit
3242 5498 3299 5551 et
3324 5491 3595 5567 superbia
3620 5505 3636 5557 ;
3658 5482 3911 5582 hospitali)

2323 5566 2568 5661 suscipit
2580 5566 3311 5658 misericordia,hospitem
3324 5566 3562 5655 suscipit
3575 5580 3629 5635 et
3640 5566 3911 5646 superbia;
