4164 6184
247 177 396 233 2041

247 299 566 359 intercedit
615 312 724 370 pro
749 312 1014 370 paupere
1066 299 1492 368 misericordia,
1521 299 1830 356 intercedit
1855 302 1913 354 et

255 389 557 463 superbia.
595 387 748 454 Quid
782 395 869 443 est
898 388 1054 443 hoc?
1075 391 1139 444 In
1168 391 1452 462 operibus
1484 406 1607 446 non
1633 388 1912 444 discerni-

251 497 411 535 mus.
447 478 654 533 Audeo
692 476 917 548 aliquid
958 477 1173 542 dicere,
1208 480 1312 534 sed
1352 496 1473 536 non
1515 495 1664 553 ego;
1695 478 1912 534 Paulus

245 568 400 624 dixit
433 587 444 626 :
485 567 738 621 moritur
767 565 1045 632 charitas,
1082 566 1140 621 id
1161 572 1267 635 est,
1301 569 1484 624 homo
1513 567 1746 623 habens
1779 566 1914 621 cha-

243 659 502 726 ritatem,
525 655 842 711 conﬁtetur
859 670 1080 711 nomen
1099 656 1331 722 Christi,
1348 658 1510 712 ducit
1527 655 1910 727 martyrium;

242 746 561 802 conﬁtetur
591 749 646 800 et
677 743 981 814 superbia,
1001 745 1160 800 ducit
1186 751 1242 800 et
1273 746 1648 818 martyrium.
1684 744 1784 799 Ille
1812 744 1911 799 ha-

239 835 342 892 bet
363 832 836 898 charitatem,ille
860 849 978 888 non
1001 833 1183 890 habet
1201 835 1689 890 charitatem.Sed
1708 833 1915 888 audiat

243 925 324 981 ab
351 922 634 995 Apostolo
667 921 758 977 ille
791 923 890 993 qui
921 938 1040 978 non
1064 923 1246 980 habet
1285 923 1634 979 charitatem
1665 940 1677 977 :
1707 922 1774 978 Si
1802 921 1911 977 dis-

245 1015 515 1070 tribuero
541 1013 737 1067 omnia
771 1027 899 1067 mea
916 1012 1293 1081 pauperibus,
1321 1020 1372 1069 et
1394 1014 1442 1067 si
1462 1012 1766 1068 tradidero
1789 1026 1914 1066 cor-

239 1119 357 1173 pus
378 1117 563 1157 meum
588 1100 930 1165 utardeam,
955 1101 1309 1157 charitatem
1333 1112 1526 1158 autem
1554 1117 1672 1156 non
1698 1101 1914 1157 habue-

245 1207 335 1258 re,
364 1191 520 1246 nihil
544 1188 939 1257 mihiprodest
963 1191 1005 1255 (l
1028 1191 1163 1246 Cor.
1189 1192 1402 1262 xui,3).
1435 1194 1583 1259 Ergo
1613 1190 1913 1260 Scriptura

245 1281 453 1336 divina
475 1279 626 1334 intro
651 1294 763 1333 nos
788 1284 1026 1334 revocat
1056 1295 1091 1334 a
1108 1280 1433 1349 jactatione
1455 1280 1634 1349 hujus
1649 1277 1814 1334 faciei
1834 1277 1911 1334 fo-

237 1370 544 1433 rinsecus;
573 1367 717 1422 etab
745 1368 856 1423 ista
881 1368 1194 1438 superﬁcie
1222 1369 1622 1441 quasjactatur
1643 1373 1779 1422 ante
1804 1367 1907 1422 ho-

247 1459 462 1520 mines,
513 1461 752 1512 revocat
808 1472 918 1511 nos
968 1458 1144 1512 intro.
1180 1458 1321 1512 Redi
1356 1457 1432 1512 ad
1485 1456 1908 1513 conscientiam

247 1553 441 1610 tuam,
478 1547 671 1617 ipsam
708 1545 1023 1614 interroga.
1059 1546 1181 1601 Noli
1215 1546 1516 1602 attendere
1547 1545 1710 1618 quod
1742 1545 1910 1601 ﬂoret

247 1635 412 1701 foris,
449 1634 554 1689 sed
598 1650 732 1705 qua;
760 1634 930 1689 radix
957 1639 1043 1688 est
1072 1635 1132 1689 in
1165 1640 1342 1690 terra.
1377 1635 1661 1690 Radicata
1699 1640 1786 1690 est
1813 1651 1910 1690 cu-

248 1723 507 1796 piditas?
526 1723 750 1794 species
770 1727 1106 1794 potestesse
1121 1722 1419 1779 bonorum
1437 1723 1752 1789 factorum,
1772 1740 1908 1778 vere

249 1828 436 1884 opera
467 1811 631 1868 bona
664 1827 791 1867 esse
826 1827 944 1866 non
977 1816 1250 1883 possunt.
1285 1813 1568 1868 Radicata
1599 1817 1685 1868 est
1709 1812 1907 1867 chari-

247 1905 341 1958 tas
371 1901 398 1957 ?
429 1917 672 1956 securus
723 1905 868 1964 esto,
916 1900 1062 1955 nihil
1107 1901 1246 1956 mali
1301 1902 1620 1972 procedere
1677 1906 1897 1973 potest.

249 1990 556 2046 Blanditur
578 1989 983 2061 superbus,saa
994 1990 1071 2044 vit
1085 2005 1271 2045 amor.
1292 1990 1388 2045 Ille
1404 1990 1588 2056 vestit,
1607 1989 1697 2045 ille
1711 1989 1902 2045 caedit.

250 2080 352 2135 Ille
398 2079 556 2134 enim
593 2079 805 2134 vestit1
835 2084 895 2133 ut
925 2079 1157 2149 placeat
1185 2079 1530 2133 hominibus
1561 2078 1687 2134 :ille
1736 2079 1909 2134 caedit

249 2173 315 2224 ut
337 2168 594 2236 corrigat
621 2167 958 2238 disciplina.
983 2168 1277 2239 Accipitur
1304 2169 1494 2239 magis
1522 2168 1700 2239 plaga
1721 2168 1906 2223 chari-

247 2257 410 2321 tatis,
441 2273 624 2327 quam
656 2257 1041 2328 eleemosyna
1069 2256 1383 2327 superbiae.
1419 2256 1614 2312 Redite
1643 2272 1783 2326 ergo
1815 2256 1906 2311 in-

248 2351 365 2411 tro,
399 2346 605 2400 fratres
634 2351 724 2412 ;et
755 2345 811 2399 in
840 2345 1119 2400 omnibus
1146 2361 1545 2418 quaecumque
1573 2345 1782 2410 facitis,
1817 2345 1906 2400 in-

246 2435 499 2492 tuemini
521 2439 722 2489 testem
752 2435 961 2488 Deum.
991 2434 1210 2502 Videte,
1239 2435 1288 2489 si
1309 2434 1403 2489 ille
1427 2433 1608 2503 videt,
1635 2450 1755 2505 quo
1784 2436 1906 2489 ani-

249 2540 354 2580 mo
387 2524 635 2579 faciatis.
665 2522 721 2578 Si
754 2539 856 2577 cor
889 2531 1147 2577 vestrum
1175 2539 1294 2578 non
1325 2539 1431 2578 vos
1463 2529 1726 2587 accusat,
1763 2525 1906 2594 quia

245 2613 550 2683 iactantia:
582 2628 765 2667 causa
797 2611 985 2666 facitis
1019 2628 1031 2678 ;
1066 2613 1235 2678 bene,
1270 2613 1459 2667 securi
1491 2618 1692 2668 estote.
1723 2612 1906 2668 Nolite

247 2708 451 2758 autem
485 2703 686 2756 timere
719 2701 964 2774 quando
991 2700 1180 2756 facitis
1209 2701 1379 2764 bene,
1407 2717 1478 2756 ne
1507 2702 1701 2757 videat
1727 2702 1872 2757 alter

246 2791 414 2845 Time
448 2806 519 2844 ne
550 2795 863 2861 propterea
895 2789 1102 2854 facias,
1133 2795 1193 2845 ut
1223 2795 1281 2844 tu
1307 2789 1565 2845 lauderis
1598 2807 1610 2844 :
1641 2806 1781 2846 nam
1825 2790 1906 2845 vi-

247 2880 392 2934 deat
418 2879 582 2944 alter,
621 2885 681 2933 ut
706 2882 856 2933 Deus
887 2878 1180 2934 laudetur.
1217 2878 1268 2934 Si
1299 2879 1454 2934 enim
1482 2879 1803 2934 abscondis
1829 2880 1906 2935 ab

247 2969 442 3024 oculis
472 2967 776 3035 hominis;
802 2968 1124 3024 abscondis
1152 2970 1228 3024 ab
1260 2967 1590 3024 imitatione
1625 2969 1903 3034 hominis,

241 3058 494 3115 laudem
527 3057 826 3113 subtrahis
851 3061 986 3112 Deo.
1016 3058 1139 3113 Duo
1171 3059 1544 3130 suntquibus
1576 3058 1906 3131 eleemosy-

247 3164 395 3203 nam
411 3147 619 3203 facis:d
631 3163 704 3202 uo
719 3147 1092 3212 esuriunt;un
1103 3164 1169 3202 us
1184 3147 1608 3219 panem,alterj
1621 3147 1904 3203 ustitiam.

251 3237 576 3292 lnterduos
595 3237 742 3291 istos
759 3236 1088 3305 famelicos,
1104 3236 1481 3307 quiadictum
1497 3242 1603 3301 est,
1629 3236 1912 3307 Beatiqui

253 3325 524 3382 esuriant
539 3332 590 3380 et
604 3326 812 3379 sitiunt
816 3324 1133 3393 justitiam,
1148 3325 1422 3394 quoniam
1438 3325 1552 3394 ipsi
1562 3325 1910 3382 saturabun-

253 3421 357 3470 tur
383 3414 624 3485 (Matth.
651 3431 706 3479 v,
732 3415 787 3485 6)
810 3431 822 3468 :
843 3413 992 3468 inter
1013 3413 1165 3468 duos
1190 3417 1334 3469 istos
1356 3414 1683 3479 famelicos,
1713 3415 1910 3470 bonus

251 3507 538 3574 operator
555 3503 907 3557 constitutus
925 3517 1018 3567 es;
1037 3501 1086 3556 si
1110 3502 1366 3557 charitas
1391 3503 1464 3558 de
1485 3503 1582 3557 illo
1605 3513 1906 3574 operatur,

251 3591 470 3648 ambos
490 3591 821 3654 miseratur,
838 3590 1140 3646 ambobus
1156 3591 1274 3646 vult
1289 3591 1624 3648 subvenire.
1642 3592 1736 3647 llle
1751 3593 1910 3648 enim

249 3680 638 3750 quaeritquod
657 3679 1086 3744 manducet,ille
1099 3680 1308 3750 quaerit
1321 3679 1483 3751 quod
1500 3680 1767 3736 imitetur.
1780 3685 1910 3737 Pas-

253 3769 552 3833 cisistum,
570 3768 1322 3840 praebe'teisti;ambobus
1339 3769 1554 3824 dedisti
1580 3769 1910 3840 eleemosy-

252 3874 396 3914 nam
419 3857 614 3912 :illum
639 3857 818 3912 fecisti
832 3856 1257 3926 gratulatorem
1280 3857 1353 3912 de
1382 3857 1536 3913 fame
1560 3857 1863 3915 interfecta
1895 3880 1906 3924 ;

253 3947 418 4003 hunc
448 3946 636 4001 fecisti
661 3946 1018 4001 imitatorem
1041 3945 1114 4001 de
1143 3946 1417 4018 exemplo
1443 3948 1775 4019 proposito.

330 4072 418 4126 10.
451 4071 962 4140 Misereminiergo
987 4075 1272 4142 tanquam
1297 4070 1740 4138 misericordes;
1765 4075 1909 4146 quia

256 4161 317 4216 in
347 4175 419 4215 eo
445 4159 800 4231 etiamquod
826 4159 1058 4231 diligitis
1078 4159 1379 4224 inimicos,
1397 4160 1607 4217 fratres
1645 4163 1906 4234 diligitis.

257 4253 338 4306 Ne
354 4249 572 4320 putetis
585 4251 875 4304 Joannem
891 4248 1037 4304 nihil
1054 4249 1127 4304 de
1141 4248 1451 4304 dilectione
1465 4250 1684 4306 inimici
1701 4267 1912 4323 praece-

256 4339 419 4410 pisse
442 4354 455 4402 ;
475 4337 615 4408 quia
633 4338 706 4393 de
724 4337 987 4393 fraterna
1001 4338 1286 4394 charitate
1314 4354 1430 4393 non
1448 4340 1662 4394 tacuit:
1702 4340 1910 4396 fratres

258 4425 1098 4497 diligitis.Quomodo,inquis,
1125 4426 1910 4496 fratresdiligimus?Qu£ero

258 4515 986 4588 quarefdiligasinimicum
1007 4531 1214 4587 :quare
1231 4515 1385 4571 illum
1402 4517 1633 4585 diligis?
1649 4520 1716 4573 Ut
1729 4535 1915 4574 sanus

257 4605 333 4659 sit
348 4605 409 4658 in
425 4603 537 4659 hac
553 4604 672 4659 vita
691 4605 718 4659 ‘I
739 4604 906 4675 quid,
940 4604 1121 4659 sinon
1136 4604 1217 4659 illi
1239 4604 1477 4675 expedit
1492 4605 1518 4658 ?
1534 4606 1775 4662 Utdives
1790 4608 1860 4663 sit
1886 4607 1913 4662 ‘I

256 4693 428 4764 quid,
448 4693 493 4746 si
507 4691 652 4762 ipsis
665 4691 884 4748 divitiis
901 4692 1334 4748 excwcabitur?
1350 4696 1414 4748 Ut
1429 4710 1674 4749 uxorem
1689 4695 1914 4751 ducat?

256 4781 425 4852 quid,
460 4781 506 4835 si
539 4796 806 4836 amaram
840 4781 1021 4836 vitam
1052 4781 1190 4836 inde
1217 4782 1510 4852 patietur?
1533 4786 1598 4840 Ut
1620 4783 1776 4840 ﬁlios
1802 4786 1913 4841 ha-

255 4869 448 4926 beat?
486 4870 656 4942 quid,
685 4871 732 4925 si
762 4871 898 4925 mali
931 4875 1104 4926 erunt
1137 4869 1164 4924 τι)
1191 4871 1420 4926 Incerta
1452 4878 1591 4927 sunt
1620 4889 1759 4944 ergo
1800 4876 1911 4931 ista

257 4973 396 5030 qua:
431 4957 645 5012 videris
672 4965 876 5028 optare
908 4958 1148 5013 inimico
1179 4963 1297 5024 tuo,
1330 4961 1473 5030 quia
1493 4960 1687 5032 diligis
1731 4979 1868 5018 eum
1895 4980 1909 5028 ς

253 5046 484 5102 incerta
513 5050 670 5101 sunt.
706 5047 856 5118 Opta
886 5045 968 5102 illi
993 5050 1056 5101 ut
1075 5046 1296 5103 habeat
1325 5051 1514 5103 tecum
1537 5050 1721 5104 vitam
1750 5057 1911 5107 aeter-

252 5151 403 5191 nam
434 5154 446 5202 ;
475 5140 618 5205 opta
649 5135 730 5190 illi
765 5140 826 5190 ut
853 5135 922 5191 sit
951 5134 1130 5191 frater
1156 5141 1313 5191 tuus.
1347 5138 1552 5206 Siergo
1583 5138 1696 5193 hoc
1736 5145 1908 5209 optas

255 5223 568 5294 diligendo
583 5223 982 5288 inimicum,ut
1000 5224 1070 5279 sit
1088 5224 1262 5280 frater
1292 5231 1455 5292 tuus;
1477 5241 1612 5280 cum
1632 5243 1769 5281 eum
1785 5228 1909 5282 dili-

262 5312 634 5383 gis,ffratrem
659 5312 1008 5382 diligis.Non
1042 5314 1203 5368 enim
1218 5330 1387 5369 amas
1409 5314 1467 5369 in
1487 5314 1584 5370 illo
1599 5316 1761 5387 quod
1777 5321 1866 5372 est
1895 5335 1907 5385 ;

256 5402 368 5457 sed
400 5401 564 5474 quod
591 5401 678 5456 vis
712 5406 772 5456 ut
807 5401 898 5456 sit.
935 5403 1206 5460 Dixeram
1259 5402 1584 5475 aliquando
1635 5404 1910 5462 Charitati

325 5562 460 5627 'Er.
504 5562 673 5627 Lugd.
708 5565 838 5613 Ven.
887 5564 1014 5614 Lov.
1043 5566 1118 5614 sic
1164 5565 1416 5614 exhibent
1477 5566 1620 5616 hunc
1680 5567 1856 5617 locum
1895 5583 1906 5617 :

262 5625 550 5674 Blanditur
583 5625 910 5689 superbiam"
940 5627 1034 5676 illa
1070 5629 1273 5676 vestit...
1306 5627 1400 5677 illa
1430 5630 1565 5678 enim
1601 5631 1767 5681 vestit.
1797 5631 1845 5679 M

321 5692 341 5724 ³
374 5689 458 5738 Er.
497 5689 665 5754 Lugd.
698 5690 828 5740 Ven.
862 5690 1011 5747 Lov.,
1040 5691 1353 5754 prwbes..M.

1419 227 1422 230 Α
1483 172 1904 232 TRACTATUS
1938 172 2088 230 VIII.
2133 175 2364 232 CAPUT
2397 179 2489 235 IV.

3525 181 3660 238 2045'

2022 304 2252 367 vestrae,
2281 303 2392 358 nisi
2425 303 2596 359 fallor
2630 321 2642 360 :
2681 304 2884 360 Robur
2931 309 3015 360 est
3059 304 3200 374 ligni
3244 308 3628 380 positura?

2019 390 2222 445 oculos
2256 407 2269 456 ;
2296 391 2462 447 faber
2490 394 2754 464 optimus
2784 393 2927 448 vidit
2957 393 3182 465 lignum
3214 376 3335 450 non
3374 376 3490 475 dc-i
3521 376 3627 475 ξω

2019 477 2092 533 de
2107 479 2256 535 silva
2271 482 2609 551 praecisum,
2641 483 2949 538 adamavit
2974 500 2984 537 :
3005 484 3359 555 nescioquid
3392 473 3628 564 inic'im‘n.t

2020 565 2232 623 facere.
2268 572 2392 624 Non
2416 572 2570 625 enim
2605 572 2680 626 ad
2701 572 2813 626 hoc
2846 573 3087 638 amavit,
3111 579 3169 628 ut
3199 575 3527 644 sempersic
3543 554 3670 631 dia-

2021 663 2175 712 neat.
2208 659 2271 712 In
2296 665 2418 714 arte
2450 660 2777 732 viditquod
2808 661 3070 715 futurum
3098 667 3202 724 est,
3224 678 3343 716 non
3375 663 3433 717 in
3463 680 3667 721 amore

2020 747 2182 816 quod
2215 752 2338 813 est;
2373 754 2426 804 et
2451 749 2676 804 amavit
2705 750 2868 820 quod
2902 750 3038 804 inde
3088 750 3352 806 facturus
3403 758 3513 817 est,
3546 770 3667 809 non

2021 834 2160 889 illud
2195 837 2359 908 quod
2386 844 2496 893 est.
2529 838 2622 892 Sic
2655 844 2836 893 etnos
2871 839 3024 894 Deus
3057 840 3279 895 amavit
3307 846 3666 912 peccatores.

2021 923 2280 979 Dicimus
2306 927 2442 997 quia
2481 930 2631 982 Deus
2671 929 2896 983 amavit
2962 933 3342 998 peccatores:
3378 931 3457 986 ait
3486 933 3665 997 enim,

2019 1005 2152 1060 Non
2184 1010 2264 1062 est
2293 1024 2439 1075 opus
2469 1009 2630 1063 sanis
2661 1009 2946 1073 medicus;
2975 1010 3076 1065 sed
3107 1011 3262 1065 male
3317 1011 3668 1068 habentibus

2022 1094 2258 1162 (Matth.
2280 1111 2358 1160 1x,
2387 1097 2808 1168 l2).Numquid
2823 1098 2899 1152 ad
2914 1098 3027 1152 hoc
3053 1099 3280 1153 amavit
3308 1105 3665 1170 peccatores,

2020 1187 2081 1236 ut
2114 1189 2454 1252 peccatores
2467 1201 2836 1241 remanerem
2849 1188 2957 1243 us?
2977 1188 3154 1251 Quasi
3179 1188 3410 1257 lignum
3433 1189 3505 1243 de
3520 1189 3668 1246 silva

2017 1270 2163 1326 vidit
2184 1287 2292 1326 nos
2307 1271 2491 1338 faber,
2509 1279 2564 1328 et
2582 1275 2868 1342 cogitavit
2888 1275 3206 1330 aediﬁcium
3237 1278 3397 1348 quod
3428 1278 3564 1333 inde
3579 1278 3667 1335 fa-

2017 1363 2222 1414 cturus
2255 1366 2358 1424 est,
2388 1378 2508 1417 non
2540 1363 2752 1419 silvam
2783 1365 2944 1435 quod
2971 1369 3115 1420 erat.
3144 1367 3234 1420 Sic
3264 1371 3318 1421 et
3347 1373 3406 1421 tu
3424 1369 3666 1438 respicis

2015 1446 2321 1504 inimicum
2345 1455 2511 1506 tuum
2529 1452 2966 1515 adversantem,
2996 1454 3356 1519 saevientem,
3391 1456 3666 1511 morden-

2018 1541 2135 1592 tem
2166 1539 2384 1606 verbis,
2413 1546 2866 1612 exasperantem
2917 1542 3312 1606 contumeliis,
3372 1543 3663 1600 insectan-

2015 1630 2133 1682 tem
2165 1628 2316 1683 odiis
2345 1647 2361 1698 ;
2392 1630 2644 1685 attendis
2669 1631 2748 1685 ibi
2771 1632 2914 1703 quia
2944 1632 3126 1686 homo
3149 1637 3255 1687 est.
3310 1632 3486 1688 Vides
3550 1635 3659 1691 ista

2016 1717 2217 1771 omnia
2238 1733 2372 1788 qua;
2404 1719 2660 1775 adversa
2694 1725 2830 1775 sunt
2860 1720 2938 1776 ab
2961 1721 3204 1774 homine
3249 1720 3408 1777 facta
3439 1739 3451 1787 ;
3501 1728 3556 1778 et
3579 1725 3660 1778 vi-

2014 1804 2120 1860 des
2145 1805 2204 1860 in
2237 1807 2332 1862 illo
2355 1808 2517 1878 quod
2537 1825 2572 1864 a
2597 1811 2711 1864 Deo
2752 1809 2940 1864 factus
2969 1815 3074 1865 est.
3109 1811 3281 1874 Quod
3306 1816 3505 1866 autem
3560 1813 3665 1868 ho-

2014 1909 2114 1948 mo
2130 1893 2319 1950 factus
2360 1900 2467 1964 est,
2495 1913 2529 1952 a
2550 1901 2665 1953 Deo
2681 1898 2870 1953 factus
2900 1901 3184 1964 est.Quod
3219 1905 3418 1954 autem
3451 1901 3659 1964 teodit,

2015 1997 2122 2052 pse
2151 1984 2281 2038 fecit
2319 2003 2331 2050 ;
2373 1987 2536 2055 quod
2565 1987 2810 2058 invidet,
2838 1989 2959 2060 ipse
2982 1988 3134 2044 fecit.
3169 1989 3386 2061 thuid
3415 1989 3563 2044 dicis
3603 1991 3660 2044 in

2013 2072 2216 2128 animo
2245 2077 2346 2129 tuo
2369 2073 2396 2129 ‘i
2431 2076 2998 2147 Domine,propitius
3024 2078 3102 2132 illi
3137 2084 3284 2143 esto,
3317 2078 3543 2134 dimitte
3581 2078 3662 2133 illi

2012 2167 2290 2232 peccata;
2316 2164 2512 2220 incute
2539 2165 2618 2220 illi
2636 2171 2943 2231 terrorem,
2974 2168 3475 2224 mutaillum.Non
3489 2185 3658 2224 amas

2012 2251 2071 2305 in
2105 2251 2203 2306 illo
2245 2253 2410 2323 quod
2441 2259 2547 2320 est,
2584 2254 2688 2309 sed
2710 2256 2874 2326 quod
2897 2256 2987 2310 vis
3015 2261 3078 2310 ut
3111 2257 3366 2328 sit.Ergo
3388 2274 3521 2311 cum
3558 2257 3662 2311 ini-

2012 2341 2239 2396 micum
2271 2358 2463 2406 amas,
2488 2342 2726 2399 fratrem
2758 2360 2948 2398 amas.
2983 2346 3355 2416 Quapropter
3377 2345 3661 2417 ’perfecta

2012 2428 2269 2495 dilectio,
2299 2435 2385 2485 est
2414 2431 2636 2487 inimici
2669 2432 2905 2488 dilectio
2943 2451 2955 2487 :
2987 2449 3121 2505 quae
3145 2434 3404 2506 perfecta
3425 2434 3660 2490 dilectio

2012 2524 2102 2573 est
2124 2519 2181 2573 in
2206 2519 2519 2576 dilectione
2550 2520 2832 2576 fraterna.
2862 2525 2925 2577 Et
2951 2538 3129 2578 nemo
3178 2523 3336 2578 dicat
3383 2525 3526 2595 quia
3559 2523 3661 2579 ali-

2012 2606 2156 2678 quid
2181 2608 2378 2662 minus
2405 2624 2514 2663 nos
2548 2611 3048 2666 monuitJoannes
3078 2612 3405 2683 apostolus,
3435 2617 3492 2667 et
3524 2612 3659 2683 plus

2013 2711 2124 2750 nos
2157 2697 2388 2752 monuit
2417 2697 2703 2753 Dominus
2719 2700 3004 2755 Christus.
3030 2701 3292 2756 Joannes
3310 2718 3418 2756 nos
3437 2702 3668 2756 monuit

2014 2789 2077 2839 ut
2105 2783 2310 2840 fratres
2363 2786 2732 2857 diligamus;
2765 2789 3028 2844 Christus
3087 2806 3197 2845 nos
3251 2791 3565 2846 admonuit
3608 2795 3671 2846 ut

2013 2873 2189 2929 etiam
2215 2874 2488 2930 inimicos
2511 2877 2961 2946 diligamus(Id.
2999 2879 3189 2949 v,44).
3213 2880 3459 2934 Attende
3485 2895 3671 2951 quare

2012 2968 2066 3018 te
2097 2963 2324 3018 monuit
2353 2964 2612 3019 Christus
2640 2971 2703 3020 ut
2747 2966 2960 3036 diligas
3021 2967 3314 3023 inimicos.
3371 2969 3670 3040 Numquid

2015 3056 2076 3106 ut
2109 3068 2344 3121 semper
2375 3059 2727 3109 remaneant
2748 3054 3010 3111 inimici?
3037 3058 3091 3112 Si
3121 3057 3197 3112 ad
3227 3058 3339 3112 hoc
3363 3063 3415 3112 te
3433 3059 3666 3114 monuit

2013 3145 2078 3196 ut
2108 3140 2330 3195 inimici
2360 3148 2732 3208 remaneant,
2762 3143 2915 3213 odis,
2972 3161 3093 3200 non
3153 3145 3370 3217 diligis.
3419 3147 3664 3202 Attende

2014 3229 2323 3300 quomodo
2351 3230 2477 3300 ipse
2506 3231 2727 3296 dilexit,
2763 3232 2822 3286 id
2855 3238 2960 3302 est,
3015 3235 3156 3304 quia
3209 3235 3449 3290 nolebat
3501 3236 3667 3291 utsic

2015 3323 2394 3373 remanerent
2416 3327 2822 3390 persecutores
2851 3341 2863 3389 ;
2888 3322 2987 3388 ait,
3023 3326 3221 3386 Pater,
3248 3323 3478 3392 ignosce
3527 3324 3671 3392 illis,

2016 3409 2157 3478 quia
2197 3411 2463 3464 nesciunt
2493 3411 2637 3480 quid
2655 3411 2888 3480 faciunt
2922 3410 3085 3482 (Luc.
3107 3428 3261 3476 χχιιι,
3296 3414 3406 3481 34).
3443 3411 3669 3476 Quibus

2017 3496 2199 3551 voluit
2232 3497 2480 3566 ignosci,
2505 3499 2720 3555 mutari
2750 3499 2881 3554 illos
2915 3500 3100 3556 voluit
3132 3515 3312 3571 :quos
3327 3499 3512 3555 voluit
3540 3517 3667 3556 mu-

2017 3585 2147 3650 tari,
2182 3602 2250 3640 ex
2283 3587 2535 3641 inimicis
2556 3587 2762 3642 fratres
2790 3589 2980 3644 facere
3000 3589 3278 3658 dignatus
3302 3594 3408 3653 est,
3439 3595 3495 3645 et
3534 3605 3669 3645 vere

2018 3673 2102 3727 sic
2135 3673 2288 3728 fecit.
2322 3675 2564 3730 Occisus
2597 3683 2700 3740 est,
2763 3677 3027 3748 sepultus
3081 3684 3183 3742 est,
3238 3677 3575 3742 resurrexit,
3605 3677 3663 3733 in

2015 3762 2228 3818 ccelum
2255 3764 2548 3829 ascendit,
2575 3765 2854 3836 Spiritum
2892 3771 3165 3821 sanctum
3205 3766 3364 3822 misit
3407 3767 3669 3838 discipu-

2012 3851 2084 3906 lis
2110 3869 2122 3918 ;
2147 3857 2456 3923 cmperunt
2485 3870 2622 3909 cum
2636 3854 3205 3926 ﬁduciapraedicare
3220 3871 3440 3911 nomen
3459 3857 3667 3927 ipsius,

2016 3942 2307 3997 miracula
2337 3941 2706 3998 faciebantin
2740 3945 2982 4000 nomine
3014 3944 3274 3999 cruciﬁxi
3325 3950 3381 4000 et
3438 3945 3619 4001 occisi
3654 3963 3665 4000 :

2014 4029 2389 4085 videruntilli
2412 4030 2813 4088 interfectores
2860 4033 3092 4088 Domini
3141 4050 3154 4098 ;
3190 4038 3244 4088 et
3286 4036 3388 4105 qui
3431 4034 3674 4105 sangui-

2018 4134 2154 4174 nem
2188 4120 2313 4189 ejus
2351 4120 2653 4177 saeviendo
2694 4121 2995 4186 fuderunt,
3043 4123 3340 4177 credendo
3367 4122 3668 4179 biberunt.

2095 4261 2176 4314 11.
2210 4261 2342 4316 Ilaec
2370 4261 2512 4326 dixi,
2534 4261 2763 4330 fratres,
2788 4264 3227 4334 etlongiuscule
3255 4280 3267 4318 :
3302 4268 3503 4318 tamen
3529 4264 3672 4333 quia

2018 4350 2425 4406 vehementius
2439 4352 2928 4406 commendanda
2948 4352 3052 4407 fuit
3067 4353 3342 4408 Charitati
3366 4354 3572 4406 vestras
3589 4353 3672 4424 ip-

2021 4456 2088 4495 sa
2119 4438 2395 4504 charitas,
2422 4439 2549 4494 ideo
2577 4440 3062 4495 commendanda
3093 4441 3174 4495 sic
3215 4447 3357 4496 erat.
3420 4441 3476 4498 Si
3509 4444 3668 4498 enim

2020 4529 2276 4584 charitas
2305 4527 2465 4581 nulla
2497 4531 2582 4582 est
2610 4529 2667 4582 in
2701 4528 3048 4593 vobis,nihil
3069 4529 3350 4584 diximus.
3382 4531 3438 4586 Si
3464 4536 3666 4587 autem

2020 4622 2105 4673 est
2126 4617 2186 4671 in
2209 4616 2702 4687 vobis,tanquam
2727 4617 2923 4672 oleum
2945 4619 3004 4672 in
3023 4619 3290 4673 ﬂammas
3310 4619 3667 4692 adjecimus;

2019 4711 2076 4763 et
2105 4707 2162 4760 in
2194 4721 2315 4776 quo
2339 4719 2459 4758 non
2484 4709 2627 4765 erat,
2653 4705 2800 4761 forte
2833 4707 3024 4762 verbis
3047 4723 3303 4764 accensa
3325 4715 3433 4765 est.
3468 4711 3530 4766 In
3548 4711 3667 4767 alio

2019 4794 2201 4850 crevit
2232 4792 2392 4864 quod
2412 4796 2535 4847 erat
2570 4809 2582 4858 ;
2607 4793 2664 4847 in
2685 4793 2798 4848 alio
2827 4795 3002 4865 coepit
3025 4812 3151 4850 esse
3173 4797 3338 4868 quod
3368 4813 3487 4854 non
3522 4806 3668 4856 erat.

2017 4884 2106 4940 Ad
2131 4883 2245 4938 hoc
2275 4881 2931 4951 ergoistadiximusme
2954 4886 3105 4956 pigri
3138 4887 3262 4942 sitis
3296 4886 3532 4959 diligere
3556 4890 3671 4945 ini-

2018 4974 2227 5030 micos.
2265 4972 2436 5028 Saevit
2468 4971 2526 5026 in
2561 4977 2614 5027 te
2640 4971 2824 5029 homo
2856 4975 2883 5030 ?
2913 4974 3006 5029 ille
3035 4977 3219 5041 saevit,
3267 4984 3327 5031 tu
3379 4993 3621 5048 precare
3655 4994 3668 5043 ;

2017 5063 2112 5119 ille
2127 5062 2270 5127 odit,
2306 5066 2366 5116 tu
2398 5060 2698 5119 miserere.
2732 5063 2933 5119 Febris
2957 5064 3171 5120 animae
3205 5065 3392 5136 ipsius
3415 5071 3468 5120 te
3501 5066 3621 5120 odit
3652 5086 3664 5124 :

2018 5168 2200 5207 sanus
2231 5151 2357 5211 erit,
2393 5154 2449 5204 et
2480 5151 2701 5217 gratias
2725 5152 2826 5207 tibi
2861 5158 3016 5221 aget.
3080 5153 3394 5217 Quomodo
3453 5154 3668 5209 medici

2018 5241 2275 5310 diligunt
2307 5246 2570 5308 aegrotos
2603 5242 2630 5297 ?
2661 5241 2961 5312 Numquid
2985 5249 3238 5311 aegrotos
3274 5242 3530 5312 diligunt
3561 5245 3589 5300 ?
3611 5245 3669 5299 Si

2018 5334 2272 5400 aegrotos
2286 5329 2561 5399 diligunt,
2578 5330 2781 5384 volunt
2797 5335 2857 5383 ut
2871 5345 3108 5399 semper
3123 5334 3428 5400 aegrotent.
3454 5330 3538 5385 Ad
3556 5332 3669 5387 hoc

2019 5418 2269 5488 diligunt
2292 5424 2568 5487 aegrotos,
2603 5433 2722 5473 non
2751 5423 2810 5472 ut
2843 5420 3041 5486 mgroti
3075 5424 3446 5488 remaneant,
3477 5421 3580 5476 sed
3606 5426 3670 5477 ut

2018 5523 2085 5563 ex
2129 5508 2361 5575 aegrotis
2394 5509 2520 5563 sani
2549 5507 2714 5562 ﬁant.
2743 5507 3040 5580 thuanta
3064 5508 3410 5581 plerumque
3440 5510 3671 5581 patiun-

2018 5601 2113 5652 tur
2142 5613 2176 5652 a
2195 5596 2550 5667 phreneticis
2575 5595 2602 5650 ?
2630 5597 2838 5670 quales
2861 5598 3255 5654 contumelias
3288 5598 3609 5656 verborum
3644 5602 3672 5656 ‘I

2020 5685 2372 5759 Plerumque
2404 5688 2898 5761 etpercutiuntur.
2921 5687 3408 5762 Persequiturille
3420 5690 3666 5758 febrem,
