4182 6198
491 128 689 220 2Ἒοιιε».

488 268 801 363 g‘fgnoscit
833 287 1065 346 homini
1092 305 1103 343 :
1137 292 1193 346 et
1211 289 1358 363 quid
1377 289 1597 357 dicam,
1620 289 1829 347 fratres
1852 291 1882 347 7
1898 292 2064 346 amat
2090 289 2199 344 ini-

487 347 771 488 :zgzcsum
790 394 966 433 suum
991 379 1153 435 ?Imo
1183 379 1309 434 odit
1337 379 1648 435 inimicum
1674 392 1851 435 suum
1876 377 2157 435 morbum
2183 392 2197 446 ;

693 479 744 488 μ
784 467 930 488 -_:_-
975 483 997 488 ,
1024 467 1091 488 ,η
1154 471 1199 488 ,ι
1237 472 1395 488 __-_.
1421 467 1717 488 L-_A,_-__
1753 484 1774 488 -
1817 483 1922 488 -.η
1951 466 2174 488 “una

677 467 747 534 με]
779 467 937 523 enim
968 467 1114 533 odit,
1147 471 1205 523 et
1235 472 1398 523 amat
1420 467 1722 524 hominem
1747 484 1783 525 a
1809 483 1930 540 quo
1951 466 2203 540 percuti-

180 594 183 595 γ
230 556 680 611 θυαε-λεῖξαι
713 556 840 611 odit
870 556 1115 612 febrem.
1160 560 1206 613 Α
1233 572 1355 629 quo
1385 556 1545 613 enim
1576 557 1947 629 percutitur?
1976 562 2020 612 A
2042 571 2205 613 mor-

548 644 650 711 bo,
679 644 757 700 ab
783 646 1188 714 aegrotatione,
1224 662 1260 701 a
1290 644 1470 701 febre.
1530 646 1678 702 Illud
1722 646 1872 702 tollit
1912 645 2078 718 quod
2123 644 2202 701 illi

550 733 916 801 adversatur,
953 740 1017 790 ut
1044 742 1348 791 remaneat
1372 735 1519 791 illud
1554 736 1713 792 unde
1741 735 2084 805 gratuletur.
2113 736 2205 791 Sic

553 826 608 878 et
636 825 700 877 tu
732 841 745 881 :
776 823 823 877 si
853 822 975 878 odit
1008 827 1060 878 te
1092 823 1375 879 inimicus
1403 828 1561 888 tuus,
1586 828 1642 880 et
1674 824 1896 897 injuste
1930 829 1983 880 te
2030 823 2157 879 odit
2187 838 2201 888 ;

552 910 783 966 noveris
796 912 936 983 quia
949 912 1242 984 cupiditas
1256 913 1455 967 saeculi
1471 914 1528 968 in
1546 913 1643 969 illo
1655 918 2208 986 regnat,propterea

555 1004 608 1055 te
628 998 833 1055 odit.Si
858 1000 1035 1056 odisti
1057 1001 1223 1057 illum
1239 1008 1291 1056 et
1311 1006 1605 1067 tu,contra
1628 1002 1829 1057 reddis
1854 1001 2078 1057 malum
2098 1015 2207 1072 pro

553 1087 735 1144 malo.
752 1090 902 1154 Quid
920 1089 1064 1146 facit
1084 1091 1332 1146 reddere
1356 1092 1585 1147 malum
1601 1107 1709 1162 pro
1739 1091 1899 1147 malo
1918 1093 1935 1128 ί
1967 1089 1995 1145 ?
2013 1092 2207 1147 Unum

552 1181 844 1247 aegrotum
873 1177 1117 1243 ﬂebam,
1140 1180 1240 1251 qui
1280 1184 1332 1235 te
1363 1180 1570 1236 oderat
1597 1196 1611 1246 ;
1640 1181 1768 1251 jam
1792 1180 1945 1236 duos
1962 1180 2206 1250 plango,

553 1266 603 1321 si
625 1270 681 1322 et
712 1271 772 1321 tu
798 1267 995 1323 odisti.
1018 1269 1129 1323 Sed
1153 1269 1526 1340 persequitur
1545 1284 1671 1324 rem
1690 1275 1857 1325 tuam
1884 1286 1897 1336 ;
1933 1268 2080 1324 tollit
2108 1267 2208 1323 tibi

556 1355 760 1411 nescio
791 1372 1098 1429 quae,quee
1126 1358 1314 1413 habes
1340 1360 1399 1413 in
1430 1364 1583 1415 terra
1613 1374 1625 1413 :
1655 1358 1792 1414 ideo
1816 1358 1981 1415 illum
2005 1355 2208 1429 odisti,

552 1445 692 1516 quia
729 1447 1035 1514 angustias
1065 1446 1166 1501 tibi
1193 1446 1333 1503 facit
1360 1446 1420 1502 in
1450 1451 1603 1503 terra
1631 1465 1643 1500 :
1670 1448 1793 1504 Noli
1846 1448 1966 1519 pati
2025 1462 2211 1517 angu-

557 1534 692 1600 tias,
726 1535 916 1607 migra
937 1536 996 1590 in
1028 1536 1245 1592 coelum
1274 1552 1517 1592 sursum
1551 1556 1563 1595 :
1601 1552 1703 1593 cor
1728 1537 1804 1592 ibi
1826 1536 2080 1593 habebis
2109 1534 2208 1590 ubi

555 1622 806 1679 latitudo
831 1630 939 1689 est,
965 1629 1027 1680 ut
1061 1625 1254 1682 nullas
1280 1626 1586 1695 angustias
1620 1626 1863 1697 patiaris
1896 1626 1954 1681 in
1988 1640 2093 1697 spe
2127 1623 2208 1678 vi-

560 1716 633 1767 tae
663 1717 922 1770 aeternas.
943 1714 1191 1769 Attende
1222 1730 1357 1786 qua:
1393 1714 1496 1771 tibi
1530 1714 1712 1771 tollit:
1746 1730 1856 1770 nec
1913 1714 2046 1786 ipsa
2104 1712 2208 1769 tibi

563 1800 809 1867 tolleret,
840 1803 951 1858 nisi
982 1802 1075 1859 ille
1097 1804 1461 1875 permitteret
1505 1803 1609 1876 qui
1660 1805 1936 1875 ﬂagellat
1981 1818 2210 1860 omnem

558 1890 929 1962 ﬁliumquem
962 1892 1169 1959 recipit
1203 1892 1408 1963 (Hebr.
1463 1908 1561 1959 xu,
1619 1892 1694 1963 6).
1745 1892 2209 1958 Quodammodo

560 1978 986 2035 ferramentum
1003 1981 1098 2036 Dei
1112 1987 1331 2052 estquo
1348 1982 1593 2053 saneris,
1617 1981 2037 2054 ipseinimicus
2050 1986 2207 2036 tuus.

563 2066 622 2124 Si
641 2067 802 2123 novit
817 2071 966 2124 Deus
996 2069 1133 2125 utile
1158 2070 1263 2125 tibi
1292 2076 1488 2126 essent
1514 2071 1800 2143 exspoliet
1825 2075 1899 2139 te,
1930 2069 2212 2142 permittit

561 2155 731 2212 illum
766 2173 779 2223 ;
811 2157 1028 2213 sinovit
1058 2158 1165 2214 tibi
1199 2159 1341 2215 utile
1369 2175 1505 2215 esse
1536 2165 1599 2216 ut
1627 2159 1896 2231 vapules,
1928 2158 2213 2231 permittit

562 2244 753 2313 illum,
788 2250 853 2303 ut
885 2247 1161 2304 caadaris:
1183 2247 1258 2303 de
1287 2248 1388 2305 illo
1422 2252 1478 2305 te
1510 2252 1695 2316 curat,
1727 2252 1872 2322 opta
1897 2252 1963 2304 ut
1992 2246 2212 2319 illejsa-

561 2340 754 2392 netur.

641 2463 726 2517 12.
755 2462 939 2517 Deum
971 2477 1138 2518 nemo
1167 2461 1314 2518 vidit
1332 2478 1616 2534 unquam.
1652 2463 1873 2528 Videte,
1907 2461 2213 2517 dilectissi-

565 2548 647 2603 mi
682 2566 695 2603 :
727 2550 800 2605 Si
827 2550 1150 2619 diligamus
1174 2552 1443 2622 invicem,
1474 2554 1627 2608 Deus
1656 2554 1717 2607 in
1734 2551 1898 2607 nobis
1930 2551 2210 2617 manebit,

565 2643 619 2693 et
659 2638 896 2693 dilectio
928 2641 1054 2707 ejus
1081 2640 1189 2695 erit
1217 2641 1483 2708 perfecta
1504 2641 1565 2696 in
1594 2642 1781 2696 nobis.
1836 2639 2033 2711 Incipe
2084 2638 2213 2694 dili-

562 2740 720 2797 gere,
754 2726 1092 2797 perﬁcieris.
1128 2728 1360 2795 Cmpisti
1376 2728 1616 2797 diligere
1642 2727 1670 2783 ‘f
1701 2727 1948 2800 coepitin
1990 2733 2041 2783 te
2063 2730 2214 2783 Deus

561 2813 853 2880 habitare,
914 2830 1053 2869 ama
1083 2828 1220 2869 eum
1243 2816 1427 2887 quiin
1484 2821 1536 2871 te
1581 2815 1758 2888 coepit
1805 2817 2094 2882 habitare,
2154 2820 2216 2871 ut

564 2901 882 2972 perfectius
906 2900 1295 2959 inhabitando
1328 2903 1507 2960 faciat
1538 2910 1591 2961 te
1616 2904 1964 2975 perfectum.
2001 2905 2076 2961 In
2110 2905 2216 2961 hoc

564 2990 969 3060 cognoscimus
999 2991 1141 3063 quia
1168 2992 1228 3048 in
1242 2992 1699 3063 ipsomanemus,
1730 3000 1783 3050 et
1799 2996 1920 3063 ipse
1945 2994 2005 3049 in
2025 2994 2212 3059 nobis,

564 3080 706 3151 quia
736 3079 807 3136 de
828 3079 1064 3148 Spiritu
1088 3097 1191 3136 suo
1217 3082 1377 3137 dedit
1408 3083 1592 3138 nobis.
1620 3085 1795 3149 Bene,
1824 3082 1942 3138 Deo
1970 3082 2212 3155 gratias.

564 3169 996 3239 Cognoscimus
1028 3170 1173 3242 quia
1201 3171 1428 3228 habitat
1462 3172 1520 3227 in
1555 3172 1748 3228 nobis.
1776 3174 1839 3228 Et
1868 3172 1983 3227 hoc
2012 3172 2214 3244 ipsum

567 3258 725 3314 unde
755 3260 1194 3329 cognoscimus,
1217 3260 1361 3332 quia
1385 3261 1776 3334 cOgnovimus
1808 3261 1953 3334 quia
1990 3261 2217 3316 habitat

563 3346 625 3403 in
659 3347 835 3404 nobis
865 3347 893 3402 ‘I
919 3348 1070 3414 Quia
1107 3348 1219 3405 hoc
1247 3349 1376 3420 ipse
1424 3351 1687 3405 Joannes
1715 3349 1897 3405 dixit:
1957 3348 2106 3416 Quia
2145 3348 2218 3405 de

565 3438 794 3507 Spiritu
821 3453 925 3494 suo
943 3437 1103 3494 dedit
1142 3440 1328 3494 nobis.
1359 3438 1524 3494 Unde
1556 3438 1782 3494 scimus
1814 3439 1953 3510 quia
1984 3438 2056 3495 de
2082 3437 2219 3507 Spi-

565 3530 689 3584 ritu
715 3542 821 3583 suo
846 3527 1006 3583 dedit
1028 3527 1195 3582 nobis
1222 3525 1250 3581 ‘l
1280 3530 1396 3582 Hoc
1418 3528 1641 3599 ipsum,
1700 3528 1843 3600 quia
1874 3527 1947 3583 de
1996 3527 2217 3600 Spiritu

569 3633 680 3673 suo
702 3616 863 3672 dedit
893 3615 1017 3681 tibi,
1045 3616 1202 3671 unde
1231 3617 1546 3686 cognoscis
1584 3616 1612 3672 ‘I
1641 3618 1944 3686 Interroga
1994 3617 2218 3672 viscera

566 3706 776 3763 tuazsi
804 3705 981 3773 plena
1011 3705 1481 3770 suntcharitate,
1520 3706 1710 3763 habes
1761 3706 2045 3778 Spiritum
2091 3705 2214 3761 Dei.

569 3795 737 3850 Unde
763 3794 1183 3862 cognoscimus
1215 3795 1357 3866 quia
1411 3794 1550 3851 inde
1594 3795 1910 3867 cognoscis
1950 3794 2219 3851 habitare

568 3884 629 3938 in
660 3888 711 3936 te
739 3882 1020 3951 Spiritum
1048 3881 1147 3937 Dei
1177 3881 1206 3933 Τ
1238 3882 1484 3937 Paulum
1510 3883 1811 3954 interroga
1835 3883 2177 3956 apostolum
2203 3899 2215 3937 :

575 3971 864 4038 Quoniam
879 3969 1145 4025 Charitas
1167 3971 1276 4026 Dei
1287 3971 1508 4039 diffusa
1524 3978 1605 4027 est
1632 3972 1694 4027 in
1718 3973 1993 4029 cordibus
2008 3972 2222 4028 nostris

570 4075 680 4131 per
716 4057 1004 4129 Spiritum
1028 4064 1298 4115 sanctum
1347 4058 1452 4131 qui
1490 4060 1663 4115 datus
1702 4067 1786 4117 est
1826 4063 1987 4118 nobis
2027 4063 2217 4133 (Rom.

575 4164 632 4215 V,
652 4154 727 4214 5).

650 4278 731 4331 l3.
763 4274 838 4330 Et
872 4288 991 4330 non
1016 4272 1294 4340 vidimus,
1335 4281 1385 4329 et
1416 4279 1583 4331 testes
1607 4290 1829 4344 sumus,
1852 4276 1994 4348 quia
2050 4276 2227 4333 Pater

574 4363 729 4420 misit
751 4364 975 4420 Filium
998 4378 1169 4419 suum
1186 4363 1561 4420 Salvatorem
1591 4364 1819 4420 mundi.
1853 4364 2055 4421 Securi
2076 4369 2228 4422 esto-

574 4456 628 4509 te
650 4453 751 4525 qui
792 4452 1092 4523 aegrotatis
1125 4451 1292 4509 :talis
1324 4452 1595 4509 medicus
1644 4453 1826 4519 venit,
1861 4458 1917 4510 et
1945 4454 2226 4526 despera-

574 4543 646 4600 tis
676 4543 704 4600 ?
734 4543 925 4613 Magni
949 4546 1119 4598 erant
1150 4541 1745 4608 morbi,insanabilia
1773 4542 2225 4609 erantvulnera,

574 4632 889 4704 desperata
914 4638 1038 4688 erat
1068 4632 1377 4703 aegritudo.
1426 4632 1891 4702 Magnitudinem
1952 4632 2093 4688 mali
2146 4633 2229 4688 tui

578 4721 832 4776 attendis
858 4721 885 4775 ?
917 4723 998 4777 Tu
1021 4721 1364 4791 desperatus
1409 4737 1471 4777 es
1507 4740 1520 4790 ;
1554 4722 1656 4777 sed
1706 4722 1800 4777 ille
1849 4722 2230 4795 omnipotens

579 4813 667 4864 est
698 4824 711 4863 :
745 4809 916 4878 cujus
948 4813 1123 4864 testes
1144 4809 1236 4864 isti
1268 4814 1403 4863 sunt
1430 4809 1531 4881 qui
1566 4810 1759 4881 primo
1780 4810 1996 4874 sanati,
2024 4815 2079 4866 et
2123 4826 2232 4866 an-

578 4896 921 4953 nuntiantes
945 4897 1248 4952 medicum
1280 4913 1293 4962 ;
1315 4902 1372 4953 et
1397 4898 1502 4967 ipsi
1528 4902 1726 4953 tamen
1758 4898 1893 4967 plus
1917 4914 2021 4970 spe
2040 4901 2232 4955 sanati

581 5003 767 5063 quam
780 4989 1017 5044 re.Nam
1037 4986 1122 5041 sic
1134 4985 1603 5057 dicitApostolus
1621 5003 1633 5041 :
1648 4986 1757 5055 Spe
1769 4989 1922 5043 enim
1936 4988 2235 5055 salvifac-

584 5078 1045 5146 tisumus(1iom.
1067 5074 1541 5145 v1u,24).Cmpim
1552 5091 1616 5129 us
1637 5090 1779 5145 ergo
1794 5075 1995 5132 sanari
2010 5077 2069 5132 in
2086 5075 2228 5133 ﬁde:

583 5169 922 5243 perficietur
937 5170 1139 5223 autem
1158 5164 1322 5221 salus
1335 5169 1704 5231 nostra,cum
1723 5166 2106 5239 corruptibile
2120 5167 2234 5223 hoc

580 5255 1465 5328 indueritincorruptionem,et
1518 5255 1765 5311 mortale
1821 5255 1936 5312 hoc
1975 5256 2237 5313 induerit

584 5347 1090 5406 immortalitatem
1111 5348 1155 5417 (l
1170 5345 1303 5403 Cor.
1320 5360 1417 5412 xv,
1434 5347 1521 5411 53,
1538 5345 1648 5416 54).
1671 5347 1804 5401 Haec
1827 5360 1962 5417 spes
1975 5349 2235 5411 est,non-

651 5553 666 5583 ι
698 5550 863 5616 Lov.,_
887 5552 1021 5611 Quid
1047 5551 1177 5613 facis
1179 5550 1605 5616 redderemglugn
1608 5563 1713 5616 pro
1729 5550 1865 5599 malo
1891 5549 1917 5598 7
1944 5565 2063 5616 quae
2081 5565 2236 5616 voces

592 5610 885 5678 absuntab
908 5610 1147 5678 editione
1178 5614 1381 5663 Erasmi
1435 5610 1802 5678 Frobeniana,
1843 5617 1923 5678 iet
1961 5610 2106 5678 apud
2150 5614 2234 5665 Er.

592 5670 747 5723 Guill.
784 5676 951 5739 Lugd.
989 5680 1040 5726 et
1074 5676 1207 5727 Ven.
1245 5678 1398 5728 uncis
1432 5676 1800 5729 includuntur.
1839 5677 1907 5728 Μ.

1302 163 1381 219 ΙΝ
1425 161 1833 224 EPISTOLAM
1872 162 2162 221 JOANNIS
2197 162 2293 220 AD
2330 160 2686 231 PARTHOS,
2724 163 2787 221 S.
2823 161 3207 221 AUGUSTINI

3814 161 3965 220 seu

2314 288 2462 344 dum
2482 303 2593 345 res.
2621 289 2735 346 Sed
2754 289 2858 363 qui
2879 288 3102 360 gaudet
3127 287 3191 344 in
3216 300 3344 360 spe,
3359 286 3649 344 tenebitet
3672 300 3801 343 rem
3824 287 3969 361 :qui

2305 382 2505 434 autem
2529 394 2695 452 spem
2719 393 2843 436 non
2869 378 3071 443 habet,
3109 376 3187 434 ad
3215 391 3343 434 rem
3367 390 3490 434 non
3519 375 3737 450 poterit
3762 392 3966 449 perve-

2306 482 2434 524 mre
2445 509 2459 523 .

2380 594 2467 648 14.
2503 592 2864 666 Quicumque
2878 592 3179 663 confessus
3193 590 3382 661 fuerit
3405 590 3562 662 quod
3569 591 3741 647 Jesus
3761 595 3847 647 est
3866 590 3973 646 Fi-

2313 681 2425 738 lius
2450 681 2573 749 Dei,
2608 684 2763 740 Deus
2796 684 2860 739 in
2889 681 3014 752 ipso
3041 686 3258 746 manet,
3292 685 3344 737 et
3378 680 3504 749 ipse
3534 678 3595 735 in
3637 680 3774 736 Deo.
3833 680 3971 737 1am

2310 784 2431 826 non
2463 770 2667 828 multis
2697 770 3016 827 dicamus:
3062 769 3171 837 Qui
3225 768 3525 838 confessus
3572 767 3781 838 fuerit,
3847 783 3974 824 non

2314 859 2517 927 verbo,
2547 860 2651 915 sed
2678 859 2875 926 facto;
2910 874 3031 916 non
3060 858 3288 929 lingua,
3315 856 3421 913 sed
3443 857 3586 913 vita.
3610 857 3763 913 Nam
3795 856 3977 912 multi

2312 948 2668 1005 conﬁtentur
2692 948 2910 1019 verbis,
2942 947 3047 1004 sed
3061 946 3230 1004 factis
3250 950 3489 1016 negant.
3520 946 3598 1001 Et
3623 961 3729 1001 nos
3750 960 3975 1016 cogno—

2314 1038 2593 1103 vimus,et
2615 1038 2995 1107 credidimus,
3020 1051 3198 1109 quam
3219 1034 3582 1093 dilectionem
3607 1035 3763 1092 Deus
3795 1034 3975 1091 habet

2315 1126 2377 1182 in
2406 1126 2592 1185 nobis.
2622 1128 2918 1183 Etiterum
2951 1125 3109 1181 unde
3139 1124 3473 1196 cognovisti
3501 1123 3530 1179 ἵ
3551 1123 3708 1181 Deus
3738 1122 3979 1180 dilectio

2315 1221 2418 1273 est.
2449 1217 2577 1272 Jam
2611 1215 2759 1271 dixit
2792 1215 2940 1272 illud
2989 1214 3286 1287 superius,
3336 1228 3473 1269 ecce
3520 1213 3731 1270 iterum
3791 1211 3966 1292 dicit.

2314 1304 2582 1376 Amplius
2606 1303 2711 1360 tibi
2734 1319 2855 1360 non
2874 1304 3065 1376 potuit
3083 1301 3317 1358 dilectio
3331 1300 3764 1367 commendari,
3780 1315 3974 1374 quam

2318 1397 2378 1448 ut
2409 1392 2705 1449 diceretur
2734 1395 2905 1449 Deus.
2937 1394 3102 1449 Forte
3136 1406 3359 1448 munus
3390 1391 3486 1446 Dei
3510 1394 3977 1461 contempturus

2317 1497 2448 1537 eras
2480 1484 2540 1538 Et
2568 1484 2755 1539 Deum
2822 1481 3156 1538 contemnis
3203 1478 3231 1535 τ
3262 1482 3413 1537 Deus
3467 1479 3705 1536 dilectio
3753 1484 3863 1535 est.
3897 1477 3977 1533 Et

2316 1570 2420 1643 qui
2456 1577 2655 1628 manet
2680 1572 2743 1627 in
2773 1571 3108 1637 dilectione,
3139 1570 3201 1627 in
3234 1569 3350 1626 Deo
3375 1574 3596 1634 manet,
3628 1575 3682 1625 et
3711 1569 3864 1624 Deus
3903 1566 3970 1624 in

2318 1675 2382 1716 eo
2411 1666 2629 1717 manet.
2663 1660 2929 1716 Vicissim
2956 1660 3016 1715 in
3042 1674 3104 1715 se
3132 1657 3431 1723 habitant,
3459 1656 3564 1730 qui
3597 1656 3864 1713 continet
3913 1659 3973 1712 et

2316 1747 2421 1821 qui
2451 1749 2805 1806 continetur.
2840 1748 3081 1805 Habitas
3109 1747 3169 1803 in
3184 1749 3324 1813 Deo,
3342 1747 3445 1802 sed
3476 1744 3917 1802 utcontinearis
3953 1760 3968 1798 :

2317 1836 2627 1893 habitatin
2656 1838 2897 1901 teDeus,
2929 1836 3032 1892 sed
3051 1843 3113 1891 ut
3165 1841 3218 1892 te
3275 1835 3596 1901 contineat,
3647 1849 3723 1889 ne
3762 1833 3970 1890 cadas.

2318 1924 2399 1981 Ne
2433 1925 2579 1982 forte
2611 1926 2693 1981 sic
2710 1930 2765 1983 te
2797 1930 2968 1997 putes
3011 1925 3263 1981 domum
3317 1924 3416 1980 Dei
3454 1922 3605 1989 ﬁeri,
3656 1921 3975 1996 quomodo

2317 2016 2532 2070 domus
2562 2019 2666 2071 tua
2696 2019 2893 2088 portat
2929 2030 3173 2071 carnem
3210 2018 3415 2070 tuam:
3450 2011 3499 2068 si
3554 2011 3873 2068 subtrahat
3912 2027 3977 2067 se

2318 2103 2610 2160 domusin
2625 2120 2746 2176 qua
2758 2102 3015 2169 es,cadis
3031 2119 3045 2169 ;
3062 2102 3109 2157 si
3125 2106 3325 2159 autem
3344 2107 3404 2157 tu
3426 2106 3479 2157 te
3500 2100 3977 2169 subtrahas,non

2318 2192 2477 2249 cadit
2505 2193 2681 2249 Deus.
2713 2192 2942 2263 Integer
2970 2196 3074 2257 est,
3103 2207 3241 2248 cum
3268 2206 3407 2246 eum
3429 2189 3652 2246 deseris
3685 2206 3699 2256 ;
3724 2189 3977 2259 integer,

2319 2298 2457 2338 cum
2499 2281 2574 2339 ad
2596 2281 2762 2339 illum
2790 2282 3054 2337 redieris.
3082 2282 3165 2337 Tu
3196 2280 3453 2345 sanaris,
3476 2294 3599 2336 non
3627 2277 3710 2335 illi
3740 2276 3977 2351 aliquid

2318 2371 2634 2443 praestabis
2671 2389 2685 2439 ;
2719 2375 2778 2427 tu
2796 2369 3131 2435 mundaris,
3161 2374 3222 2426 tu
3242 2368 3524 2434 reﬁceris,
3558 2367 3971 2439 tucorrigeris.

2320 2459 2420 2514 Ille
2438 2459 2943 2516 medicamentum
2975 2465 3063 2515 est
3089 2474 3210 2514 non
3242 2474 3414 2526 sano,
3434 2458 3643 2527 regula
3658 2461 3747 2513 est
3764 2472 3971 2529 pravo,

2321 2548 2421 2605 lux
2451 2555 2538 2607 est
2596 2548 2924 2619 tenebrato,
2975 2547 3267 2604 habitatio
3315 2550 3405 2602 est
3449 2547 3707 2603 deserto.
3762 2545 3981 2603 Omnia

2321 2654 2463 2708 ergo
2494 2637 2597 2694 tibi
2650 2636 3056 2694 conferuntur.
3090 2636 3234 2691 Vide
3276 2652 3350 2692 ne
3382 2641 3553 2708 putes
3586 2635 3706 2691 Deo
3746 2633 3980 2706 aliquid

2322 2726 2595 2795 conferri,
2624 2726 2867 2799 quando
2899 2726 3064 2781 venis
3097 2724 3169 2781 ad
3211 2740 3349 2780 eum
3384 2740 3397 2791 ;
3440 2739 3549 2781 nec
3606 2724 3979 2795 mancipium

2323 2816 2552 2873 saltem.
2589 2818 2737 2887 Ergo
2766 2830 2882 2871 non
2913 2812 3155 2871 habebit
3188 2814 3339 2870 Deus
3372 2829 3594 2880 servos,
3654 2813 3704 2868 si
3764 2818 3826 2869 tu
3873 2828 3981 2869 no-

2322 2906 2583 2970 lueris,et
2608 2904 2655 2959 si
2688 2919 2900 2959 omnes
2924 2903 3274 2959 noluerint?
3297 2902 3451 2959 Deus
3474 2918 3595 2958 non
3615 2901 3845 2972 indiget
3862 2917 3980 2957 ser-

2323 2994 2435 3061 vis,
2466 2993 2571 3050 sed
2602 2993 2758 3049 servi
2784 2994 2905 3048 Deo
2938 3010 2950 3047 :
2984 2991 3120 3047 ideo
3148 2990 3292 3047 dicit
3332 2991 3619 3059 Psalmus,
3680 2990 3828 3047 Dixi
3862 2990 3983 3047 Do-

2322 3085 2502 3151 mino,
2528 3084 2679 3140 Deus
2710 3098 2869 3139 meus
2898 3096 2954 3139 es
2981 3088 3063 3137 tu.
3095 3080 3228 3153 Ipse
3258 3085 3345 3137 est
3371 3096 3547 3136 verus
3576 3079 3897 3136 Dominus.
3916 3080 3983 3135 Et

2323 3172 2471 3245 quid
2502 3171 2638 3228 ait?
2666 3170 2953 3241 Quoniam
3002 3169 3288 3226 bonorum
3358 3185 3621 3226 meorum
3674 3183 3793 3225 non
3846 3182 3983 3239 eges

2322 3261 2502 3335 (Psal.
2533 3277 2629 3327 xv,
2658 3264 2733 3327 2).
2761 3260 2845 3314 Tu
2870 3274 3008 3329 eges
3046 3260 3209 3314 bono
3242 3258 3398 3314 servi
3435 3257 3542 3315 tui.
3586 3257 3729 3328 Eget
3774 3272 3985 3313 servus

2324 3349 2486 3406 bono
2516 3354 2638 3414 tuo,
2672 3354 2734 3405 ut
2765 3364 2978 3421 pascas
3004 3348 3171 3404 illum
3214 3361 3388 3418 :eges
3426 3351 3483 3403 et
3524 3350 3584 3403 tu
3627 3345 3793 3402 bono
3826 3344 3984 3400 servi

2325 3439 2430 3504 tui,
2451 3442 2514 3494 ut
2535 3438 2779 3509 adjuvet
2810 3442 2881 3493 te.
2913 3438 3037 3493 Non
3083 3426 3185 3493 tibi
3218 3440 3386 3509 potes
3436 3450 3659 3508 aquam
3707 3433 3981 3506 implere,

2325 3543 2447 3583 non
2482 3527 2583 3583 tibi
2610 3530 2776 3598 potes
2801 3541 3078 3596 coquere.
3100 3540 3219 3582 non
3252 3524 3359 3581 tibi
3384 3529 3554 3597 potes
3586 3527 3723 3579 ante
3753 3537 3986 3595 equum

2328 3630 2583 3683 currere,
2603 3615 3126 3685 jumentumtuum
3160 3630 3280 3669 non
3310 3617 3482 3685 potes
3531 3625 3763 3667 curare.
3809 3609 3988 3666 Vides

2327 3704 2468 3777 quia
2488 3704 2719 3774 indiges
2746 3704 2907 3760 bono
2934 3702 3083 3759 servi
3101 3702 3204 3770 tui,
3229 3702 3515 3775 obsequio
3546 3698 3984 3770 illiusindiges.

2330 3797 2457 3851 Non
2488 3809 2551 3849 es
2584 3807 2725 3864 ergo
2754 3807 2932 3848 verus
2962 3791 3269 3858 dominus,
3297 3789 3545 3864 quando
3580 3788 3814 3859 indiges
3839 3787 3987 3843 infe-

2328 3884 2503 3939 riore.
2536 3881 2635 3937 Ille
2666 3886 2757 3937 est
2795 3897 2971 3937 verus
3026 3880 3316 3936 Dominus
3370 3878 3473 3952 qui
3527 3877 3673 3934 nihil
3720 3893 3758 3935 a
3806 3875 3984 3933 nobis

2330 3972 2544 4045 quaerit
2573 3975 2662 4036 ;et
2682 3986 2771 4026 vas
2798 3968 2993 4035 nobis,
3020 3970 3067 4024 si
3093 3984 3231 4025 eum
3260 3983 3380 4025 non
3393 3982 3759 4040 quaaramus.
3785 3964 3990 4023 Nihila

2333 4060 2510 4117 nobis
2540 4060 2788 4132 quierit;
2821 4058 3156 4131 etquzesivit
3178 4073 3311 4127 nos,
3348 4073 3487 4114 cum
3517 4071 3654 4113 eum
3678 4071 3805 4111 non
3828 4070 3992 4129 quas-

2332 4165 2622 4206 reremus.
2640 4147 2775 4205 Ovis
2790 4163 2914 4204 una
2933 4151 3235 4204 erraverat
3268 4165 3281 4215 ;
3298 4145 3524 4204 invenit
3539 4160 3695 4211 eam,
3715 4144 3994 4215 gaudens

2336 4240 2397 4295 in
2426 4237 2695 4294 humeris
2730 4236 2852 4292 suis
2872 4236 3198 4309 reportavit
3222 4236 3390 4308 (Luc.
3424 4251 3520 4301 xv,
3542 4237 3599 4303 4,
3628 4234 3702 4305 5).
3729 4236 3796 4289 Et
3820 4249 3997 4290 num-

2333 4328 2482 4401 quid
2511 4328 2641 4384 ovis
2672 4330 2799 4382 erat
2812 4325 3040 4397 pastori
3067 4324 3505 4388 necessaria,et
3530 4338 3650 4379 non
3680 4322 3781 4379 ovi
3795 4323 3996 4395 potius

2336 4424 2543 4489 pastor
2567 4413 3079 4471 necessariuserat
3107 4414 3136 4470 Ἰ
3169 4414 3407 4481 Quanto
3435 4412 3715 4469 libentius
3743 4411 3823 4467 de
3854 4412 3996 4467 cha-

2340 4508 2508 4563 ritate
2525 4507 2758 4577 loquor,
2775 4508 2938 4560 tanto
2953 4504 3141 4560 minus
3155 4503 3288 4560 volo
3306 4503 3462 4559 ﬁniri
3475 4500 3787 4574 Epistolam
3802 4502 3995 4557 istam.

2339 4595 2513 4650 Nulla
2541 4599 2630 4650 est
2645 4592 2945 4648 ardentior
2965 4591 3039 4647 ad
3054 4591 3605 4648 commendandam
3618 4589 3995 4646 charitatem.

2340 4682 2492 4739 Nihil
2523 4682 2696 4738 vobis
2728 4680 2965 4736 dulcius
2992 4680 3379 4752 praedicatur,
3415 4678 3564 4734 nihil
3591 4676 3897 4734 salubrius
3910 4678 4003 4735 bi-

2341 4772 2504 4829 bitur
2535 4788 2547 4827 :
2582 4770 2686 4826 sed
2717 4770 2765 4825 si
2798 4770 2951 4826 bene
2989 4768 3247 4825 vivendo
3295 4767 3662 4824 conﬁrmatis
3708 4768 3769 4823 in
3828 4767 3997 4823 vobis

2343 4877 2563 4919 munus
2600 4860 2718 4916 Dei.
2750 4858 2831 4915 Ne
2863 4858 2990 4914 sitis
3018 4858 3229 4929 ingrati
3261 4862 3445 4915 tantm
3471 4855 3679 4927 gratim
3700 4853 4005 4928 illius,qni

2343 4968 2483 5009 cum
2508 4949 3039 5013 haberetUnicum,
3065 4946 3257 5004 noluit
3284 4945 3453 5001 illum
3475 4961 3609 5002 esse
3631 4961 3826 5001 unum
3855 4962 3868 5011 ;
3894 4944 4005 5001 sed

2346 5047 2410 5097 ut
2446 5039 2655 5095 fratres
2669 5038 2935 5103 haberet,
2967 5035 3276 5108 adoptavit
3300 5034 3403 5105 illi,
3430 5036 3533 5108 qui
3563 5049 3705 5091 cum
3737 5034 3839 5092 illo
3870 5049 4009 5107 pos.

2346 5130 2604 5186 siderent
2624 5127 2808 5183 vitam
2828 5130 3139 5183 aeternam.

2912 5269 3313 5328 TRACTATUS
3347 5271 3431 5327 1X.

2347 5398 2433 5455 De
2460 5411 2525 5453 eo
2544 5394 2704 5468 quod
2722 5394 3011 5467 sequitur,
3037 5394 3099 5447 In
3130 5392 3244 5448 hoc
3272 5390 3536 5463 perfecta
3567 5394 3660 5445 est
3687 5389 3934 5447 dilectio
3949 5390 4007 5446 in

2416 5486 2593 5542 nobis
2624 5500 2637 5551 ;
2672 5499 2854 5556 usque
2878 5484 2958 5540 ad
2984 5483 3067 5549 id,
3098 5484 3160 5537 Et
3181 5481 3294 5537 hoc
3324 5478 3681 5537 mandatum
3707 5479 4009 5537 habemus

2420 5574 2498 5631 ab
2538 5574 2695 5647 ipso,
2728 5578 2792 5629 ut
2832 5571 2935 5645 qui
2982 5571 3172 5641 diligit
3202 5573 3409 5637 Deum,
3438 5568 3644 5639 diligat
3673 5574 3731 5625 et
3764 5569 4008 5626 fratrem

2422 5679 2623 5721 suum.
2655 5663 2806 5734 Cap.
2827 5678 2906 5729 ιν,
2934 5660 3001 5723 ἵ.
3030 5661 3210 5718 17-21.
