4182 6198
194 181 341 243 2015

244 312 295 368 1.
333 308 599 368 Meminit
638 311 905 371 Charitas
935 317 1150 381 vestra,
1183 330 1255 371 ex
1287 315 1547 388 Epistola
1584 314 1834 373 Joannis

174 399 433 472 apostoli
458 399 725 459 ultimam
751 408 981 474 partem
998 409 1223 461 restare
1236 405 1410 461 nobis
1432 406 1831 476 tractandam,

171 490 666 563 etexponendam
681 492 876 559 vobis,
890 498 1185 565 quantum
1207 495 1493 551 Dominus
1508 495 1711 551 donat.
1723 497 1833 551 Hu-

164 577 265 648 jus
292 592 437 649 ergo
458 578 644 637 debiti
669 596 780 639 nos
802 598 1099 640 memores
1120 600 1360 640 sumus:
1382 584 1709 640 exactionis
1728 600 1831 640 au-

168 670 284 724 tem
317 683 430 723 vos
464 684 764 726 memores
788 686 915 727 esse
935 670 1182 728 debetis.
1206 673 1429 729 Eadem
1455 674 1679 746 quippe
1696 673 1834 729 cha-

166 755 307 812 ritas
340 773 478 828 quae
510 758 570 814 in
621 758 755 830 ipsa
786 761 1048 832 Epistola
1097 762 1355 819 maxime
1398 768 1451 818 et
1481 778 1668 835 prope
1707 762 1834 819 sola

166 845 653 912 commendatur,
674 853 727 903 et
747 863 857 905 nos
876 848 1016 906 facit
1036 849 1419 907 ﬁdelissimos
1441 850 1759 916 debitores,
1779 856 1834 907 et

168 948 270 989 vos
283 933 671 992 dulcissimos
686 952 757 993 ex
772 939 1165 995 actores.ldeo
1176 940 1298 995 dixi
1312 940 1689 996 dulcissimos
1702 955 1834 996 exa-

166 1028 384 1090 ctores,
403 1024 548 1097 quia
560 1025 661 1081 ubi
674 1026 935 1084 charitas
948 1043 1070 1084 non
1084 1034 1190 1096 est,
1204 1045 1448 1086 amarus
1463 1035 1703 1085 exactor
1714 1034 1829 1085 est:

167 1111 269 1168 ubi
300 1118 507 1169 autem
535 1112 796 1172 charitas
814 1121 921 1186 est,
947 1121 1007 1174 et
1025 1118 1126 1190 qui
1157 1118 1336 1188 exigit
1366 1118 1557 1173 dulcis
1576 1125 1697 1186 est;
1722 1123 1777 1174 et
1797 1133 1834 1175 a

165 1216 290 1274 quo
335 1201 612 1273 exigitur,
656 1204 766 1260 etsi
792 1204 1053 1277 aliquem
1084 1205 1354 1263 laborem
1398 1207 1665 1279 suscipit,
1694 1206 1835 1263 facit

161 1290 451 1347 eumdem
482 1290 749 1350 laborem
777 1309 967 1367 prope
994 1295 1224 1353 nullum
1252 1302 1306 1353 et
1333 1296 1523 1352 levem
1543 1296 1676 1367 ipsa
1697 1295 1834 1352 cha-

158 1379 325 1436 ritas.
342 1383 548 1437 Nonne
573 1380 850 1439 videmus
868 1385 1047 1440 etiam
1068 1384 1128 1441 in
1154 1386 1334 1442 mutis
1351 1385 1761 1442 animantibus
1775 1389 1834 1440 et

158 1468 612 1525 irrationalibus
644 1470 744 1527 ubi
774 1487 893 1529 non
928 1479 1018 1530 est
1048 1472 1385 1545 spiritualis
1416 1474 1699 1540 charitas,
1729 1472 1834 1530 sed

157 1558 421 1614 carnalis
456 1560 846 1629 etnaturatis,
865 1562 1020 1631 exigi
1039 1567 1240 1619 tamen
1276 1579 1495 1635 magno
1521 1562 1735 1621 affectu
1758 1563 1832 1619 de

157 1646 448 1703 uberibus
474 1650 684 1704 matris
702 1649 796 1707 lac
820 1666 856 1707 a
873 1650 1139 1723 parvulis
1164 1652 1192 1708 ‘l
1213 1653 1280 1707 Et
1303 1652 1583 1724 quamvis
1613 1668 1830 1722 sugens

152 1731 453 1808 impetum
484 1736 664 1795 iaciat
692 1738 754 1794 in
785 1740 982 1797 ubera
1009 1755 1023 1807 ;
1060 1740 1285 1798 melius
1315 1746 1400 1797 est
1432 1746 1629 1797 tamen
1658 1742 1834 1798 matri

151 1839 341 1895 quam
363 1824 409 1879 si
435 1841 557 1883 non
579 1831 774 1897 sugat,
798 1843 908 1884 nec
936 1829 1135 1900 exigat
1152 1846 1192 1903 q
1210 1830 1329 1886 uod
1348 1830 1634 1886 charitate
1655 1830 1831 1887 debe-

152 1916 271 1968 tur.
301 1915 477 1985 Saape
509 1915 782 1973 videmus
806 1917 991 1974 ubera
1022 1934 1357 1975 vaccarum
1382 1919 1562 1975 etiam
1595 1935 1630 1974 a
1660 1934 1835 1990 gran-

152 2000 447 2059 diusculis
462 2003 659 2061 vitulis
683 2006 876 2077 capite
896 2009 1126 2078 percuti
1141 2012 1225 2074 ,et
1243 2024 1430 2081 prope
1450 2009 1585 2079 ipso
1606 2007 1835 2080 impetu

151 2088 336 2147 levari
357 2098 624 2149 matrum
642 2110 917 2167 corpora,
942 2111 1051 2153 nec
1071 2112 1177 2153 eos
1204 2100 1407 2153 tamen
1424 2096 1794 2169 calce‘repelli
1806 2111 1825 2167 ;

150 2179 254 2236 sed
278 2185 337 2237 et
364 2181 414 2237 si
437 2182 589 2238 desit
610 2183 770 2239 ﬁlius
782 2184 882 2256 qui
907 2190 1103 2256 sugat,
1124 2185 1356 2257 mugitu
1377 2186 1578 2243 vocari
1593 2185 1672 2243 ad
1686 2185 1824 2242 ube-

146 2284 231 2323 ra.
263 2270 321 2327 Si
356 2286 501 2341 ergo
527 2276 615 2328 est
637 2272 699 2328 in
731 2272 907 2330 nobis
941 2274 1042 2331 illa
1077 2275 1345 2332 charitas
1380 2275 1726 2348 spiritualis,
1756 2274 1831 2331 de

145 2373 273 2430 qua
305 2360 627 2431 Apostolus
643 2361 805 2430 dicit,
834 2363 1057 2420 Factus
1077 2379 1206 2420 sum
1226 2379 1345 2434 par
1359 2365 1532 2421 vulus
1552 2366 1617 2420 in
1640 2364 1831 2421 medio

146 2452 439 2515 vestrum,
462 2454 750 2523 tanquam
772 2452 985 2509 nutris:
995 2454 1207 2523 fovens
1223 2454 1377 2522 ﬁlios
1405 2469 1541 2510 suos
1556 2455 1603 2525 (Ι
1631 2454 1829 2513 Thess.

148 2551 210 2601 ιι,
226 2536 285 2607 7)
298 2552 316 2602 ;
339 2542 481 2593 tunc
492 2553 601 2595 vos
615 2539 919 2611 diligimus
932 2541 1181 2614 quando
1195 2541 1454 2612 exigitis.
1475 2542 1685 2615 Pigros
1708 2556 1831 2598 non

150 2639 440 2681 amamus
456 2644 468 2693 ;
484 2627 1064 2702 quialanguentibus
1086 2630 1522 2687 formidamus.
1543 2631 1830 2689 Interces-

152 2721 359 2770 serunt
373 2721 672 2783 autem,ut
686 2719 1132 2776 intermitterem
1144 2738 1212 2776 us
1228 2726 1453 2777 textum
1469 2721 1651 2792 hujus
1665 2721 1828 2792 Epis-

154 2802 320 2869 tolte,
342 2805 626 2877 quaedam
643 2822 753 2879 pro
766 2808 980 2865 diebus
1000 2809 1160 2864 festis
1175 2810 1468 2867 solemnia
1483 2808 1800 2866 lectionum
1812 2852 1825 2876 ,

153 2907 295 2963 quas
326 2908 451 2949 non
484 2900 806 2965 potuerunt
828 2898 942 2953 nisi
971 2898 1106 2970 legi,
1134 2903 1190 2954 et
1220 2899 1353 2971 ipsa
1376 2899 1636 2955 tractari.
1662 2902 1827 2955 Nunc

155 2996 302 3052 ergo
325 2982 405 3038 ad
435 2985 901 3055 pratermissum
929 2986 1204 3043 ordinem
1232 2987 1552 3044 redeamus
1576 3004 1589 3055 ;
1615 2992 1672 3043 et
1690 3004 1826 3060 qum

154 3076 407 3139 restant,
453 3073 676 3130 intente
727 3076 982 3149 accipiat
1021 3077 1313 3133 Sanctitas
1362 3081 1575 3134 vestra.
1617 3078 1825 3133 Nescio

157 3163 366 3216 utrum
404 3163 890 3233 magniﬁcentius
929 3165 1104 3221 nobis
1130 3166 1389 3222 charitas
1413 3165 1825 3222 commendari

154 3254 386 3321 posset,
401 3266 589 3323 quam
615 3258 677 3309 ut
699 3253 1015 3320 diceretur,
1043 3256 1199 3312 Deus
1216 3255 1481 3313 charitas
1502 3261 1603 3311 est.
1624 3254 1824 3310 Brevis

158 3338 319 3404 laus,
335 3344 391 3395 et
413 3355 639 3413 magna
662 3342 793 3398 laus
818 3360 830 3398 :
851 3343 1049 3400 brevis
1071 3344 1132 3399 in
1151 3360 1444 3415 sermone,
1462 3344 1825 3415 etmagnain

155 3426 483 3486 intellectu.
500 3434 693 3497 Quam
706 3433 822 3488 cito
836 3432 1070 3499 dicitur.
1092 3436 1243 3491 Deus
1254 3434 1492 3492 dilectio
1505 3434 1620 3490 est!
1633 3434 1824 3489 Ethoc

154 3515 340 3574 breve
356 3524 446 3575 est
467 3536 479 3575 :
497 3520 542 3574 si
559 3536 861 3591 numeres,
878 3537 1068 3579 unum
1087 3526 1205 3584 est;
1222 3523 1271 3578 si
1287 3522 1617 3595 appendas,
1638 3538 1825 3594 quan-

155 3612 283 3665 tum
308 3612 403 3664 est
428 3608 442 3660 ι
478 3610 628 3665 Deus
648 3610 885 3667 dilectio
913 3616 1017 3667 est.
1046 3612 1124 3667 Et
1150 3611 1253 3683 qui
1274 3620 1493 3675 manet,
1518 3612 1733 3683 inquit,
1763 3612 1824 3668 in

153 3698 497 3765 dilectione,
512 3698 574 3752 in
596 3699 711 3754 Deo
722 3705 923 3756 manet
936 3706 989 3756 et
1002 3701 1161 3757 Deus
1180 3702 1241 3756 in
1257 3700 1362 3757 illo
1378 3707 1577 3758 manet
1591 3702 1635 3771 (1
1646 3702 1797 3757 Joan
1808 3743 1821 3757 .

156 3802 234 3852 iv,
258 3787 369 3857 16).
388 3786 471 3843 Sit
490 3786 591 3842 tibi
608 3787 826 3843 domus
845 3790 1018 3853 Deus,
1038 3794 1094 3845 et
1114 3796 1239 3845 esto
1255 3789 1473 3845 domus
1498 3790 1626 3855 Dei;
1648 3805 1824 3845 mane

153 3876 217 3931 in
242 3878 456 3943 Deo,et
477 3883 715 3934 maneat
740 3876 801 3932 in
824 3881 880 3933 te
916 3880 1295 3935 Deus.Manet
1322 3878 1382 3934 in
1414 3884 1467 3934 te
1499 3881 1752 3946 Deus,ut
1769 3883 1822 3934 te

154 3964 494 4020 contineat:
520 3980 727 4021 manes
750 3966 812 4022 in
840 3967 979 4032 Deo,
998 3982 1073 4024 ne
1092 3967 1281 4023 cadas
1306 3983 1320 4034 ;
1338 3966 1482 4039 quia
1501 3966 1584 4022 sic
1605 3966 1679 4023 de
1693 3968 1823 4038 ipsa

154 4053 448 4111 charitate
470 4053 616 4111 dicit
638 4055 979 4127 Apostolus,
1012 4056 1300 4114 Charitas
1326 4071 1636 4128 nunquam
1664 4057 1822 4114 cadit

154 4144 197 4214 (Ι
226 4142 369 4201 Cor.
390 4159 515 4209 xm,
531 4145 609 4213 8).
634 4145 949 4210 Quomodo
961 4146 1125 4203 cadit
1147 4162 1326 4219 quem
1354 4146 1613 4203 continet
1628 4149 1780 4202 Deus
1795 4145 1823 4201 7

228 4272 283 4323 2.
302 4269 373 4325 In
386 4268 497 4327 hoc
511 4270 778 4340 perfecta
800 4277 883 4327 est
912 4270 1150 4327 dilectio
1170 4270 1235 4326 in
1259 4272 1448 4337 nobis,
1462 4278 1529 4326 ut
1538 4270 1821 4339 ﬁduciam

155 4359 485 4417 habeamus
506 4360 568 4415 in
580 4360 677 4416 die
688 4359 913 4429 judicii
931 4380 950 4417 :
973 4360 1115 4432 quia
1137 4360 1347 4416 sicuti!
1354 4361 1405 4416 le
1417 4366 1520 4425 est,
1547 4366 1599 4415 et
1612 4374 1719 4415 nos
1730 4376 1823 4415 su-

153 4464 288 4504 mus
313 4448 378 4503 in
406 4449 513 4505 hoc
539 4449 781 4505 mundo.
812 4449 957 4505 Dicit
981 4448 1293 4521 quomodo
1316 4466 1376 4504 se
1408 4448 1615 4521 probet
1640 4464 1821 4503 unus-

152 4536 439 4610 quisque,
458 4544 751 4608 quantum
771 4538 828 4594 in
844 4538 942 4594 illo
958 4538 1273 4609 profecerit
1296 4537 1583 4594 charitas:
1610 4537 1701 4593 vel
1716 4554 1824 4610 po-

152 4626 271 4681 tius
301 4632 598 4699 quantum
628 4626 757 4698 ipse
788 4626 848 4682 in
888 4627 1172 4683 charitate
1205 4626 1537 4699 profecerit.
1588 4627 1737 4685 Nam
1774 4631 1819 4686 si

154 4716 416 4771 eharitas
440 4715 590 4770 Deus
604 4720 707 4781 est,
723 4731 833 4771 nec
847 4715 1077 4788 proﬁcit
1102 4731 1210 4772 nec
1225 4716 1611 4774 deﬁcitDeus:
1640 4721 1721 4774 sic
1735 4719 1820 4775 di.

152 4805 306 4860 citur
319 4804 606 4875 proﬁcere
619 4804 678 4861 in
696 4810 748 4861 te
766 4805 1046 4871 charitas,
1070 4806 1218 4876 quia
1232 4810 1294 4861 tu
1309 4805 1367 4860 in
1383 4822 1453 4862 ea
1467 4807 1822 4877 proﬁcis.ln-

153 4898 393 4962 terroga
404 4908 547 4963 ergo
559 4899 855 4966 quantum
867 4894 928 4949 in
945 4894 1237 4950 charitate
1252 4894 1591 4965 profeceris,
1606 4901 1658 4951 et
1673 4897 1820 4967 quid

153 4981 257 5038 tibi
284 4982 965 5053 respondeatcortuum,
982 4983 1291 5039 utnoveris
1312 4999 1656 5039 mensuram
1684 5000 1824 5056 pro-

154 5070 341 5126 fectus
360 5069 471 5126 tui.
489 5072 757 5127 Promisit
780 5071 939 5127 enim
963 5088 1032 5128 os
1050 5071 1289 5127 tendere
1311 5072 1484 5127 nobis
1508 5072 1565 5126 in
1590 5089 1707 5143 quo
1730 5090 1821 5131 co-

151 5175 523 5232 gnoscamus
553 5175 714 5225 eum,
733 5165 789 5216 et
813 5161 914 5228 ait,
946 5161 1015 5216 In
1040 5162 1149 5217 hoc
1169 5162 1437 5230 perfecta
1463 5166 1545 5217 est
1567 5163 1628 5216 in
1657 5162 1823 5219 nobis

153 5249 417 5307 dilectio.
446 5250 676 5315 Quare,
700 5250 758 5305 in
790 5265 911 5322 quo
937 5249 966 5305 ‘l
999 5251 1070 5308 Ut
1095 5250 1377 5318 ﬁduciam
1409 5234 1820 5307 habeamus‘in

151 5338 510 5411 diejudicii.
539 5337 823 5411 Quisquis
862 5339 1145 5395 ﬁduciam
1173 5337 1356 5394 habet
1387 5339 1446 5393 in
1477 5338 1819 5413 diejudicii,

153 5429 421 5501 perfecta
433 5433 525 5483 est
538 5428 597 5483 in
612 5427 711 5484 illo
725 5429 1003 5485 charitas.
1019 5427 1171 5494 Quid
1188 5432 1274 5483 est
1290 5428 1515 5485 habere
1535 5428 1821 5486 ﬁduciam

152 5521 210 5576 in
222 5518 732 5593 diejndicii?Non
750 5518 953 5574 timere
978 5534 1049 5574 ne
1069 5518 1270 5574 veniat
1290 5518 1417 5574 dies
1437 5519 1823 5589 judicii.Sunt

151 5608 429 5668 homines
449 5606 553 5680 qui
576 5621 698 5664 non
711 5607 961 5665 credunt
981 5606 1362 5677 diemjudicii
1386 5623 1399 5675 ;
1424 5607 1513 5663 isti
1534 5607 1819 5665 ﬁduciam

155 5714 276 5758 non
291 5702 558 5776 possunt
575 5694 797 5756 habere
819 5697 880 5756 in
897 5697 993 5756 die
1007 5712 1195 5772 quam
1212 5700 1530 5756 venturam
1548 5712 1677 5756 esse
1696 5713 1820 5756 non

1421 189 1857 249 TBACTATUS
1892 190 1990 248 ΙΧ.
2030 190 2271 251 CAPUT
2302 192 2398 252 IV.

3469 194 3611 253 2046

1940 316 2213 373 credunt.
2246 319 2776 375 Prmtermittamus
2804 318 2949 374 istos
2980 334 2996 371 :
3029 317 3240 374 excitet
3266 318 3395 374 illos
3420 320 3604 376 Deus»

1939 410 2002 461 ut
2016 406 2241 475 vivant;
2261 406 2335 462 de
2354 409 2605 464 mortuis
2621 406 2832 480 utquid
2849 407 3193 479 loquimur?
3212 410 3339 464 Non
3358 408 3607 464 credunt

1938 493 2203 551 futurum
2233 496 2394 552 diem
2426 497 2657 569 judicii,
2706 512 2814 551 nec
2849 497 3076 562 timent,
3119 512 3230 553 nec
3260 496 3607 553 desiderant

1938 584 2105 655 quod
2121 600 2242 641 non
2266 587 2535 641 credunt.
2565 586 2751 657 Crepit
2778 585 2995 656 aliquis
3014 586 3254 641 credere
3275 584 3433 640 diem
3458 584 3607 655 judi-

1941 671 2047 728 cii:
2075 672 2122 726 si
2149 673 2605 745 coepitcredere,
2629 674 2807 744 coepit
2830 673 3121 728 ettimere.
3152 674 3265 730 Sed
3286 674 3609 743 quiatimet

1943 760 2163 826 adhuc,
2196 761 2467 817 nondum
2492 762 2674 818 habet
2699 762 2984 817 ﬁduciam
3009 761 3065 816 in
3097 762 3435 832 diejudicii,
3461 776 3607 816 non-

1941 847 2087 904 dum
2120 854 2208 905 est
2236 849 2297 905 in
2328 850 2427 906 illo
2460 850 2723 922 perfecta
2755 850 3036 906 Charitas.
3070 851 3376 921 Numquid
3402 854 3606 906 tamen

1941 937 2387 1008 desperandum
2405 939 2539 995 est?
2567 941 2627 993 in
2652 954 2774 1011 quo
2797 938 2966 993 vides
2989 938 3244 1008 initium,
3268 954 3374 994 cur
3395 938 3606 1010 despe-

1940 1041 2037 1083 ras
2050 1026 2233 1083 ﬁnem
2249 1028 2271 1082 Ἰ
2301 1028 2471 1093 Quod
2485 1028 2718 1084 initium
2747 1027 2931 1093 video,
2959 1027 3157 1099 inquis
3170 1026 3197 1081 ‘l
3214 1027 3421 1097 Ipsum
3436 1028 3602 1084 timo-

1940 1130 2088 1172 rem.
2110 1116 2260 1171 Audi
2279 1118 2673 1189 Scripturam:
2701 1117 2942 1172 Initium
2968 1116 3273 1185 sapientia
3296 1117 3472 1172 timor
3492 1119 3604 1172 Do-

1940 1204 2089 1259 mini
2118 1205 2386 1275 (Eccli.1,
2419 1206 2523 1277 t6).
2552 1206 2738 1277 Coepit
2766 1221 2907 1276 ergo
2933 1207 3137 1261 timere
3162 1206 3319 1260 diem
3353 1205 3596 1276 iudicii:

1943 1293 2206 1349 timendo
2237 1295 2497 1364 corrigat
2528 1310 2625 1364 se;
2651 1293 2854 1363 vigilet
2887 1294 3173 1350 adversus
3205 1294 3407 1349 hostes
3437 1311 3602 1361 suos,

1939 1381 2000 1437 id
2031 1386 2139 1449 est,
2178 1383 2462 1439 adversus
2497 1388 2739 1453 peccata
2767 1399 2877 1438 sua
2918 1402 2931 1450 ;
2974 1383 3217 1453 incipiat
3250 1383 3602 1439 reviviscere

1940 1471 2202 1542 interius,
2221 1477 2275 1529 et
2304 1472 2665 1528 mortiﬁcare
2692 1472 2967 1527 membra
2987 1488 3095 1525 sua
3111 1487 3246 1543 quae
3261 1476 3400 1527 sunt
3424 1487 3603 1543 super

1940 1563 2181 1628 terram,
2216 1562 2367 1617 sicut
2394 1561 2716 1634 Apostolus
2746 1562 2907 1626 dicit,
2941 1562 3303 1629 Mortiﬁcate
3338 1561 3602 1617 membra

1941 1655 2136 1706 vestra
2157 1666 2287 1722 quae
2307 1658 2444 1706 sunt
2468 1667 2645 1721 super
2676 1657 2921 1707 terram.
2949 1649 3289 1721 Spiritualia
3321 1650 3603 1721 nequitiis

1938 1738 2082 1794 dicit
2110 1739 2385 1796 membra
2416 1756 2596 1811 super
2618 1745 2868 1795 terram:
2896 1754 3037 1795 nam
3061 1739 3327 1810 sequitur
3345 1743 3401 1794 et
3426 1752 3603 1810 expo-

1938 1827 2047 1894 nit,
2076 1829 2437 1893 Avaritiam,
2469 1829 2915 1885 immunditiam
2948 1828 3196 1899 (Coloss.
3217 1843 3296 1891 tu,
3322 1828 3397 1898 5),
3421 1831 3477 1883 et
3496 1843 3605 1883 cte-

1937 1908 2060 1973 tera
2090 1933 2226 1989 quae
2257 1918 2371 1973 illic
2401 1917 2765 1990 exsequitur.
2802 1919 3110 1983 Quantum
3143 1921 3345 1972 autem
3360 1916 3605 1971 mortiﬁ-

1939 2011 2035 2061 cat
2053 2006 2184 2072 iste,
2209 2007 2313 2079 qui
2336 2008 2539 2063 timere
2562 2007 2740 2079 coepit
2763 2007 2925 2062 diem
2949 2005 3177 2076 judicii,
3199 2005 3472 2061 membra
3494 2020 3605 2060 sua

1940 2110 2124 2166 super
2163 2101 2400 2162 terram,
2450 2101 2682 2153 tantum
2738 2099 2991 2165 surgunt
3036 2099 3094 2151 et
3139 2094 3604 2151 corroborantur

1941 2184 2214 2241 membra
2244 2185 2530 2242 coelestia.
2558 2185 2820 2242 Membra
2849 2189 3049 2240 autem
3084 2183 3365 2247 ccelestia,
3397 2182 3603 2240 omnia

1939 2290 2121 2346 opera
2136 2274 2720 2345 bona.Surgentibus
2732 2273 3078 2330 caelestibus
3095 2272 3607 2343 membris,incipit

1937 2363 2278 2420 desiderare
2307 2363 2473 2436 quod
2504 2364 2774 2420 timebat.
2807 2362 3081 2418 Timebat
3101 2362 3260 2417 enim
3279 2376 3353 2416 ne
3373 2362 3604 2416 veniret

1940 2452 2225 2518 Christus,
2240 2453 2594 2509 etinveniret
2612 2451 2865 2524 impium
2887 2466 3067 2523 quem
3091 2448 3603 2517 damnaret;desi-

1937 2541 2105 2597 derat
2126 2550 2187 2597 ut
2204 2542 2422 2607 veniat,
2446 2542 2591 2613 quia
2618 2541 2971 2596 inventurus
2993 2543 3086 2594 est
3109 2540 3274 2610 pium
3301 2554 3483 2610 quem
3506 2553 3603 2594 co-

1936 2636 2126 2687 ronet.
2151 2634 2281 2686 lam
2304 2647 2445 2686 cum
2463 2630 2706 2702 coeperit
2726 2628 3064 2684 desiderare
3086 2628 3419 2683 venientem
3441 2626 3601 2682 Chri-

1937 2724 2093 2775 stum
2118 2727 2281 2775 casta
2302 2719 2527 2785 anima,
2550 2735 2686 2790 quae
2705 2717 3011 2773 desiderat
3034 2716 3352 2787 amplexus
3371 2715 3598 2785 sponsi,

1936 2809 2233 2864 renuntiat
2248 2808 2550 2874 adultero;
2573 2807 2639 2863 ﬁt
2659 2808 2828 2877 virgo
2848 2805 3239 2876 interiusipsa
3251 2805 3384 2870 ﬁde,
3403 2807 3602 2875 spe,et

1936 2898 2237 2953 charitate.
2276 2898 2462 2954 Habet
2494 2898 2620 2968 jam
2651 2896 2937 2952 fiduciam
2967 2895 3026 2950 in
3060 2894 3155 2949 die
3182 2893 3393 2965 judicii
3427 2910 3437 2947 :
3476 2908 3599 2948 non

1934 2991 2143 3043 contra
2165 3002 2226 3041 se
2253 2990 2484 3057 pugnat
2500 2986 2748 3057 quando
2770 2990 2919 3049 orat,
2935 2990 2991 3039 et
3012 2983 3173 3049 dicit,
3194 2983 3490 3039 Adveniat
3513 2997 3601 3039 re-

1933 3091 2117 3147 gnum
2132 3074 2554 3145 tuum(Matth.
2584 3090 2660 3139 vn,
2686 3074 2789 3143 tO).
2808 3073 2921 3138 Qui
2941 3073 3102 3126 enim
3124 3073 3375 3127 timetne
3401 3068 3601 3127 veniat

1932 3180 2182 3233 regnum
2201 3163 2319 3227 Dei,
2340 3162 2507 3219 timet
2521 3177 2592 3217 ne
2608 3160 2986 3217 exaudiatur.
3008 3160 3327 3226 Quomodo
3340 3160 3599 3232 orat,qui

1934 3254 2100 3311 timet
2112 3268 2185 3309 ne
2198 3250 2578 3308 exaudiatur?
2592 3252 2633 3316 Q
2645 3250 2701 3304 ui
2714 3254 2914 3305 autem
2930 3253 3061 3304 orat
3074 3264 3207 3303 cum
3224 3248 3444 3303 ﬁducia
3458 3249 3593 3304 cha-

1932 3342 2323 3413 ritatis,optat
2328 3340 2460 3413 jam
2487 3344 2547 3395 ut
2563 3339 2780 3395 veniat.
2802 3338 3021 3408 Deipso
3043 3335 3339 3391 desiderio
3354 3335 3594 3392 dicebat

1932 3432 2181 3503 quidam
2196 3430 2254 3486 in
2268 3429 2607 3495 Psalmo,Et
2621 3427 3323 3496 tu,Domine,usquequo?
3340 3424 3594 3480 Conver-

1933 3528 2073 3585 tere,
2104 3522 2373 3585 Domine,
2401 3524 2454 3575 et
2475 3533 2614 3574 erue
2632 3516 2895 3573 animam
2916 3530 3103 3570 meam
3126 3513 3314 3585 (Psal.
3334 3528 3406 3576 v1,
3434 3515 3487 3577 4,
3512 3513 3587 3583 5).

1933 3610 2212 3667 Gemebat
2233 3624 2295 3665 se
2308 3607 2547 3664 differri.
2567 3608 2713 3662 Sunt
2729 3605 2886 3660 enim
2909 3603 3186 3659 homines
3204 3601 3463 3673 quicum
3488 3617 3586 3672 pa-

1932 3699 2132 3755 tientia
2156 3698 2490 3753 moriuntur
2514 3716 2525 3753 :
2557 3700 2694 3750 sunt
2722 3699 2920 3750 autem
2945 3692 3194 3764 quidam
3227 3690 3466 3762 perfecti
3485 3690 3590 3762 qui

1932 3804 2069 3844 cum
2085 3787 2369 3859 patientia
2397 3785 2625 3840 vivunt.
2644 3784 2795 3849 Quid
2828 3781 2987 3837 dixi?
3005 3781 3111 3847 Qui
3135 3779 3335 3836 adhuc
3360 3779 3591 3835 deside-

1931 3883 2023 3935 rat
2047 3878 2223 3933 istam
2265 3880 2472 3939 Vitam,
2517 3873 2766 3946 quando
2805 3872 2887 3929 illi
2934 3871 3159 3927 venerit
3201 3870 3329 3925 dies
3361 3871 3586 3934 mortis,

1932 3967 2226 4038 patienter
2247 3964 2459 4021 tolerat
2479 3968 2725 4019 mortem
2758 3980 2769 4017 :
2798 3962 3054 4018 luctatur
3071 3959 3396 4016 adversum
3422 3973 3507 4024 se,
3528 3961 3591 4014 ut

1931 4059 2215 4127 sequatur
2230 4054 2600 4110 voluntatem
2624 4052 2722 4108 Dei
2748 4068 2760 4117 ;
2783 4056 2841 4107 et
2860 4050 2975 4106 hoc
2994 4049 3193 4121 potius
3214 4047 3337 4119 agit
3360 4048 3588 4113 animo,

1930 4144 2094 4219 quod
2118 4144 2279 4213 eligit
2304 4145 2474 4206 Deus,
2494 4156 2615 4197 non
2638 4141 2803 4213 quod
2820 4138 3266 4211 eligitvoluntas
3280 4137 3549 4193 humana
3573 4154 3586 4192 :

1931 4240 1987 4291 et
2012 4251 2083 4290 ex
2114 4233 2412 4289 desiderio
2435 4232 2567 4287 vitae
2589 4229 2898 4303 prmsentis
2924 4228 2988 4284 tit
3015 4227 3176 4284 lucta
3200 4242 3339 4282 cum
3363 4230 3585 4297 morte,-

1930 4324 2239 4385 etadhibet
2254 4322 2598 4395 patientiam
2618 4319 3368 4388 etfortitudinemmttequo
3382 4315 3586 4371 animo

1930 4413 2256 4471 moriatur:
2288 4412 2393 4467 iste
2406 4412 2697 4483 patienter
2723 4408 2988 4464 moritur.
3014 4406 3120 4470 Qui
3144 4410 3343 4460 autem
3358 4403 3585 4458 deside-

1930 4502 2405 4572 rat,sicutdicitA
2417 4499 2705 4571 postolus,
2720 4495 2965 4552 dissolvi
2976 4500 3027 4551 et
3044 4509 3162 4549 esse
3175 4508 3305 4548 cum
3322 4491 3582 4555 Christo,

1932 4607 2051 4649 non
2092 4592 2381 4664 patienter
2412 4586 2662 4642 moritur
2696 4602 2709 4651 ;
2739 4584 2846 4640 sed
2878 4582 3168 4655 patienter
3194 4580 3351 4646 vivit,
3385 4579 3585 4635 delec-

1930 4680 2185 4739 tabiliter
2216 4678 2485 4733 moritur.
2518 4674 2659 4729 Vide
2690 4672 3044 4744 Apostolum
3076 4670 3367 4742 patienter
3386 4669 3584 4725 viven-

1930 4775 2069 4835 tem,
2104 4768 2163 4823 id
2212 4770 2317 4831 est,
2351 4781 2489 4820 cum
2534 4763 2821 4835 patientia
2851 4761 2946 4817 hic
2984 4775 3103 4816 non
3137 4774 3339 4816 amare
3369 4758 3581 4828 vitam,

1929 4858 2031 4914 sed
2064 4856 2333 4913 tolerare.
2384 4854 2656 4917 Dissolvi,
2705 4851 2911 4923 inquit,
2946 4858 2999 4907 et
3029 4865 3148 4906 esse
3176 4865 3309 4905 cum
3346 4848 3585 4905 Christo

1926 4948 2117 5005 multo
2140 4945 2330 5016 magis
2358 4947 2646 5014 optimum
2667 4963 2686 5001 :
2715 4956 2957 4998 manere
2983 4945 3178 4996 autem
3199 4938 3262 4994 in
3286 4953 3469 4995 carne
3483 4951 3587 4993 ne-

1926 5039 2248 5094 cessarium
2276 5040 2524 5105 propter
2547 5048 2642 5090 vos
2660 5031 2955 5102 (Philipp.
2975 5046 3012 5094 ι,
3033 5032 3121 5094 23,
3145 5027 3255 5099 24).
3283 5026 3586 5096 Ergo,fra-

1928 5125 2218 5190 tres,date
2247 5139 2514 5195 operam,
2543 5123 2702 5178 intus
2725 5121 2879 5190 agite
2906 5118 3242 5180 vobiscum,
3262 5120 3324 5171 ut
3349 5112 3585 5170 deside-

1927 5216 2065 5272 retis
2091 5215 2249 5269 diem
2268 5212 2492 5282 judicii.
2519 5212 2697 5268 Aliter
2712 5226 2832 5266 non
2851 5208 3141 5281 probatur
3158 5205 3417 5276 perfecta
3445 5201 3583 5258 cha-

1927 5304 2091 5368 ritas,
2106 5301 2217 5357 nisi
2231 5317 2371 5357 cum
2384 5300 2630 5371 coeperit
2648 5298 2738 5354 ille
2764 5298 2890 5353 dies
2903 5292 3248 5351 desiderari.
3268 5291 3364 5347 llle
3377 5295 3578 5347 autem

1927 5408 2066 5450 eum
2088 5390 2406 5454 desiderat,
2430 5387 2829 5460 quiﬁduciam
2850 5383 3097 5441 habetin
3114 5381 3242 5440 illo:
3264 5381 3357 5436 ille
3379 5384 3579 5439 autem

1928 5482 2212 5539 ﬁduciam
2234 5478 2414 5537 habet
2435 5479 2495 5533 in
2516 5476 2638 5544 illo,
2665 5475 2837 5545 cujus
2866 5472 3229 5529 conscientia
3254 5485 3377 5528 non
3406 5471 3581 5543 trepi-

1927 5571 2117 5629 datin
2148 5569 2433 5627 charitate
2460 5566 2720 5638 perfecta
2748 5570 2925 5636 atque
2951 5562 3202 5619 sincera.

2002 5699 2053 5752 3.
2072 5714 2102 5748 «
2131 5695 2196 5751 In
2216 5694 2329 5752 hoc
2342 5689 2604 5769 perfecta
2620 5691 2707 5747 est
2722 5686 2956 5765 dilectio
2978 5686 3026 5759 ej
3039 5702 3106 5743 us
3118 5686 3180 5743 in
3200 5684 3397 5753 nobis,
3421 5683 3577 5746 utﬁ-
