4164 6184
623 120 775 181 2047

629 249 872 306 duciam
893 249 1227 307 habeamus
1243 252 1304 308 in
1321 253 1412 310 die
1422 256 1647 326 judicii.
1662 279 1689 311 »
1715 261 1905 324 Quare
1920 256 2280 314 habebimus

633 338 919 394 ﬁduciam
941 338 969 393 δι’
999 362 1026 388 ‹‹
1063 341 1214 406 Quia
1236 343 1384 398 sicut
1401 345 1492 401 ille
1515 351 1619 411 est,
1647 353 1703 403 et
1722 365 1831 404 nos
1855 365 2067 404 sumus
2087 348 2144 402 in
2167 346 2282 401 hoc

634 428 885 482 mundo.
914 449 937 479 ι)
966 430 1189 485 Audisti
1212 447 1456 487 causam
1481 434 1713 492 ﬁducia!
1737 445 1852 492 tuae
1873 455 1888 494 :
1913 460 1938 489 «
1967 437 2116 503 Quia
2133 435 2284 490 sicut

633 516 727 571 ille
743 518 952 588 est,inq
965 519 1129 582 uit,et
1142 535 1250 574 nos
1265 537 1472 576 sumus
1486 523 1542 578 in
1555 524 1669 580 hoc
1684 528 1966 584 mundo.»
1985 531 2189 583 Nonne
2202 523 2286 579 vi-

634 605 806 661 detur
835 606 1064 676 aliquid
1096 609 1463 679 impossibile
1491 613 1715 671 dixisse
1741 616 1768 671 εἲ
1800 616 2099 687 Numquid
2127 614 2284 669 enim

636 698 830 765 potest
843 710 970 749 esse
984 696 1165 751 homo
1181 697 1328 753 sicut
1344 702 1495 755 Deus
1511 705 1674 759 Nam
1692 705 1864 760 vobis
1882 705 2130 776 exposui
2144 702 2287 775 quia

638 797 759 837 non
788 797 1026 853 semper
1045 785 1119 839 ad
1143 788 1543 857 mqualitatem
1566 793 1797 864 dicitur,
1819 793 2121 858 sicut;sed
2144 791 2287 846 dici-

637 873 731 925 tur
753 872 827 925 ad
852 874 1184 943 quamdam
1204 876 1670 937 similitudinem.
1691 883 2005 949 Quomodo
2023 881 2182 936 enim
2199 879 2290 935 di-

637 959 740 1024 cis,
764 960 924 1016 Sicut
941 977 1115 1016 aures
1139 963 1352 1030 habeo,
1375 967 1452 1022 ita
1466 969 1640 1027 habet
1663 978 1717 1026 et
1734 972 1976 1042 imago?
1990 969 2289 1042 Numquid

638 1049 884 1103 omnino
917 1050 998 1105 sic
1027 1052 1055 1107 7
1088 1053 1199 1108 Sed
1234 1059 1430 1111 tamen
1463 1058 1629 1125 dicis,
1658 1063 1828 1117 sicut.
1875 1061 1929 1117 Si
1970 1075 2111 1129 ergo
2155 1055 2292 1114 facti

639 1152 850 1192 sumus
872 1139 946 1192 ad
985 1139 1311 1211 imaginem
1339 1145 1461 1211 Dei,
1487 1162 1672 1218 quare
1695 1166 1816 1204 non
1848 1151 1997 1205 sicut
2024 1152 2176 1205 Deus
2193 1164 2294 1202 su-

643 1242 779 1280 mus
811 1228 840 1284 ?
864 1231 987 1283 Non
1018 1230 1093 1284 ad
1128 1232 1555 1303 aequalitatem,
1590 1238 1693 1292 sed
1721 1254 1825 1309 pro
1857 1239 2038 1294 modo
2065 1241 2289 1293 nostro.

647 1315 810 1370 Unde
843 1332 983 1387 ergo
1015 1318 1190 1373 nobis
1212 1320 1387 1376 datur
1415 1323 1637 1380 ﬁducia
1658 1326 1714 1380 in
1742 1327 1836 1381 die
1857 1327 2062 1397 judicii
2084 1326 2111 1379 ?
2144 1325 2294 1393 Quia

642 1403 795 1458 sicut
825 1404 924 1459 itte
954 1415 1052 1470 est,
1078 1414 1132 1462 et
1165 1425 1268 1464 nos
1294 1426 1496 1467 sumus
1513 1413 1572 1468 in
1598 1415 1706 1470 hoc
1728 1417 1968 1471 mundo.
2000 1414 2294 1470 Debemus

643 1491 758 1547 hoc
787 1493 1000 1549 referre
1020 1498 1094 1551 ad
1121 1496 1315 1568 ipsam
1347 1500 1713 1568 charitatem,
1734 1510 1788 1559 et
1810 1504 2133 1574 intelligere
2149 1501 2295 1574 quid

643 1581 871 1637 dictum
897 1584 986 1638 sit.
1020 1584 1303 1643 Dominus
1333 1590 1390 1645 in
1425 1590 1737 1663 Evangelio
1767 1593 1926 1659 dicit,
1963 1614 1990 1645 ς(
2019 1593 2077 1647 Si
2109 1593 2299 1662 diligi-

647 1671 718 1724 tis
739 1687 841 1726 eos
861 1673 960 1744 qui
976 1689 1082 1728 vos
1104 1676 1379 1746 diligunt,
1396 1696 1578 1751 quam
1604 1683 1940 1738 mercedem
1952 1681 2249 1738 habebitis
2269 1679 2297 1735 ?

633 1776 847 1815 nonne
877 1765 932 1816 et
961 1763 1259 1833 publicani
1306 1767 1416 1822 hoc
1448 1769 1672 1826 faciunt
1700 1773 1725 1820 ‘i
1755 1796 1781 1821 »
1814 1772 1965 1835 Ouid
2005 1786 2146 1840 ergo
2176 1769 2297 1825 vult

648 1864 760 1905 nos
792 1851 808 1884 ¹
841 1853 865 1895 ‘?
891 1872 918 1901 «
953 1853 1070 1923 Ego
1101 1859 1299 1910 autem
1354 1857 1490 1914 dico
1543 1860 1727 1925 vobis,
1761 1861 1982 1931 diligite
2023 1859 2299 1915 inimicos

647 1943 899 2004 vestros,
933 1945 986 1995 et
1014 1947 1178 1997 orate
1202 1960 1307 2015 pro
1334 1949 1826 2021 persequentibus
1854 1966 1981 2007 vos.
2015 1969 2041 2001 »
2074 1949 2130 2005 Si
2159 1963 2298 2017 ergo

648 2027 818 2098 jubet
839 2043 949 2082 nos
981 2029 1219 2100 diligere
1241 2033 1514 2091 inimicos
1536 2042 1794 2104 nostros,
1827 2039 1983 2094 unde
2002 2037 2174 2092 nobis
2199 2037 2301 2091 dat

653 2117 995 2188 exemplum
1025 2122 1050 2169 ?
1095 2124 1171 2176 De
1199 2123 1334 2194 ipso
1367 2127 1480 2182 Deo
1515 2141 1526 2179 :
1559 2127 1638 2182 ait
1669 2129 1850 2194 enim,
1885 2149 1912 2180 «
1946 2131 2016 2184 Ut
2043 2128 2167 2183 sitis
2197 2125 2300 2180 ﬁlii

654 2205 837 2259 Patris
866 2209 1044 2263 vestri
1069 2211 1170 2281 qui
1200 2212 1256 2266 in
1281 2214 1444 2269 cmlis
1467 2223 1573 2270 est.
1604 2237 1630 2267 »
1659 2218 1971 2283 Quomodo
1993 2217 2136 2272 illud
2163 2215 2301 2272 facit

653 2295 805 2348 Deus
838 2304 863 2351 τ
892 2296 1553 2370 Diligitinimicossuos,
1582 2328 1608 2355 «
1624 2306 1729 2378 qui
1759 2307 1895 2363 facit
1924 2307 2106 2362 solem
2125 2321 2301 2359 suum

651 2381 790 2437 oriri
815 2399 994 2455 super
1025 2387 1216 2443 bonos
1248 2395 1304 2446 et
1334 2393 1544 2459 malos,
1579 2401 1634 2450 et
1664 2395 2217 2468 pluitsuperjustos
2248 2397 2304 2448 et

656 2471 909 2540 injustos
944 2496 964 2523 ›
1006 2477 1245 2544 (Matth.
1279 2497 1336 2546 v,
1369 2484 1579 2553 44-46).
1622 2485 1675 2541 Si
1709 2501 1849 2555 ergo
1880 2485 1956 2540 ad
1989 2485 2142 2540 hanc
2175 2499 2302 2554 per-

659 2559 975 2617 fectionem
1008 2579 1117 2620 nos
1151 2567 1356 2624 invitat
1389 2572 1563 2635 Deus,
1587 2579 1651 2627 ut
1675 2573 1994 2643 diligamus
2029 2571 2302 2628 inimicos

663 2653 903 2705 nostros
935 2651 1088 2708 sicut
1117 2661 1172 2710 et
1199 2656 1324 2727 ipse
1347 2659 1551 2716 dilexit
1573 2677 1716 2716 suos
1743 2681 1754 2729 ;
1778 2678 1848 2716 ea
1876 2662 2049 2717 nobis
2082 2661 2304 2715 ﬁducia

663 2744 750 2794 est
779 2738 837 2792 in
869 2739 964 2794 die
1000 2741 1227 2811 judicii,
1262 2749 1403 2816 quia
1428 2749 1578 2804 sicut
1610 2752 1713 2807 ille
1750 2759 1853 2816 est,
1888 2759 1939 2806 et
1972 2766 2076 2805 nos
2103 2765 2303 2805 sumus

661 2829 724 2882 in
758 2829 865 2884 hoc
880 2833 1103 2886 mundo
1131 2849 1149 2887 :
1178 2835 1323 2906 quia
1339 2838 1490 2893 sicut
1510 2839 1601 2894 ille
1619 2839 1805 2911 diligit
1836 2840 2108 2895 inimicos
2139 2855 2300 2904 suos,

660 2917 935 2974 faciendo
966 2920 1150 2977 solem
1184 2941 1361 2981 suum
1387 2927 1522 2982 oriri
1567 2945 1744 3000 super
1775 2931 1966 2985 bonos
2006 2935 2060 2985 et
2093 2929 2300 2994 malos,

664 3011 719 3061 et
749 3008 1010 3077 pluendo
1053 3028 1232 3084 super
1255 3015 1447 3084 justos
1477 3022 1532 3072 et
1578 3019 1830 3088 injustos
1863 3035 1875 3084 ;
1909 3019 1986 3075 ita
2025 3035 2133 3074 nos
2160 3019 2306 3089 quia

662 3094 915 3153 inimicis
929 3102 1142 3156 nostris
1155 3118 1274 3158 non
1290 3121 1615 3175 possumus
1629 3114 1907 3178 praestare
1921 3109 2096 3163 solem
2112 3114 2165 3163 et
2180 3107 2306 3179 plu-

663 3185 846 3250 viam,
866 3195 1221 3257 praastamus
1248 3192 1565 3266 lacrymas,
1598 3212 1734 3251 cum
1759 3213 1867 3267 pro
1898 3197 2010 3251 illis
2039 3212 2301 3251 oramus.

733 3279 785 3330 4.
799 3278 928 3332 Jam
943 3294 1083 3347 ergo
1106 3281 1179 3336 de
1202 3281 1333 3352 ipsa
1347 3283 1568 3339 ﬁducia
1585 3285 1773 3340 videte
1788 3285 1931 3356 quid
1947 3285 2122 3340 dicat.
2141 3285 2306 3340 Unde

661 3365 1000 3436 intelligitur
1017 3368 1274 3438 perfecta
1288 3371 1586 3428 charitas?
1618 3374 1951 3429 Timornon
1973 3381 2051 3429 est
2083 3373 2145 3428 in
2168 3375 2306 3429 cha-

663 3455 856 3510 ritate.
893 3457 1042 3520 Quid
1082 3473 1223 3527 ergo
1254 3459 1509 3516 dicimus
1535 3462 1608 3517 de
1644 3462 1740 3518 illo
1772 3463 1874 3534 qui
1904 3464 2081 3534 coepit
2106 3463 2308 3517 timere

659 3544 815 3599 diem
844 3545 1048 3615 judicii
1073 3547 1099 3600 εἰ
1123 3548 1178 3602 Si
1211 3549 1470 3618 perfecta
1493 3551 1551 3606 in
1581 3552 1678 3607 illo
1704 3556 1856 3607 esset
1877 3552 2153 3616 charitas,
2188 3567 2308 3607 non

662 3633 914 3690 timeret.
956 3636 1213 3693 Perfecta
1251 3640 1409 3694 enim
1447 3641 1704 3696 charitas
1728 3641 1944 3696 faceret
1985 3641 2308 3712 perfectam

652 3722 1041 3792 justitiam,et
1063 3741 1180 3780 non
1203 3727 1447 3784 haberet
1473 3745 1658 3800 quare
1692 3731 1948 3786 timeret:
1986 3731 2106 3785 imo
2128 3729 2315 3784 habe-

658 3816 745 3864 ret
775 3813 1338 3880 quarezdesideraret
1362 3824 1421 3872 ul
1446 3823 1703 3873 transeat
1724 3819 2024 3890 iniquitas,
2049 3819 2314 3874 etveniat

658 3911 912 3964 regnum
934 3900 1052 3953 Dei.
1085 3903 1231 3970 Ergo
1258 3903 1433 3959 timor
1453 3922 1570 3960 non
1593 3914 1674 3961 est
1693 3909 1752 3960 in
1771 3908 2082 3963 charitate.
2119 3906 2232 3960 Sed
2257 3907 2314 3961 in

665 4000 788 4056 qua
817 3987 1141 4042 charitate?
1171 3993 1295 4044 Non
1328 3993 1387 4046 in
1427 3993 1724 4049 inchoata.
1760 3997 1821 4048 In
1853 4013 1973 4066 qua
1999 3994 2183 4064 ergo?
2203 3995 2316 4050 Sed

665 4075 956 4143 perfecta,
972 4075 1181 4147 inquit,
1199 4078 1462 4135 charitas
1485 4082 1653 4148 foras
1666 4084 1848 4138 mittit
1863 4086 2152 4139 timorem.
2169 4085 2316 4152 Ergo

667 4163 912 4235 incipiat
953 4165 1156 4232 timor;
1211 4167 1351 4239 quia
1382 4169 1618 4226 initium
1648 4173 1954 4239 sapientiae
1985 4174 2162 4228 timor
2199 4174 2318 4227 Do-

667 4252 833 4308 mini.
857 4255 1053 4310 Timor
1081 4257 1253 4328 quasi
1282 4256 1480 4313 locum
1513 4266 1811 4330 praeparat
1841 4262 2132 4318 charitati.
2164 4262 2312 4316 Cum

666 4347 865 4397 autem
889 4346 1130 4416 coeperit
1153 4345 1408 4402 charitas
1429 4347 1721 4413 habitare,
1750 4349 1982 4420 pellitur
2007 4352 2185 4405 timor
2210 4350 2314 4422 qui

669 4432 720 4486 ei
737 4435 1322 4504 praeparavitlocum.
1345 4438 1645 4502 Quantum
1665 4439 1824 4494 enim
1854 4438 1951 4494 illa
1975 4441 2202 4504 crescit,
2224 4439 2317 4494 ille

665 4520 952 4577 decrescit
976 4540 988 4590 ;
1009 4529 1064 4579 et
1087 4531 1381 4596 quantum
1405 4526 1506 4582 illa
1525 4527 1590 4582 ﬁt
1607 4528 1868 4594 interior,
1891 4528 2067 4584 timor
2085 4527 2319 4600 pellitur

667 4611 846 4666 foras.
864 4614 1045 4682 Major
1066 4614 1340 4679 charitas,
1376 4617 1760 4673 minortimor
1780 4635 1792 4684 ;
1815 4619 2010 4673 minor
2034 4617 2315 4684 Charitas,

671 4702 864 4771 major
903 4703 1099 4758 timor.
1135 4706 1188 4760 Si
1227 4710 1426 4760 autem
1469 4707 1666 4762 nullus
1697 4709 1892 4772 timor,
1928 4725 2048 4764 non
2081 4713 2168 4764 est
2197 4725 2320 4780 qua

673 4790 847 4845 intret
873 4791 1150 4847 charitas.
1184 4794 1343 4850 Sicut
1363 4795 1639 4851 videmus
1673 4812 1776 4867 per
1804 4803 1991 4852 setam
2017 4797 2318 4854 introduci

665 4877 877 4942 linum,
901 4881 1146 4950 quando
1170 4881 1396 4954 aliquid
1409 4884 1624 4949 suitur;
1653 4891 1774 4940 seta
1804 4886 1968 4955 prius
1990 4885 2188 4950 intrat,
2212 4885 2316 4940 sed

671 4967 785 5023 nisi
818 4974 1006 5035 exeat,
1053 4984 1174 5023 non
1208 4972 1468 5025 succedit
1507 4971 1734 5027 linum:
1778 4973 1863 5027 sic
1896 4973 2071 5027 timor
2122 4973 2320 5044 primo

672 5063 927 5131 occupat
971 5064 1252 5124 mentem,
1289 5075 1408 5115 non
1457 5065 1658 5116 autem
1691 5061 1772 5116 ibi
1804 5067 2072 5117 remanet
2121 5063 2318 5129 timor,

668 5149 810 5220 quia
842 5147 975 5204 ideo
1001 5148 1256 5215 intravit,
1289 5154 1349 5204 ut
1369 5149 1767 5207 introduceret
1796 5150 2164 5208 charitatem.
2187 5152 2322 5209 Jam

671 5237 828 5293 facta
849 5237 1164 5294 securitate
1190 5238 1247 5292 in
1267 5239 1488 5308 animo,
1515 5239 1691 5311 quale
1719 5241 2007 5309 gaudium
2030 5241 2206 5297 nobis
2238 5246 2324 5297 est

670 5327 764 5381 vel
790 5327 849 5381 in
880 5327 1014 5392 hoc,
1043 5326 1135 5382 vel
1160 5328 1218 5382 in
1251 5327 1448 5384 futuro
1479 5330 1737 5388 saeculo?
1772 5332 1834 5385 Et
1860 5330 1917 5383 in
1950 5329 2064 5385 hoc
2105 5329 2323 5386 saeculo

677 5416 808 5484 quis
835 5416 1008 5472 nobis
1023 5417 1259 5473 nocebit
1277 5417 1466 5489 plenis
1487 5420 1771 5476 charitate
1793 5421 1820 5476 ?
1848 5419 2046 5474 Videte
2071 5434 2325 5491 quomo-

675 5501 753 5557 do
783 5505 1450 5576 exsultetApostolusde
1481 5510 1611 5581 ipsa
1625 5509 1926 5564 charitate.
1947 5529 1971 5559 α
1990 5508 2133 5574 Quis
2147 5524 2321 5573 nos,»

746 5645 761 5674 ι
790 5643 921 5692 Ven.
948 5643 1115 5701 addit,
1160 5645 1391 5708 diligere.
1419 5648 1486 5698 Μ.

1384 127 1457 184 ΙΝ
1498 129 1908 190 EPISTOLAM
1950 127 2243 188 JOANNIS
2282 128 2377 186 AD
2415 129 2769 199 PARTHOS,
2811 132 2872 189 S.
2913 132 3298 190 AUGUSTINI

3861 137 3967 196 ΜΒ

2388 255 2598 328 inquit,
2645 278 2669 308 α
2697 259 2999 331 separabit
3026 276 3059 316 a
3091 259 3376 315 charitate
3401 257 3653 315 Christi?
3683 259 3969 319 tribulatio?

2392 360 2469 400 an
2490 348 2766 415 angustia
2782 349 2810 406 ?
2826 363 2900 404 an
2927 348 3260 420 persecutio
3275 349 3303 406 τ
3318 363 3392 404 an
3413 347 3638 405 fames?
3657 363 3728 404 an
3741 350 3968 408 nuditasi

2393 448 2468 488 an
2502 435 2828 504 periculum
2851 439 2878 493 ?
2913 453 2990 492 an
3031 437 3267 509 gladius
3321 458 3348 489 »
3385 438 3575 506 (Rom.
3620 451 3736 502 vm,
3768 439 3882 509 35)?
3920 444 3965 495 Et

2395 523 2595 576 Petrus
2624 522 2767 578 dicit
2796 541 2808 580 :
2834 543 2862 573 «
2894 529 2956 581 Et
2984 526 3119 597 quis
3151 525 3317 580 vobis
3345 539 3556 580 nocere
3578 528 3776 596 potest,
3803 527 3843 581 si
3866 527 3970 583 boni

2395 612 2771 668 aemulatores
2804 613 3072 670 fueritis»
3106 615 3148 685 (Ι
3180 613 3338 670 Petr.
3365 630 3447 679 ιιι,
3481 614 3568 685 l3)
3589 613 3614 667 ?
3639 634 3664 664 «
3691 615 3864 670 Timor
3887 633 3975 672 non

2396 705 2480 754 est
2510 700 2568 754 in
2607 701 2916 758 dilectione
2943 718 2955 757 :
2991 703 3096 759 sed
3127 702 3388 774 perfecta
3417 701 3654 758 dilectio
3679 702 3816 758 foras
3843 705 3977 760 mittit

2396 789 2670 844 timorem
2691 808 2708 861 ;
2742 791 2885 862 quia
2915 792 3092 848 timor
3117 796 3482 847 tormentum
3509 790 3684 847 habet
3713 813 3753 843 η.
3773 795 3979 864 Torquet

2397 893 2498 932 cor
2527 881 2895 936 conscientia
2916 885 3317 952 peccatorum,
3334 880 3606 937 nondum
3623 879 3981 951 factaestjusti-

2397 966 2614 1022 ﬁcatio.
2660 971 2755 1024 Est
2779 969 2859 1025 ibi
2889 970 3054 1042 quod
3087 969 3291 1033 titillet,
3337 970 3505 1042 quod
3533 974 3766 1040 pungat.
3807 969 3914 1025 ldeo
3937 971 3979 1024 in

2399 1055 2637 1112 Psalmo
2689 1057 2758 1112 de
2800 1058 2932 1129 ipsa
2981 1058 3340 1129 perfectione
3375 1057 3622 1129 justitize
3665 1057 3795 1128 quid
3831 1057 3982 1114 dicit?

2401 1163 2430 1196 ‹‹
2466 1146 3053 1203 Convertistiluctum
3083 1164 3284 1203 meum
3307 1147 3362 1202 in
3388 1145 3677 1218 gaudium
3706 1146 3854 1202 mihi:
3882 1162 3983 1202 con-

2401 1233 2590 1289 cidisti
2616 1251 2858 1291 saccum
2891 1252 3112 1302 meum,
3141 1237 3439 1292 etcinxisti
3464 1251 3559 1290 me
3585 1235 3865 1299 laetitiam
3884 1251 3982 1290 cau-

2402 1329 2480 1380 tet
2502 1324 2606 1379 tibi
2631 1324 2817 1394 gloria
2836 1341 2990 1392 mea,
3011 1331 3066 1381 et
3086 1341 3204 1381 non
3235 1340 3614 1397 compungar
3634 1345 3659 1376 »
3679 1325 3841 1388 (Psal.
3867 1341 3983 1390 xxix,

2408 1417 2489 1477 l2,
2522 1414 2793 1480 13).Quid
2819 1419 2969 1478 est,«
2999 1431 3119 1470 non
3146 1416 3568 1486 compungar?
3599 1434 3625 1465 »
3653 1414 3770 1468 Non
3790 1413 3986 1484 sitquod

2403 1501 2666 1557 stimulet
2691 1503 3119 1558 conscientiam
3144 1518 3364 1559 meam.
3392 1502 3664 1558 Stimulat
3696 1503 3883 1557 timor:
3911 1501 3984 1556 sed

2404 1590 2523 1646 noli
2556 1591 2789 1657 timere;
2816 1592 2991 1648 intrat
3017 1593 3273 1648 charitas
3297 1608 3435 1663 quae
3464 1596 3635 1647 sanat
3662 1589 3813 1662 quod
3837 1590 3988 1644 vulne-

2404 1685 2493 1735 rat
2521 1680 2715 1734 timor.
2741 1681 2938 1736 Timor
2967 1682 3063 1736 Dei
3083 1681 3165 1736 sic
3195 1680 3491 1743 vulnerat,
3512 1680 3803 1752 quomodo
3827 1679 3988 1735 medici

2404 1768 2830 1825 ferramentum
2863 1788 2876 1838 ;
2912 1770 3290 1841 putredinem
3332 1770 3502 1837 tollit,
3535 1779 3590 1825 et
3620 1768 3782 1840 quasi
3813 1768 3989 1822 videtur

2407 1859 2622 1913 vulnus
2655 1871 2891 1930 augere.
2928 1861 3070 1914 Ecce
3113 1859 3367 1930 putredo
3399 1857 3647 1931 quando
3679 1861 3796 1912 erat
3821 1858 3866 1911 in
3897 1871 3987 1910 cor-

2405 1963 2567 2019 pore,
2597 1947 2795 2003 minus
2817 1947 3190 2013 eratvulnus,
3218 1948 3320 2003 sed
3348 1947 3748 2020 periculosum
3774 1962 3784 2000 :
3814 1945 3988 2001 accedit

2405 2034 2830 2092 ferramentum
2860 2036 3074 2092 medici
3105 2054 3116 2101 ;
3151 2037 3354 2092 minus
3385 2035 3627 2091 dolebat
3647 2034 3778 2089 illud
3803 2033 3988 2098 vulnus,

2407 2140 2592 2196 quam
2644 2125 2806 2180 dolet
2855 2125 3034 2181 modo
3066 2142 3202 2180 cum
3249 2131 3510 2181 secatur.
3556 2124 3684 2179 Plus
3719 2123 3856 2180 dolet
3886 2139 3984 2177 cum

2408 2221 2664 2279 curatur,
2693 2230 2879 2286 quam
2912 2215 2958 2269 si
2975 2231 3093 2270 non
3108 2220 3446 2282 curaretur;
3471 2215 3576 2270 sed
3598 2214 3724 2269 ideo
3749 2212 3988 2284 plusdolet

2407 2304 2726 2359 accedente
2742 2304 3056 2369 medicina,
3080 2309 3472 2376 utnunquam
3499 2300 3986 2359 doleatsuccedente

2409 2392 2615 2448 salute.
2660 2393 2918 2464 Occupet
2955 2408 3097 2462 ergo
3129 2408 3232 2448 cor
3272 2398 3443 2449 tuum
3486 2391 3679 2457 timor,
3721 2397 3777 2445 ut
3802 2389 3986 2444 inducat

2409 2480 2756 2536 charitatem
2783 2497 2796 2546 ;
2829 2481 3106 2537 succedat
3131 2481 3373 2536 cicatrix
3397 2483 3414 2517 ¹
3441 2481 3784 2536 ferramento
3809 2475 3983 2531 medici.

2408 2569 2562 2625 Talis
2587 2575 2673 2624 est
2703 2569 2990 2636 medicus,
3026 2576 3087 2625 ut
3118 2585 3226 2625 nec
3254 2571 3566 2625 cicatrices
3599 2572 3917 2641 appareant:
3945 2569 3984 2618 tu

2412 2663 2643 2714 tantum
2671 2658 2863 2714 subde
2886 2664 2939 2714 te
2960 2659 3451 2730 dexteraaipsius.
3470 2662 3612 2714 Nam
3629 2659 3673 2713 si
3697 2658 3808 2712 sine
3831 2655 3984 2710 timore

2411 2764 2491 2813 es,
2526 2763 2643 2802 non
2677 2749 2894 2819 poteris
2925 2747 3255 2818 justiﬁcari.
3301 2748 3608 2803 Sententia
3657 2747 3798 2802 dicta
3831 2749 3904 2798 est
3936 2740 3986 2793 de

2414 2836 2768 2906 Scripturis:
2822 2837 2972 2893 Nam
3001 2837 3105 2907 qui
3131 2837 3258 2892 sine
3306 2838 3522 2894 timore
3550 2842 3647 2901 est,
3680 2849 3784 2890 non
3825 2830 3986 2900 poterit

2402 2927 2730 2996 justiﬁcari
2743 2926 2950 2996 (Eccli.
2969 2943 3004 2989 ι,
3023 2927 3130 2996 '28).
3162 2928 3324 2996 Opus
3341 2930 3435 2980 est
3452 2941 3594 2995 ergo
3620 2924 3844 2992 ut,intret
3859 2921 3986 2974 timor

2412 3015 2628 3086 primo,
2646 3029 2939 3086 perquem
2953 3014 3146 3069 veniat
3159 3014 3440 3070 charitas.
3459 3013 3652 3068 Timor
3663 3010 3988 3066 medicamen-

2413 3108 2534 3158 tum
2546 3146 2558 3169 ,
2573 3103 2831 3158 charitas
2846 3104 3091 3158 sanitas.
3113 3125 3134 3152 «
3158 3102 3266 3170 Qui
3280 3109 3486 3160 autem
3505 3103 3685 3167 timet,
3701 3115 3803 3155 non
3815 3101 3987 3165 estper-

2411 3191 2599 3248 fectus
2614 3193 2672 3246 in
2686 3191 3056 3246 dilectione.»
3071 3192 3296 3256 Quare?
3309 3210 3338 3240 «
3353 3192 3690 3258 Quiatimor
3701 3188 3989 3244 tormentum

2412 3280 2611 3345 habet,
2641 3299 2668 3331 »
2694 3279 3003 3351 quomodo
3031 3279 3213 3334 sectio
3237 3279 3460 3336 medici
3477 3283 3811 3336 tormentum
3830 3271 3982 3328 habet.

2487 3375 2537 3424 5.
2570 3372 2663 3423 Est
2685 3373 2884 3423 autem
2913 3368 3027 3424 alia
3045 3369 3354 3433 sententia,
3371 3384 3512 3441 qua;
3530 3368 3750 3423 videtur
3771 3363 3882 3419 huic
3898 3369 3988 3412 esse

2417 3459 2733 3522 contraria,
2750 3458 2795 3512 si
2819 3473 2940 3512 non
2965 3457 3182 3513 habeat
3208 3456 3634 3513 intellectorem
3652 3471 3663 3509 :
3678 3454 3862 3509 dicitur
3873 3446 3988 3503 enim

2416 3547 2684 3619 quodam
2713 3545 2845 3601 loco
2868 3546 2925 3600 in
2944 3547 3195 3610 Psalmo,
3225 3547 3428 3602 Timor
3451 3544 3683 3601 Domini
3697 3546 3880 3601 castus,
3897 3547 3990 3603 per-

2419 3651 2662 3692 manens
2675 3635 2735 3690 in
2749 3636 3029 3690 saeculum
3045 3635 3245 3690 saeculi
3255 3636 3448 3705 (Psal.
3467 3651 3620 3704 xvm,
3637 3633 3738 3704 10).
3765 3631 3990 3685 Eternum

2419 3725 2744 3798 quemdam
2760 3723 3218 3791 timoremfnobis
3231 3724 3513 3789 ostendit,
3529 3722 3630 3779 sed
3643 3706 3992 3804 castumﬂuéq

2422 3795 2469 3869 si
2499 3814 2593 3868 ille
2633 3819 2922 3869 aeternum
2951 3812 3126 3876 nobis
3161 3813 3439 3868 timorem
3471 3809 3739 3875 ostendit,
3769 3795 3988 3872 numquid

2422 3902 2774 3958 contradicit
2794 3901 2875 3956 illi
2906 3901 3051 3956 forte
3082 3901 3194 3957 ista
3234 3901 3500 3972 Epistola
3534 3915 3667 3973 quae
3689 3896 3827 3963 dicit,
3851 3892 3991 3946 Timor

2421 4008 2540 4047 non
2587 3998 2668 4047 est
2709 3991 2772 4045 in
2803 3991 3116 4055 charitate,
3166 3990 3267 4047 sed
3290 3992 3562 4060 per/ecta
3609 3985 3848 4044 charitas
3871 3979 3991 4070 [eius

2422 4081 2602 4137 mittit
2638 4080 2948 4137 timorem?
2982 4084 3418 4148 Interrogemus
3459 4080 3640 4136 ambo
3668 4070 3874 4145 eloquia
3902 4068 3987 4120 Dei.

2426 4170 2677 4243 Spiritus
2713 4185 2868 4225 unus
2913 4175 3019 4234 est,
3063 4169 3171 4224 etsi
3203 4168 3442 4224 codices
3471 4169 3612 4232 duo,
3639 4164 3741 4221 etsi
3778 4174 3866 4216 ora
3888 4154 3989 4215 du0,

2426 4259 2530 4316 etsi
2560 4258 2949 4328 linguaaduse.
2968 4260 3085 4312 Hoc
3107 4257 3267 4313 enim
3288 4257 3518 4313 dictum
3533 4260 3620 4312 est
3639 4267 3734 4325 per
3749 4253 3991 4338 Joannem,

2426 4348 2808 4404 illuddictum
2838 4353 2924 4401 est
2939 4362 3044 4418 per
3077 4345 3291 4411 David;
3321 4346 3429 4400 sed
3448 4345 3626 4401 nolite
3656 4345 3840 4414 putare
3856 4331 3993 4386 alium

2425 4453 2556 4493 esse
2587 4435 2950 4506 spiritum.Si
2986 4450 3140 4490 unus
3161 4434 3341 4490 ﬂatus
3365 4434 3533 4490 inﬂat
3551 4432 3696 4488 duas
3720 4424 3884 4485 tibias,
3907 4427 3992 4470 0°“

2425 4531 2619 4598 potest
2634 4541 2786 4579 unus
2803 4523 3050 4595 Spiritus
3064 4523 3309 4594 implere
3323 4523 3445 4580 duo
3467 4520 3666 4583 corda,
3685 4517 3875 4586 agitare
3885 4507 3992 4602 duas

2425 4615 2658 4685 linguas
2679 4614 2705 4667 ?
2735 4613 2848 4668 Sed
2888 4613 2935 4666 si
2980 4611 3190 4682 spiritu
3223 4627 3363 4677 uno,
3405 4612 3467 4666 id
3495 4616 3580 4666 est
3611 4621 3720 4664 uno
3749 4603 3886 4663 ﬂatu,
3911 4605 3986 4646 ιω·

2428 4704 2598 4776 pletaa
2623 4703 2758 4757 duae
2787 4702 2946 4756 tibias
2978 4707 3317 4756 consonant
3342 4718 3354 4766 ;
3383 4700 3638 4771 impletin
3673 4689 3987 4785 dutslingujﬁ

2429 4793 2646 4864 Spiritu
2669 4791 2786 4854 Dei,
2827 4791 3140 4846 dissonare
3171 4790 3471 4860 possunt?
3504 4791 3598 4844 Est
3628 4797 3757 4852 ergo
3785 4777 3854 4833 ibi
3877 4781 3991 4864 qui?

2428 4854 2568 4937 dam
2584 4879 3000 4945 consonantia,
3017 4884 3106 4934 est
3127 4879 3408 4950 quaedam
3433 4854 3993 4962 concordiaiseflalfd}:

2429 4978 2614 5026 torem
2657 4969 2974 5024 desiderat.
3022 4944 3164 5022 Ecce
3203 4967 3511 5038 inspiravit
3549 4970 3602 5019 et
3641 4951 3871 5043 implevit
3903 4944 3992 5043 ᾀυίξ

2427 5061 2631 5125 corda,
2659 5059 2779 5114 duo
2801 5073 2925 5122 ora,
2963 5057 3148 5113 movit
3178 5033 3331 5113 duas
3353 5057 3583 5126 linguas
3605 5049 3824 5122 Spiritus
3839 5033 3993 5126 Deizet

2428 5149 2770 5205 audivimus
2789 5163 2858 5202 ex
2888 5162 3007 5202 una
3031 5145 3256 5216 lingua,
3275 5165 3301 5197 ‹‹
3320 5145 3641 5201 Timornon
3665 5140 3744 5194 est
3772 5133 3822 5186 in
3847 5126 3992 5181 chart-

2428 5240 2619 5304 ritate,
2642 5237 2747 5292 sed
2771 5236 3030 5308 perfecta
3046 5235 3306 5290 charitas
3324 5233 3479 5289 foras
3509 5228 3673 5287 mittit
3701 5225 3950 5280 timorem;
3968 5225 3986 5253 ³³

2431 5326 2774 5384 audivimus
2807 5341 2873 5380 ex
2893 5324 3026 5389 alia,
3065 5344 3088 5374 α
3122 5324 3320 5380 Timor
3348 5319 3787 5387 Dominicastus,
3812 5310 3992 5378 βετωεεν

2496 5526 2510 5556 ¹
2544 5522 2697 5596 Εάἰλΐὶτ
2715 5521 2886 5596 ιίτηοι·ξ
2902 5525 2950 5596 et
2973 5520 3181 5596 inducta
3203 5520 3449 5596 charitate,
3467 5489 3991 5596 s‘uccfdgt

2435 5564 2886 5641 “aurasin;
2905 5564 3523 5644 agnam;again.
3564 5574 3657 5625 Alii
3687 5569 3794 5625 duo,
3819 5564 3863 5607 ut
3882 5569 3924 5602 ιη

2435 5653 2513 5698 cat
2534 5647 2781 5697 charitate
2811 5652 2855 5696 et
2881 5646 3122 5696 succedat.
