4164 6184
144 136 296 203 ὶο49

142 285 257 325 nes
282 270 340 325 in
363 270 653 326 saeculum
674 271 896 326 saaculi.
945 294 964 320 ι
999 273 1152 338 Quid
1178 280 1268 330 est
1293 275 1404 332 hoc
1429 279 1455 333 ?
1488 278 1661 348 quasi
1690 278 1806 333 dis-

142 359 575 416 sonant?Non:
611 364 817 415 excute
832 376 1023 427 aures,
1054 362 1294 420 intende
1317 364 1805 423 melodiam.Non

141 448 279 504 sine
297 446 588 503 causahic
602 448 852 513 addidit,
877 457 1095 519 castus,
1119 451 1235 506 illic
1253 468 1374 508 non
1398 454 1657 514 addidit:
1693 457 1805 511 nisi

141 539 295 609 quia
325 541 412 593 est
442 538 622 594 timor
658 538 810 594 alius
839 541 940 611 qui
973 541 1190 596 dicitur
1231 548 1456 609 castus,
1490 550 1576 600 est
1603 551 1805 602 autem

145 626 310 684 alius
336 626 436 698 qui
459 641 581 682 non
605 626 821 682 dicitur
834 632 1055 684 castus.
1087 631 1634 689 Dicernamusistos
1649 635 1804 690 duos

142 715 415 780 timores,
461 721 516 770 et
554 715 959 785 intelligamus
1005 722 1461 776 consonantiam
1503 723 1802 778 tibiarum.

144 805 468 870 Quomodo
490 803 894 874 intelligimus,
920 806 1006 861 vel
1031 810 1342 879 quomodo
1372 811 1807 867 discernimus?

145 892 428 949 Attendat
449 892 717 949 Charitas
743 900 955 951 vestra.
979 897 1125 952 Sunt
1147 897 1420 953 homines
1439 901 1544 971 qui
1573 897 1825 972 propte-'

143 981 470 1038 reatiment
487 984 692 1047 Deum,
709 998 780 1038 ne
797 984 1103 1040 mittantur
1127 986 1184 1040 in
1201 988 1805 1056 gehennam,neforte

144 1069 402 1126 ardeant
427 1086 564 1125 cum
581 1070 825 1127 diabolo
857 1072 914 1127 in
939 1072 1074 1142 igne
1089 1080 1328 1130 aeterno.
1356 1076 1485 1146 Ipse
1512 1083 1602 1132 est
1632 1078 1807 1134 timor

147 1159 247 1214 ille
261 1159 363 1232 qui
383 1159 1094 1218 introducitcharitatem:
1123 1163 1225 1218 sed
1241 1164 1326 1219 sic
1357 1166 1512 1222 venit
1542 1172 1804 1223 utexeat.

149 1247 212 1302 Si
228 1248 390 1302 enim
405 1246 600 1302 adhuc
624 1253 865 1319 propter
883 1266 1092 1320 poenas
1117 1251 1285 1306 times
1301 1255 1507 1319 Deum,
1533 1255 1805 1310 nondum

146 1351 326 1392 amas
349 1351 525 1408 quem
542 1336 624 1391 sic
655 1337 843 1392 times.
860 1341 985 1393 Non
1003 1340 1162 1395 bona
1175 1340 1502 1407 desideras,
1530 1345 1634 1398 sed
1650 1344 1810 1402 mala

145 1439 350 1480 caves.
383 1423 497 1479 Sed
531 1440 601 1479 ex
634 1441 704 1480 eo
751 1427 916 1498 quod
946 1428 1105 1483 mala
1138 1445 1336 1494 caves,
1372 1433 1615 1501 corrigis
1645 1437 1718 1500 te,
1753 1438 1809 1490 et

143 1513 368 1584 incipis
390 1513 552 1568 bona
581 1513 938 1571 desiderare.
969 1518 1112 1572 Cum
1143 1517 1306 1574 bona
1335 1519 1668 1577 desiderare
1695 1539 1810 1578 cm-

145 1603 332 1674 peris,
361 1603 471 1658 erit
490 1602 549 1658 in
569 1609 622 1658 te
646 1605 821 1659 timor
847 1610 1065 1661 castus.
1089 1608 1228 1672 Quis
1252 1614 1339 1664 est
1371 1610 1545 1665 timor
1572 1615 1810 1667 castus?

143 1695 229 1747 Ne
270 1691 513 1746 amittas
546 1692 678 1763 ipsa
708 1692 890 1748 bona.
926 1695 1232 1751 lntendite.
1262 1697 1435 1753 Aliud
1466 1705 1557 1756 est
1602 1701 1806 1758 timere

143 1778 361 1850 Deum,
381 1795 453 1836 ne
477 1781 668 1836 mittat
695 1787 747 1836 te
762 1782 820 1836 in
836 1783 1176 1851 gehennam
1195 1801 1330 1841 cum
1350 1787 1595 1844 diabolo
1616 1806 1628 1857 ;
1646 1789 1807 1846 aliud

142 1874 234 1925 est
248 1869 454 1924 timere
469 1870 674 1938 Deum,
690 1885 763 1925 ne
776 1872 1012 1928 recedat
1025 1878 1178 1929 aute.
1199 1874 1292 1930 llle
1307 1875 1480 1930 timor
1495 1893 1618 1949 quo
1632 1880 1808 1934 times

142 1973 224 2013 ne
252 1958 310 2013 in
338 1957 675 2028 gehennam
697 1959 952 2015 mittaris
967 1977 1104 2016 cum
1137 1962 1400 2029 diabolo,
1433 1966 1702 2022 nondum
1723 1966 1812 2023 est

143 2052 382 2112 castus;
414 2062 536 2102 non
559 2048 718 2103 enim
738 2050 974 2105 venitex
990 2067 1195 2106 amore
1220 2053 1334 2116 Dei,
1373 2054 1476 2109 sed
1509 2071 1581 2110 ex
1597 2057 1808 2113 timore

143 2135 546 2207 panaezlcum
579 2139 968 2194 autemtimes
986 2138 1193 2208 Deum,
1226 2157 1299 2196 ne
1330 2142 1566 2199 deserat
1598 2151 1649 2199 te
1664 2161 1810 2216 pras-

141 2224 344 2280 sentia
375 2225 542 2296 ejus;
575 2225 949 2298 amplecteris
981 2244 1140 2294 eum,
1171 2232 1301 2300 ipso
1332 2230 1447 2286 frui
1478 2233 1805 2291 desideras.

219 2340 273 2395 6.
299 2342 427 2396 Non
451 2345 648 2412 potest
664 2341 876 2397 melius
897 2343 1205 2415 explanari
1235 2346 1384 2417 quid
1407 2347 1632 2404 intersit
1659 2352 1810 2406 inter

144 2430 312 2485 duos
326 2430 470 2485 istos
485 2430 748 2496 timores,
767 2445 950 2486 unum
966 2448 1147 2504 quem
1169 2433 1324 2489 foras
1344 2437 1804 2504 mittitcharitas,

141 2518 402 2575 alterum
416 2524 650 2575 castum
664 2519 759 2590 qui
774 2535 935 2591 perm
945 2524 1150 2576 anetin
1166 2523 1452 2579 saeculum
1467 2527 1807 2592 saeculi,nisi

145 2623 346 2680 ponas
373 2607 527 2663 duas
557 2607 835 2664 mulieres
869 2609 1199 2679 maritatas,
1223 2628 1480 2684 quarum
1514 2631 1698 2671 unam
1730 2617 1810 2673 ita

148 2696 490 2754 constituas
527 2697 826 2754 volentem
865 2698 1057 2755 facere
1106 2701 1486 2768 adulterium,
1529 2705 1807 2762 delectari

144 2785 438 2858 nequitia,
468 2785 572 2841 sed
608 2786 809 2842 timere
838 2803 911 2843 ne
937 2789 1258 2845 damnetur
1287 2807 1322 2846 a
1355 2795 1588 2849 marito.
1621 2796 1808 2851 Timet

148 2875 464 2940 maritum,
499 2875 602 2931 sed
633 2876 778 2949 quia
824 2877 1023 2933 adhuc
1067 2885 1230 2935 amat
1284 2881 1640 2953 nequitiam,
1672 2884 1806 2941 ideo

143 2965 320 3021 timet
351 2966 632 3020 maritum
665 2981 676 3020 :
711 2965 850 3021 huic
881 2981 1000 3022 non
1042 2977 1233 3037 grata,
1271 2970 1378 3024 sed
1411 2986 1669 3028 onerosa
1719 2978 1807 3029 est

139 3054 346 3110 mariti
368 3054 766 3125 prassentia;et
782 3055 829 3111 si
841 3054 989 3111 forte
1003 3057 1617 3129 vivituequiter,timet
1631 3063 1808 3118 mari-

140 3149 275 3199 tum
298 3159 374 3199 ne
405 3143 626 3199 veniat.
650 3143 815 3200 Tales
847 3150 984 3200 sunt
1005 3146 1107 3216 qui
1130 3147 1339 3203 timent
1361 3163 1434 3203 ne
1459 3151 1660 3206 veniat
1679 3151 1807 3207 dies

130 3231 373 3303 judicii.
399 3234 506 3287 Fac
529 3231 778 3288 alteram
807 3248 1012 3288 amare
1035 3234 1250 3301 virum,
1272 3236 1489 3293 debere
1511 3238 1588 3293 illi
1606 3245 1806 3296 castos

141 3319 486 3392 amplexus,
505 3319 669 3376 nulla
689 3336 752 3376 se
768 3321 1040 3377 adulterii
1061 3323 1444 3382 immunditia
1467 3328 1768 3384 maculare
1790 3345 1803 3395 ;

140 3414 314 3482 optat
353 3410 734 3481 prasentiam
766 3409 894 3465 viri.
945 3413 1008 3466 Et
1044 3413 1354 3483 quomodo
1384 3414 1805 3474 discernuntur

144 3499 274 3554 duo
297 3499 388 3554 isti
412 3499 659 3555 timores
683 3497 887 3554 l’timet
907 3499 1030 3567 illa,
1051 3501 1216 3557 timet
1236 3507 1290 3557 et
1315 3503 1436 3559 illa.
1463 3507 1764 3575 Interroga
1788 3525 1802 3575 ;

139 3587 327 3659 quasi
352 3601 540 3643 unum
567 3587 1080 3659 tibirespondent:
1103 3591 1398 3662 interroga
1413 3592 1597 3658 illam,
1614 3594 1807 3651 Times

136 3677 344 3733 virum
359 3677 1284 3750 ?respoudet,Timeo.Interroga
1298 3681 1525 3738 etillam
1540 3683 1586 3737 si
1604 3685 1810 3742 timeat

139 3767 344 3822 virum
370 3783 384 3832 ;
410 3766 753 3837 respondet,
776 3767 999 3823 Timeo.
1023 3770 1148 3824 Una
1170 3785 1281 3825 vox
1294 3776 1400 3837 est,
1417 3773 1520 3826 sed
1539 3772 1807 3829 diversus

137 3855 408 3912 animus.
441 3857 570 3910 1am
593 3871 735 3927 ergo
755 3856 1213 3926 interrogentur,
1243 3861 1437 3924 Quare
1460 3861 1612 3917 7111a
1645 3861 1805 3927 dicit,

137 3944 350 4001 Timeo
377 3945 569 4000 virum
599 3961 672 4000 ne
704 3946 939 4001 veniat:
975 3945 1075 4001 illa
1100 3947 1262 4012 dicit,
1291 3950 1492 4005 Timeo
1518 3950 1710 4006 virum
1732 3967 1808 4008 ne

138 4033 436 4089 discedat.
463 4033 564 4090 Illa
592 4033 756 4098 dicit,
783 4035 982 4090 Timeo
1008 4049 1082 4091 ne
1105 4036 1390 4093 damner:
1419 4039 1519 4095 illa
1540 4039 1700 4105 dicit,
1723 4041 1806 4096 Ti-

134 4136 283 4179 meo
305 4137 380 4178 ne
409 4122 669 4181 deserar.
693 4126 848 4180 Pone
865 4124 1057 4181 hocin
1086 4124 1286 4181 animo
1316 4126 1806 4196 Christianorum,

137 4218 202 4270 et
230 4212 490 4267 invenis‘
525 4214 796 4270 timorem
826 4229 1005 4285 quem
1048 4213 1206 4270 foras
1239 4216 1409 4272 mittit
1438 4217 1718 4283 charitas,
1749 4224 1806 4275 et

136 4302 334 4358 alium
366 4302 634 4358 timorem
680 4310 912 4360 castum
941 4310 1396 4373 permanentem
1425 4306 1486 4361 in
1515 4307 1804 4363 saeculum

143 4391 382 4448 smculi.

217 4519 272 4570 7.
293 4517 784 4588 Loquamurergo
801 4517 893 4573 his
921 4517 1113 4589 primo
1129 4517 1230 4590 qui
1255 4519 1336 4574 sic
1365 4519 1571 4575 timent
1593 4521 1799 4587 Deum,

137 4604 461 4678 quomodo
481 4605 580 4661 illa
607 4606 817 4661 mulier
838 4622 1020 4678 quam
1042 4607 1294 4663 delectat
1319 4609 1610 4681 nequitia;
1636 4611 1806 4668 timet

138 4694 309 4751 enim
324 4695 507 4749 virum
521 4709 593 4750 ne
607 4695 846 4751 damnet
860 4695 1256 4752 illamztalibus
1269 4697 1702 4770 primoloquam
1715 4716 1799 4756 ur.

144 4785 189 4840 Ο
215 4785 426 4840 anima
450 4801 585 4856 quas
617 4785 700 4840 sic
734 4785 902 4841 times
931 4786 1140 4851 Deum,
1174 4801 1247 4841 ne
1274 4786 1521 4843 damnet
1548 4793 1600 4844 te
1632 4792 1800 4856 Deus,

138 4873 462 4945 quomodo
477 4873 644 4929 timet
657 4875 1063 4944 mulierquam
1079 4874 1330 4931 delectat
1343 4877 1805 4948 nequitia;timet

138 4962 361 5028 virum,
387 4977 461 5018 ne
492 4961 860 5019 damuetura
884 4963 1045 5019 viro:
1072 4964 1380 5035 quomodo
1405 4966 1504 5020 tibi
1529 4966 1804 5038 displicet

137 5050 242 5106 illa
274 5050 512 5118 mulier,
545 5051 793 5123 displice
824 5056 880 5108 et
914 5056 976 5107 tu
1009 5052 1131 5108 tibi.
1164 5053 1223 5108 Si
1255 5053 1400 5109 forte
1427 5053 1616 5111 habes
1655 5073 1803 5112 uxo-

138 5156 292 5205 rem,
330 5140 625 5212 numquid
657 5141 744 5196 vis
769 5147 830 5197 ut
855 5142 937 5197 sic
957 5142 1159 5197 timeat
1187 5145 1237 5197 te
1266 5157 1414 5198 uxor
1446 5148 1565 5210 tua,
1595 5158 1668 5199 ne
1701 5145 1804 5202 da-

139 5234 382 5284 mnetur
395 5229 504 5284 abs
520 5235 594 5296 te;
610 5235 672 5284 ut
687 5229 936 5286 delectet
952 5230 1115 5286 illam
1131 5246 1245 5303 neq
1255 5231 1525 5294 uitia,sed
1541 5233 1804 5303 pondere

137 5317 378 5373 timoris
393 5319 474 5374 tui
489 5318 863 5390 reprimatur,
889 5335 1008 5375 non
1027 5319 1414 5376 damnatione
1433 5319 1804 5392 iniquitatis?

138 5409 387 5464 Castam
401 5424 536 5464 eam
551 5408 790 5474 vis,utte
803 5408 1033 5480 diligat,
1048 5425 1169 5465 non
1186 5415 1248 5465 ut
1271 5415 1322 5465 te
1339 5410 1559 5466 timeat.
1580 5410 1804 5466 Exhibe

139 5497 392 5554 tetalem
420 5499 555 5562 Deo,
580 5497 821 5570 qualem
847 5499 935 5553 vis
959 5498 1187 5555 habere
1213 5513 1483 5556 uxorem.
1505 5501 1568 5556 Et
1586 5499 1636 5555 si
1654 5514 1806 5557 non-

206 5684 222 5715 ¹
255 5683 530 5744 Invenisti,
554 5685 711 5751 juxta
747 5684 829 5736 Er.
858 5685 1026 5752 Lugd.
1053 5685 1187 5737 Ven.
1225 5686 1356 5739 Lov.
1390 5686 1459 5737 Μ.

1383 151 1804 210 TRACTATUS
1847 155 1941 212 IX.
1985 156 2218 214 CAPUT
2257 161 2351 217 IV.

3417 165 3558 246 2030

2083 283 2291 382 habes,
2311 292 2365 341 et
2386 287 2606 382 habere
2630 291 2743 357 vis;
2771 293 2948 350 talem
2972 300 3058 353 vis
3082 301 3389 364 habere.Et
3416 311 3564 382 quid

1914 367 2446 436 dicimus,fratres?
2462 375 2558 432 Illa
2575 379 2781 435 mulier
2794 399 2927 453 quae
2944 385 3077 442 ideo
3092 389 3254 447 timet
3272 367 3564 462 virum,ne

1914 456 2238 521 damnetur
2258 477 2293 517 a
2313 463 2458 533 viro,
2486 464 2632 522 forte
2657 484 2773 523 non
2793 470 2930 527 facit
2951 475 3329 546 adulterium,
3364 500 3435 539 ne
3465 456 3566 541 ali-

1914 561 2037 617 quo
2065 549 2248 604 modo
2281 555 2584 622 perveniat
2613 557 2688 610 ad
2725 559 2934 625 virum,
2973 569 3026 618 et
3059 567 3220 624 tollat
3259 570 3337 626 illi
3368 572 3564 631 lucem

1914 635 2088 692 istam
2127 642 2539 711 temporalem.
2577 648 2765 702 Potest
2800 655 2999 708 autem
3051 657 3139 711 vir
3169 659 3261 713 ille
3315 667 3370 716 et
3403 663 3563 723 falli:

1914 724 2098 781 homo
2120 729 2400 798 estenim,
2422 732 2576 788 sicut
2595 735 2756 790 etilla
2779 753 2912 807 qua;
2933 746 3123 812 potest
3144 745 3362 804 fallere.
3379 751 3568 808 Timet

1915 813 2012 869 illa
2041 830 2200 880 eum,
2225 822 2398 877 extra
2420 822 2592 891 cujus
2617 824 2824 881 oculos
2850 835 3045 899 potest
3068 848 3194 888 esse
3221 853 3233 890 :
3265 842 3325 892 tu
3352 855 3472 895 non
3502 843 3566 896 ti-

1917 918 2042 958 mes
2069 920 2307 977 semper
2332 908 2542 966 faciem
2566 929 2746 983 supra
2775 920 2825 970 te
2846 919 2948 973 viri
2979 921 3057 975 tui
3078 921 3104 974 ‘P
3137 925 3344 982 Vultus
3367 935 3562 985 autem

1915 991 2636 1088 Rominisuperfacientes
2647 1004 2808 1059 mala
2823 1006 3009 1076 (Psal.
3027 1025 3226 1075 xxxm,
3240 1019 3255 1067 1
3270 1020 3343 1082 7).
3363 1017 3571 1088 Captat

1914 1079 2016 1135 illa
2031 1081 2364 1140 absentiam
2386 1087 2490 1141 viri
2505 1091 2616 1153 sui,
2633 1091 2977 1150 etincitatur
3002 1097 3147 1154 forte
3173 1079 3566 1161 delectatione

1916 1167 2188 1224 adulterii
2223 1188 2235 1236 ;
2270 1177 2324 1227 et
2352 1174 2492 1230 dicit
2514 1177 2623 1231 sibi
2653 1185 2874 1246 tamen,
2907 1187 3030 1240 Non
3059 1187 3312 1246 faciam:
3343 1194 3564 1249 absens

1917 1263 2004 1312 est
2023 1259 2268 1354 quidem
2290 1261 2405 1327 ille,
2425 1265 2782 1323 seddifﬁcile
2800 1278 2888 1326 est
2913 1279 2973 1328 ut
2994 1291 3113 1330 non
3141 1279 3217 1332 ad
3235 1280 3398 1336 illum
3423 1299 3573 1354 quo-

1917 1362 2037 1418 quo
2066 1348 2246 1405 modo
2271 1354 2595 1420 perveniat.
2625 1357 2933 1428 Temperat
2957 1378 3016 1417 se
3045 1379 3117 1419 ne
3150 1348 3456 1436 perveniat
3488 1373 3567 1428 ad

1918 1436 2247 1506 hominem,
2261 1440 2360 1510 qui
2379 1448 2635 1510 potestet
2651 1447 2896 1513 nescire,
2913 1451 3016 1521 qui
3032 1459 3291 1522 potestet
3309 1457 3444 1520 falli,
3463 1461 3568 1531 qui

1918 1527 2412 1596 potestetbonam
2432 1532 2724 1602 suspicari
2740 1537 2918 1593 etiam
2935 1541 3178 1606 malam,
3192 1546 3290 1615 qui
3309 1527 3567 1616 potestet

1918 1621 2143 1671 castam
2163 1619 2454 1688 suspicari
2471 1636 2605 1691 quae
2621 1624 2890 1682 adultera
2903 1634 3008 1683 est:
3036 1636 3095 1685 tu
3109 1647 3228 1687 non
3245 1633 3414 1690 times
3429 1652 3570 1693 ocu-

1916 1703 2006 1760 los
2022 1705 2070 1775 ej
2083 1721 2150 1759 us
2175 1722 2355 1776 quem
2374 1708 2575 1764 fallere
2590 1727 2768 1767 nemo
2791 1717 3014 1784 potest?
3033 1723 3092 1773 tu
3113 1736 3233 1776 non
3248 1724 3422 1779 times
3436 1727 3568 1796 ejus

1917 1795 2323 1866 praesentiam,
2347 1798 2450 1867 qui
2471 1801 2699 1856 avertia
2723 1809 2774 1856 te
2797 1819 2916 1858 non
2943 1811 3176 1875 potest?
3197 1813 3359 1880 Roga
3383 1795 3567 1872 Deum

1919 1888 1982 1938 ut
2012 1885 2310 1938 intueatur
2340 1890 2416 1951 te,
2449 1891 2504 1940 et
2541 1896 2763 1946 avertat
2793 1890 3004 1949 faciem
3037 1912 3073 1951 a
3114 1902 3372 1969 peccatis
3405 1905 3518 1958 tuis
3550 1922 3564 1960 :

1918 1973 2134 2028 Averle
2143 1975 2357 2042 faciem
2373 1979 2848 2044 tuamapeccalis
2862 1983 3142 2040 meis.Sed
3159 1988 3316 2042 unde
3331 1992 3567 2047 mereris

1918 2061 2087 2116 utille
2113 2061 2325 2118 faciem
2356 2080 2531 2118 suam
2565 2072 2796 2122 avertat
2827 2085 2862 2124 a
2884 2075 3145 2141 peccatis
3189 2077 3303 2131 tuis
3332 2082 3357 2131 .'
3384 2079 3443 2135 Si
3504 2086 3566 2137 tu

1917 2165 2038 2205 non
2071 2156 2302 2206 avertas
2331 2151 2542 2207 faciem
2569 2158 2729 2210 tuam
2756 2162 3064 2229 apeccatis
3093 2166 3224 2220 tuis.
3258 2170 3565 2236 lpsaenim

1916 2253 2034 2294 vox
2063 2239 2203 2294 dicit
2249 2241 2306 2294 in
2335 2240 2568 2297 Psalmo
2601 2259 2614 2296 :
2650 2243 2937 2309 Quoniam
2974 2249 3347 2321 iniquitatem
3377 2273 3565 2314 meam

1916 2344 2020 2400 ego
2051 2343 2326 2398 agnoseo,
2356 2337 2409 2385 et
2431 2339 2737 2398 peccatum
2766 2350 2955 2392 meum
2984 2353 3183 2396 coram
3207 2359 3296 2399 me
3317 2352 3398 2400 est
3420 2361 3567 2403 sem-

1915 2433 2022 2488 per
2058 2418 2241 2489 (Psal.
2277 2434 2326 2482 L,
2365 2424 2445 2482 11,
2481 2421 2556 2488 5).
2591 2422 2670 2474 Tu
2701 2436 2981 2491 agnosce,
3014 2433 3071 2482 et
3099 2428 3191 2484 ille
3218 2431 3491 2502 ignoscit.

1986 2507 2036 2562 8.
2065 2507 2312 2563 Allocuti
2334 2523 2544 2562 sumus
2562 2524 2694 2563 eam
2716 2526 2851 2581 quae
2867 2511 3263 2574 habetadhuc
3293 2522 3566 2581 timorem

1914 2611 2035 2651 non
2049 2600 2500 2666 permanentem
2515 2597 2573 2651 in
2590 2598 2872 2653 saeculum
2887 2603 3222 2669 saeculi,sed
3234 2625 3414 2681 quem
3430 2612 3566 2669 cha-

1913 2683 2056 2740 ritas
2079 2684 2569 2739 excluditetforas
2590 2686 2781 2753 mittit;
2798 2688 3178 2762 alloquamur
3189 2698 3413 2754 etillam
3430 2717 3565 2773 quae

1912 2772 2094 2828 habet
2110 2773 2238 2843 jam
2262 2773 2534 2828 timorem
2556 2779 2807 2843 castum,
2834 2788 3356 2847 permanentemin
3379 2772 3567 2847 saecu-

1913 2861 2037 2917 lum
2057 2862 2282 2917 saaculi.
2309 2861 2968 2928 Putamus,invenimus
3000 2869 3182 2937 illam,
3213 2881 3272 2930 ut
3298 2877 3564 2950 alloqua-

1915 2967 2050 3006 mur
2074 2950 2279 3006 illam?
2305 2957 2500 3020 putas,
2526 2953 2692 3007 estin
2715 2954 2828 3010 hoc
2851 2960 3076 3028 populo
3101 2965 3127 3012 7
3152 2969 3350 3033 putas,
3386 2974 3472 3023 est
3500 2969 3563 3024 in

1911 3041 2025 3095 ista
2043 3040 2260 3098 exedra
2276 3045 2303 3092 ?
2322 3044 2518 3110 putas,
2550 3046 2636 3100 est
2657 3042 2712 3095 in
2730 3043 2842 3099 hac
2861 3050 3016 3102 terra
3040 3057 3066 3104 ?
3083 3054 3206 3106 Non
3230 3060 3427 3124 potest
3451 3058 3564 3113 nisi

1913 3144 2062 3193 esse,
2076 3127 2177 3183 sed
2190 3127 2346 3183 latet.
2367 3127 2561 3182 Hiems
2575 3136 2680 3195 est,
2696 3131 2852 3186 intus
2866 3141 2952 3188 est
2968 3137 3232 3194 viriditas
3254 3142 3313 3196 in
3337 3146 3563 3202 radice.

1914 3220 2079 3274 Forte
2099 3217 2437 3271 invenimus
2451 3220 2644 3273 aures'
2663 3218 2834 3274 illius.
2853 3222 2964 3276 Sed
2983 3225 3346 3300 ubicumque
3364 3239 3449 3287 est
3464 3234 3564 3291 illa

1911 3307 2132 3371 anima,
2158 3306 2390 3360 utinam
2415 3306 2579 3361 illam
2612 3307 2961 3374 invenirem,
2985 3317 3040 3367 et
3067 3329 3186 3370 non
3218 3333 3392 3374 aures
3419 3338 3560 3378 suas

1913 3396 2204 3467 praeberet
2219 3394 2383 3460 mihi,
2408 3395 2511 3450 sed
2525 3410 2636 3465 ego
2653 3412 2818 3452 meas
2833 3413 3006 3456 aures
3026 3402 3104 3458 illi
3128 3407 3138 3460 1
3164 3405 3267 3461 Illa
3281 3424 3375 3464 me
3388 3410 3562 3466 doce-

1915 3484 2236 3556 retaliquid
2251 3485 2466 3555 potius,
2486 3498 2671 3554 quam
2692 3501 2725 3541 a
2757 3502 2850 3542 me
2879 3488 3152 3547 disceret.
3169 3496 3378 3553 Anima
3403 3515 3564 3570 quaa-

1915 3574 2056 3630 dam
2086 3580 2310 3636 sancta,
2328 3574 2957 3642 iguea,etdesiderans
2984 3597 3235 3652 regnum
3256 3587 3353 3642 Dei
3376 3591 3561 3647 :hano

1915 3679 2034 3718 non
2059 3678 2169 3732 ego
2191 3661 2483 3733 alloquor,
2500 3663 2604 3718 sed
2631 3667 2781 3719 Deus
2798 3666 2944 3737 ipse,
2970 3675 3026 3724 et
3052 3673 3343 3741 patienter
3361 3680 3564 3736 viven-

1917 3758 2032 3810 tem
2057 3753 2114 3807 in
2138 3751 2249 3806 hac
2274 3757 2426 3806 terra
2447 3751 2528 3807 ita
2549 3754 2891 3810 consolatur
2914 3774 2926 3811 :
2953 3761 3084 3815 Jam
3107 3763 3194 3817 vis
3215 3767 3475 3834 veniam,
3504 3773 3561 3825 et.

1914 3858 2026 3912 ego
2047 3841 2186 3897 novi
2211 3841 2495 3912 quiajam
2528 3842 2618 3896 vis
2646 3847 2707 3898 ut
2729 3845 2985 3906 veniam:
3012 3851 3149 3905 novi
3172 3855 3368 3924 qualis
3391 3873 3474 3923 es,
3500 3863 3564 3915 ut

1912 3947 2120 3987 secura
2136 3936 2445 4002 exspectes
2459 3931 2784 3988 adventum
2799 3951 3021 4003 meum;
3041 3942 3175 3995 novi
3189 3944 3331 4013 quia
3351 3948 3564 4004 moles.

1913 4020 1992 4077 tia
2008 4020 2241 4076 esttibi:
2264 4019 2369 4076 sed
2390 4021 2583 4089 magis
2601 4029 2898 4093 exspecta,
2924 4028 3144 4093 tolera;
3168 4035 3427 4102 venio,et
3443 4039 3562 4097 cito

1911 4109 2228 4166 venio.Sed
2251 4111 2474 4165 amanti
2504 4111 2740 4167 tardum
2764 4117 3038 4171 est.Audi
3066 4134 3195 4175 eam
3221 4130 3564 4185 cantantem

1909 4203 2198 4271 tanquam
2216 4198 2405 4253 lilium
2423 4200 2495 4254 de
2511 4200 2707 4256 medio
2730 4203 3042 4272 spinarum
3071 4220 3082 4259 :
3103 4211 3242 4264 audi
3261 4215 3568 4284 suspiran.

1910 4292 2048 4354 tem,
2069 4286 2728 4351 etdicentem,Psallam
2747 4298 2799 4347 et
2816 4291 3149 4364 intelligam
3168 4299 3340 4356 invia
3356 4305 3564 4364 imma-

1907 4377 2135 4440 culata;
2151 4375 2391 4447 quando
2407 4376 2595 4431 venies
2611 4379 2690 4433 ad
2709 4395 2796 4436 me
2812 4380 2996 4448 (Psal.
3017 4398 3067 4447 c,
3082 4389 3099 4438 1
3115 4423 3128 4449 ,
3147 4387 3198 4456 2)
3211 4394 3236 4437 ‘2
3252 4390 3365 4445 Sed
3384 4393 3442 4447 in
3466 4395 3562 4453 via

1903 4465 2290 4521 immaculata
2304 4465 2511 4520 merito
2525 4480 2643 4520 nou
2661 4468 2841 4538 timet;
2858 4471 3279 4542 quiaperfecta
3292 4480 3560 4540 charitas

1901 4555 2068 4624 foras
2080 4555 2254 4609 mittit
2269 4554 2550 4608 timorem.
2562 4557 2620 4608 Et
2632 4560 2979 4614 cumvenerit
2993 4560 3061 4616 ad
3076 4563 3125 4632 ej
3137 4580 3202 4618 us
3217 4569 3558 4644 amplexum,

1907 4645 2092 4708 timet,
2134 4643 2238 4698 sed
2261 4643 2560 4697 securiter.
2586 4643 2737 4708 Quid
2766 4645 2925 4702 timet
2946 4649 2971 4691 ‘P
2992 4651 3258 4721 Cavebit,
3287 4663 3342 4714 et
3361 4643 3567 4718 obser-

1906 4732 2070 4787 vabit
2088 4746 2151 4784 se
2172 4730 2250 4785 ab
2273 4729 2576 4801 iniquitate
2599 4747 2729 4802 sua,
2759 4749 2832 4789 ne
2852 4734 3065 4794 iterum
3086 4750 3317 4812 peccet:
3347 4763 3467 4804 non
3486 4766 3562 4807 ne

1907 4821 2170 4876 mittatur
2192 4820 2252 4874 in
2283 4819 2504 4889 ignem,
2537 4821 2640 4876 sed
2673 4837 2746 4876 ne
2768 4823 2844 4878 ab
2866 4825 2966 4881 illo
2994 4827 3323 4890 deseratur.
3361 4840 3423 4893 Et
3451 4841 3562 4897 erit

1906 4909 1966 4965 in
1997 4908 2114 4974 illa,
2144 4909 2288 4980 quid
2313 4912 2339 4957 ‘I
2368 4910 2565 4965 Timor
2589 4918 3167 4982 castus,permanens
3188 4924 3248 4978 in
3275 4930 3561 4984 saeculum

1903 4999 2124 5055 seaculi.
2152 4999 2496 5054 Audivimus
2517 4999 2670 5056 duas
2695 5001 2867 5058 tibias
2889 5017 3311 5068 consonantes.
3348 5017 3450 5071 Illa
3482 5017 3560 5073 de

1909 5088 2119 5143 timore
2142 5088 2301 5153 dicit,
2325 5095 2380 5144 et
2399 5087 2499 5144 illa
2520 5089 2592 5144 de
2614 5091 2854 5147 timore:
2881 5095 2987 5149 sed
3005 5096 3103 5153 illa
3117 5100 3190 5155 de
3205 5101 3417 5158 timore
3435 5121 3559 5176 quo

1908 5178 2075 5232 timet
2099 5178 2302 5232 anima
2324 5193 2395 5232 ne
2415 5179 2753 5243 damnetur,
2787 5181 2885 5238 illa
2910 5184 2984 5239 de
3009 5186 3218 5244 timore
3247 5207 3364 5262 quo
3395 5195 3559 5252 timet

1909 5266 2199 5323 animane
2219 5266 2545 5321 deseratur.
2570 5267 2668 5323 Ille
2682 5274 2770 5323 est
2789 5271 2962 5327 timor
2983 5287 3163 5344 quem
3183 5278 3437 5337 charitas
3458 5299 3563 5340 ex-

1909 5354 2116 5412 cludit:
2139 5354 2230 5409 ille
2251 5358 2338 5409 est
2361 5355 2536 5410 timor
2558 5371 2916 5426 permanens
2942 5361 3002 5416 in
3021 5366 3309 5424 saeculum
3332 5373 3556 5431 saeculi.

1980 5444 2034 5498 9.
2055 5444 2172 5499 Nos
2192 5443 2535 5514 diligamus,
2552 5445 2692 5514 quia
2715 5447 2834 5514 ipse
2851 5449 3011 5517 prior
3028 5467 3132 5508 nos
3149 5455 3382 5515 dilexit.
3411 5464 3558 5521 Nam

1908 5532 2070 5590 unde
2086 5531 2491 5602 diligeremus,
2513 5533 2631 5588 nisi
2660 5533 2755 5590 ille
2786 5536 2948 5606 prior
2972 5540 3268 5603 dilexisset
3290 5564 3400 5606 nos
3416 5553 3441 5597 ?
3464 5552 3562 5612 Di-

1954 5659 1987 5715 ’ί
2018 5683 2086 5735 Er
2116 5682 2286 5749 Lugd.
2325 5681 2474 5744 Ven.,
2504 5689 2549 5736 et
2581 5700 2748 5738 auru.
2780 5687 2847 5741 Μ.
