4164 6184
580 147 684 202 205
693 146 715 198 1

565 270 806 341 ligendo
829 266 1003 323 amici
1024 264 1158 319 facti
1184 280 1392 318 sumus
1419 280 1431 327 ;
1453 263 1551 317 sed
1578 260 1852 316 inimicos
1871 258 1968 312 ille
1991 256 2211 319 dilexit,

567 368 627 416 ut
654 359 829 415 amici
849 356 1243 412 efﬁceremur.
1280 354 1440 406 Prior
1481 349 1682 405 dilexit
1714 364 1844 413 nos,
1874 351 1930 401 et
1976 345 2219 400 donavit

562 449 738 505 nobis
773 451 832 502 ut
862 445 1243 514 diligeremus
1287 457 1444 495 eum.
1493 439 1769 495 Nondum
1825 436 2216 505 diligebamus

564 554 733 605 eum;
764 533 1061 607 piligendo
1091 530 1319 602 pulchri
1348 528 1656 584 efﬁcimur.
1690 526 1843 592 Quid
1875 524 2216 579 facithomo

562 625 850 697 deformis
882 630 937 678 et
969 623 1215 676 distorta
1239 618 1408 681 facie,
1440 617 1490 671 si
1523 622 1680 671 amet
1721 615 2034 687 pulchram
2075 611 2220 666 ‘iAut

565 716 711 789 quid
754 713 889 769 facit
941 712 1162 766 femina
1191 709 1477 762 deformis
1508 711 1562 760 et
1590 706 1836 761 distorta
1866 707 1921 758 et
1949 703 2139 771 nigra,
2171 701 2218 754 si

567 811 727 862 amet
753 800 1119 874 pulchrum?
1154 796 1453 867 Numquid
1511 794 1776 850 amando
1827 792 2038 863 poterit
2085 804 2220 844 esse

570 893 817 966 pulchra
841 891 866 937 ‘?
891 887 1190 959 Numquid
1221 891 1274 940 et
1306 885 1397 939 ille
1423 883 1687 939 amando
1713 882 1927 954 poterit
1956 894 2087 934 esse
2110 878 2222 933 for-

571 999 776 1038 mosus
789 981 815 1033 ‘?
833 981 1008 1032 Amat
1032 976 1343 1047 pulchram
1367 972 1708 1043 ;etquando
1723 987 1784 1026 se
1806 970 1863 1024 in
1881 968 2124 1039 speculo
2140 967 2220 1021 vi-

570 1069 979 1138 det,erubescit
994 1067 1206 1122 faciem
1222 1079 1392 1118 suam
1409 1063 1604 1118 levare
1622 1061 1698 1116 ad
1717 1060 1879 1114 illam
1893 1058 2220 1112 formosam

571 1178 742 1218 suam
759 1173 946 1232 quam
961 1152 1306 1220 amat.Quid
1325 1152 1500 1206 faciet
1515 1156 1575 1205 ut
1589 1149 1833 1220 pulcher
1847 1150 1918 1202 sit
1933 1152 1957 1198 ἢ
1976 1149 2223 1215 Exspec-

570 1256 729 1308 tatut
745 1248 934 1305 veniat
956 1239 1506 1316 pulchritudo‘nmo
1528 1235 1930 1309 exspectando
1953 1241 2224 1290 senectus

572 1340 829 1401 additur,
846 1343 900 1390 et
923 1333 1247 1402 turpiorem
1271 1328 1426 1383 facit.
1445 1330 1568 1384 Non
1596 1330 1688 1382 est
1705 1340 1844 1394 ergo
1866 1324 2009 1395 quid
2026 1337 2220 1392 agere,

574 1444 693 1485 non
707 1420 1111 1496 estquomodo
1127 1414 1794 1479 illidesconsilium,nisi
1809 1416 2226 1483 utcompescat

575 1535 659 1584 se,
702 1522 755 1570 et
793 1528 914 1568 non
947 1509 1167 1566 audeat
1199 1521 1403 1562 amare
1444 1505 1638 1575 impar
1673 1505 1966 1573 imparem
2000 1517 2012 1552 :
2048 1507 2149 1555 aut
2179 1500 2228 1554 si

577 1608 722 1662 forte
744 1599 1204 1658 amatetducere
1227 1610 1470 1650 uxorem
1487 1598 1673 1664 optat,
1693 1592 1752 1646 in
1773 1592 1875 1646 illa
1896 1592 2224 1646 castitatem

574 1700 754 1760 amet,
778 1706 894 1746 non
916 1688 1112 1744 carnis
1133 1685 1362 1739 faciem.
1389 1683 1602 1737 Anima
1628 1697 1765 1736 vero
1783 1685 2004 1744 nostra,
2023 1679 2228 1734 fratres

575 1784 712 1847 mei,
737 1779 896 1835 foeda
914 1781 1004 1831 est
1026 1790 1129 1846 per
1149 1773 1558 1844 iniquitatem:
1591 1770 1854 1825 amando
1883 1772 2068 1824 Deum
2095 1767 2228 1838 pul-

576 1872 719 1928 chra
740 1867 1010 1922 efﬁcitur.
1043 1862 1242 1928 Qualis
1271 1876 1442 1915 amor
1468 1865 1553 1914 est
1573 1859 1676 1930 qui
1700 1857 1893 1912 reddit
1914 1856 2228 1928 pulchram

577 1963 883 2018 amantem
913 1953 940 2008 ‘l
970 1956 1122 2008 Deus
1164 1957 1361 2006 autem
1400 1963 1637 2018 semper
1666 1947 1913 2018 pulcher
1941 1950 2046 2012 est,
2080 1960 2232 2000 nun-

576 2063 759 2120 quam
791 2040 1105 2103 deformis,
1139 2052 1454 2118 nunquam
1499 2033 1965 2090 commutabilis.
1995 2033 2231 2088 Amavit

579 2152 688 2192 nos
716 2134 876 2206 prior
895 2130 996 2202 qui
1022 2142 1257 2198 semper
1278 2131 1364 2180 est
1386 2124 1658 2196 pulcher;
1679 2128 1735 2178 et
1756 2122 1965 2194 quales
1985 2122 2230 2187 amavit,

580 2224 691 2280 nisi
718 2221 908 2277 fcedos
928 2225 982 2273 et
1003 2216 1299 2271 deformes
1313 2212 1339 2266 ?
1351 2216 1477 2268 Non
1501 2212 1635 2266 ideo
1651 2217 1850 2266 tamen
1864 2216 1927 2265 ut
1939 2209 2131 2265 fcedos
2149 2210 2234 2264 di-

579 2314 858 2374 mitteret;
883 2306 988 2362 sed
1011 2308 1356 2368 utmutaret,
1387 2307 1443 2356 et
1463 2317 1533 2356 ex
1557 2300 1929 2356 deformibus
1954 2299 2234 2371 pulchros

577 2403 816 2460 faceret.
831 2394 1145 2462 Quomodo
1166 2393 1389 2448 erimus
1407 2390 1641 2462 pulchri
1656 2389 1968 2445 9Amando
1986 2404 2113 2443 eum
2131 2386 2237 2459 qui

580 2506 816 2562 semper
837 2492 926 2542 est
947 2484 1524 2556 pulcher.Quantum
1542 2479 1600 2534 in
1623 2484 1676 2534 te
1691 2479 2238 2542 crescitamor,tan-

582 2586 710 2638 tum
736 2576 942 2635 crescit
962 2571 1340 2645 pulchritudo
1369 2586 1382 2634 ;
1407 2569 1551 2639 quia
1572 2569 1704 2639 ipsa
1725 2567 1985 2622 charitas
2008 2570 2096 2621 est
2114 2565 2236 2620 ani-

581 2686 695 2724 mae
724 2662 1126 2738 pulchritudo.
1155 2660 1277 2715 Nos
1305 2658 1640 2728 diligamus,
1659 2655 1799 2727 quia
1825 2657 1948 2724 ipse
1966 2653 2239 2723 priordi-

583 2757 725 2814 texit
754 2770 877 2810 nos.
904 2751 1058 2807 Audi
1086 2746 1427 2819 apOstolum
1451 2744 1698 2800 Paulum
1720 2762 1732 2797 :
1751 2743 2014 2799 Ostendit
2041 2748 2238 2798 autem

579 2849 732 2903 Deus
750 2841 1121 2900 dilectionem
1138 2852 1306 2893 suam
1326 2835 1388 2890 in
1404 2834 1879 2905 nobis,quoniam
1893 2847 2023 2887 cum
2040 2831 2238 2888 adhuc

574 2941 914 3006 peccatores
935 2943 1202 2992 essemus,
1229 2925 1503 2982 Christus
1531 2939 1642 2992 pro
1663 2923 1830 2978 nobis
1859 2926 2128 2976 mortuus
2153 2927 2237 2976 est

583 3026 770 3098 (Rom.
793 3039 848 3087 v,
865 3025 916 3085 8,
933 3021 1008 3088 9),
1021 3019 1218 3088 justus
1244 3030 1352 3086 pro
1374 3014 1630 3082 injustis,
1646 3010 1891 3084 pulcher
1913 3025 2015 3081 pro
2041 3009 2237 3067 fmdis.

582 3111 898 3180 Quomodo
927 3107 1266 3164 invenimus
1292 3102 1609 3174 pulchrum
1640 3100 1843 3156 Jesum
1874 3099 1900 3154 ‘I
1929 3099 2237 3167 Speciosus

579 3205 779 3273 forma
807 3213 926 3270 prae
953 3197 1095 3265 ﬁliis
1130 3192 1456 3258 hominum,
1482 3191 1705 3259 diffusa
1738 3197 1820 3245 est
1838 3188 2038 3259 gratia
2067 3188 2127 3243 in
2155 3189 2239 3243 la-

581 3292 686 3348 biis
726 3291 842 3345 tuis
873 3288 1062 3359 (Psal.
1094 3298 1248 3345 XLIV,
1284 3283 1359 3352 3).
1397 3281 1562 3335 Unde
1607 3278 1634 3333 ‘l
1664 3279 1812 3333 Item
1857 3277 2047 3332 videte
2077 3276 2236 3331 unde

582 3382 656 3438 sit
684 3378 951 3452 pulcher,
984 3374 1290 3442 Speciosus
1320 3371 1522 3440 forma
1551 3383 1677 3436 prae
1697 3367 1839 3436 ﬁliis
1885 3367 2190 3421 hominum
2214 3378 2238 3436 ,'

582 3471 723 3544 quia
766 3470 826 3524 in
870 3464 1170 3535 principio
1222 3465 1348 3516 erat
1418 3458 1688 3521 Verbum,
1721 3463 1772 3511 et
1827 3454 2072 3544 Verbum
2104 3460 2233 3544 erat

581 3543 739 3629 dpud
764 3559 974 3617 Deum,
999 3558 1050 3609 et
1073 3553 1228 3606 Deus
1261 3553 1389 3604 erat
1431 3546 1679 3602 Verbum
1707 3546 1957 3614 (Joan.i,
1983 3543 2056 3614 l).
2087 3543 2236 3608 Quia

581 3666 720 3706 vero
742 3661 975 3703 carnem
999 3639 1278 3711 suscepit,
1297 3636 1473 3709 quasi
1499 3635 1826 3691 foeditatem
1850 3638 2014 3689 tuam
2037 3648 2237 3688 susce-

583 3741 680 3811 pit,
706 3738 767 3793 id
788 3740 897 3800 est,
920 3731 1341 3789 mortalitatem
1374 3733 1562 3788 tuam,
1595 3730 1657 3780 ut
1685 3729 1918 3795 aptaret
1940 3738 2000 3778 se
2032 3723 2156 3788 tibi,
2181 3726 2238 3777 et

581 3829 934 3895 congrueret
965 3821 1089 3885 tibi,
1125 3824 1180 3874 et
1211 3818 1493 3873 excitaret
1534 3819 1585 3869 te
1611 3814 1690 3869 ad
1722 3812 2050 3868 amandam
2077 3811 2236 3866 intus

580 3913 1106 3988 pulchritudinem.
1143 3906 1307 3962 Unde
1335 3920 1476 3974 ergo
1508 3903 1847 3958 invenimus
1875 3902 2017 3972 quia
2042 3900 2236 3956 fcedus

581 4008 638 4060 et
662 3999 946 4057 deformis
973 4002 1058 4053 est
1076 3999 1266 4061 Jesus,
1288 3995 1440 4047 sicut
1463 3992 1803 4046 invenimus
1830 3991 1971 4061 quia
1991 3989 2236 4060 pulcher

581 4097 640 4149 et
669 4091 978 4162 speciosus
1003 4085 1196 4140 forma
1213 4098 1333 4153 prae
1355 4080 1492 4134 ﬁliis
1514 4078 1829 4133 hominum
1849 4087 1875 4135 ?
1899 4078 2237 4134 Undeinve-

580 4181 783 4239 nimus
813 4178 956 4250 quia
986 4181 1042 4231 et
1067 4171 1352 4228 deformis
1373 4168 1397 4216 ?
1427 4168 1641 4224 Isaiam
1670 4169 1968 4238 interroga
1995 4184 2007 4222 ε
2036 4169 2114 4224 Et
2146 4169 2234 4224 vi-

581 4272 776 4328 dimus
808 4284 958 4330 eum,
989 4273 1042 4322 et
1069 4278 1187 4319 non
1211 4260 1422 4316 habeat
1453 4259 1724 4327 speciem,
1755 4271 1943 4327 neque
1968 4259 2232 4314 decorem

584 4361 745 4433 (Isai.
771 4375 886 4424 Llll,
915 4359 989 4427 2).
1025 4354 1139 4410 Illa:
1161 4356 1300 4406 sunt
1327 4349 1461 4404 duae
1489 4347 1645 4402 tibia:
1673 4348 1847 4418 quasi
1877 4346 2110 4402 diverse
2137 4364 2238 4404 so-

582 4455 796 4510 nantes
825 4467 839 4516 ;
873 4447 980 4503 sed
1012 4459 1167 4500 unus
1202 4440 1449 4512 Spiritus
1478 4437 1692 4493 ambas
1722 4435 1907 4492 inﬂat.
1945 4435 2064 4492 Hac
2093 4438 2234 4492 dici-

583 4547 697 4607 tur,
732 4537 1039 4608 Speciosus
1069 4534 1269 4603 forma
1299 4543 1425 4598 prae
1448 4528 1592 4596 ﬁliis
1620 4526 1922 4581 hominum
1956 4542 1972 4580 :
2003 4525 2116 4581 hac
2149 4527 2236 4581 di-

583 4631 732 4685 citur
758 4628 818 4682 in
843 4627 1014 4689 Isaia,
1043 4620 1302 4678 Vidimus
1317 4633 1470 4682 eum,
1487 4621 1670 4672 etnon
1696 4614 1943 4670 habebat
1964 4614 2230 4683 speciem,

583 4732 772 4787 neque
799 4717 1086 4770 decorem.
1119 4712 1242 4765 Uno
1259 4705 1810 4778 Spirituimplentur
1837 4704 2032 4759 ambae
2055 4704 2232 4772 tibiae,

585 4822 707 4862 non
739 4805 1071 4859 dissonant.
1124 4797 1250 4854 Noli
1282 4812 1456 4851 aures
1484 4799 1766 4856 avertere,
1807 4793 2026 4848 adhibe
2065 4793 2234 4848 intel-

582 4895 822 4952 lectum.
855 4895 1288 4959 lutei-rogemus
1315 4883 1560 4939 Paulum
1589 4882 1948 4952 apostolum,
1979 4887 2034 4936 et
2058 4897 2236 4953 expo-

583 4990 688 5042 nat
715 4981 893 5039 nobis
923 4974 1380 5034 consonantiam
1414 4972 1673 5026 duarum
1706 4970 2008 5024 tibiarum.
2059 4972 2237 5026 Sonet

584 5073 778 5141 nobis,
811 5071 1117 5140 Speciosus
1163 5064 1366 5134 forma
1394 5075 1521 5130 prae
1547 5061 1690 5128 ﬁliis
1736 5058 2039 5114 hominum
2074 5074 2091 5113 :
2125 5060 2238 5126 Qui

586 5179 717 5221 cum
749 5167 806 5216 in
834 5163 1037 5231 forma
1079 5155 1187 5210 Dei
1212 5159 1381 5220 esset,
1410 5165 1525 5204 non
1579 5149 1858 5218 rapinam
1903 5149 2235 5206 arbitratus

587 5263 818 5312 estesse
860 5249 1105 5321 aequalis
1146 5244 1282 5300 Deo.
1339 5243 1480 5296 Ecce
1534 5240 1826 5308 speciosus
1873 5238 2069 5308 forma
2109 5255 2236 5308 pra

584 5345 726 5415 ﬁliis
760 5341 1083 5397 hominum.
1115 5335 1292 5390 Sonet
1337 5329 1514 5387 nobis
1547 5329 1746 5393 etiam,
1792 5328 2048 5383 Vidimus
2081 5344 2233 5396 eum,

589 5440 640 5487 et
658 5448 775 5487 non
797 5427 1044 5485 habebat
1070 5425 1313 5491 speciem
1339 5434 1524 5491 neque
1540 5417 1832 5474 decorem:
1843 5417 2235 5487 Semetipsum

589 5521 910 5578 exinamvit
937 5517 1198 5585 formam
1230 5511 1384 5567 servi
1409 5509 1724 5577 accipiens,
1757 5509 1818 5562 in
1843 5507 2236 5564 similitudine

591 5608 891 5666 hominum
914 5606 1134 5673 factus,
1165 5608 1217 5658 et
1250 5601 1453 5656 habitu
1484 5600 1759 5654 inventus
1781 5603 1843 5652 ut
1875 5596 2046 5654 homo
2077 5598 2237 5670 (Phi-

1331 137 1399 192 IN
1426 133 1838 195 EPISTOLAM
1878 128 2171 186 JOANNIS
2211 127 2307 184 AD
2348 131 2699 202 PARTHOS,
2736 139 2796 195 S.
2838 126 3225 195 AUGUSTINI

3840 133 3978 195 2052

2325 259 2471 326 lipp.
2498 277 2555 326 ιι,
2581 268 2630 333 6,
2661 269 2737 336 7).
2767 266 2899 322 Non
2927 264 3177 320 habebat
3201 278 3446 332 speciem
3470 279 3659 335 neque
3686 263 3978 330 decorem,

2326 353 2386 401 ut
2423 349 2524 404 tibi
2556 352 2722 410 daret
2753 355 3010 425 speciem
3043 358 3097 408 et
3123 352 3422 408 decorem.
3457 353 3651 418 Quam
3684 353 3985 425 speciem?

2324 452 2502 508 quem
2531 440 2806 498 decorem
2831 443 2859 498 (ἰ
2889 441 3273 498 Dilectionem
3305 441 3608 498 charitatis
3633 458 3646 508 ;
3678 447 3738 498 ut
3768 458 3987 498 amans

2324 542 2548 594 curras,
2583 545 2823 588 currens
2856 548 3041 588 ames.
3077 530 3321 586 Pulcher
3349 546 3414 586 es
3441 532 3606 600 jam:
3643 532 3748 588 sed
3783 531 3912 587 noli
3935 538 3988 588 te

2325 617 2648 688 attendere,
2673 636 2745 675 ne
2769 625 2982 692 perdas
3006 619 3171 692 quod
3199 617 3515 690 accepisti;
3539 619 3704 675 illum
3723 618 3988 684 attende,

2327 721 2362 759 a
2391 721 2513 776 quo
2544 706 2733 764 factus
2751 725 2811 763 es
2839 708 3103 780 pulcher.
3139 707 3276 763 Ideo
3306 707 3387 762 sis
3414 707 3682 778 pulcher,
3717 714 3777 762 ut
3810 707 3909 763 ille
3935 712 3993 763 te

2327 800 2506 850 amet.
2535 799 2615 850 Tu
2647 802 2849 853 autem
2882 803 3066 853 totam
3096 796 3486 851 intentionem
3521 801 3681 853 tuam
3716 797 3778 852 in
3819 795 3995 852 illum

2326 883 2532 952 dirige,
2560 885 2636 940 ad
2668 885 2836 942 illum
2869 902 3060 950 curre,
3091 886 3221 956 ejus
3253 885 3564 956 amplexus
3595 891 3750 957 pete,
3784 886 3866 940 ab
3895 885 3996 940 illo

2327 972 2466 1027 time
2497 972 2805 1031 discedere
2836 991 2848 1037 ;
2885 982 2947 1031 ut
2980 976 3050 1030 sit
3081 975 3141 1029 in
3171 979 3225 1029 te
3273 973 3449 1029 timor
3499 980 3718 1040 castus,
3755 989 3998 1046 perma-

2328 1074 2476 1114 nens
2508 1059 2567 1114 in
2600 1063 2888 1117 saeculum
2921 1061 3143 1118 saeculi.
3170 1061 3292 1117 Nos
3321 1061 3664 1132 diligamus,
3695 1063 3830 1134 quia
3863 1061 3999 1131 ipse

2327 1150 2499 1216 prior
2531 1149 2744 1206 dilexit
2775 1167 2899 1207 nos.

2402 1239 2488 1292 10.
2521 1238 2734 1308 Siquis
2765 1239 3009 1305 dixerit,
3047 1239 3243 1309 Diligo
3276 1240 3480 1295 Deum.
3508 1240 3692 1303 Quem
3732 1241 3953 1295 Deum'
3974 1236 4002 1291 Ῡ

2332 1327 2524 1391 Quare
2555 1326 2860 1397 diligimus
2883 1328 2912 1380 ‘I
2946 1329 3094 1394 Quia
3126 1330 3249 1396 ipse
3297 1329 3470 1395 prior
3517 1327 3729 1384 dilexit
3776 1343 3912 1398 nos,
3941 1332 4006 1383 et

2330 1413 2577 1471 donavit
2627 1415 2800 1471 nobis
2852 1416 3114 1485 diligere.
3166 1415 3372 1471 Dilexit
3402 1416 3640 1488 impios,
3675 1423 3735 1471 ut
3769 1417 4007 1472 faceret

2331 1503 2462 1573 pios
2486 1520 2498 1570 ;
2521 1504 2722 1560 dilexit
2739 1504 2816 1576 inj
2829 1510 3009 1571 ustos,
3027 1510 3087 1560 ut
3105 1504 3521 1575 faceretjustos
3544 1521 3556 1571 ;
3581 1505 4004 1578 dilexitasgro-

2333 1596 2443 1656 tos,
2479 1597 2541 1648 ut
2567 1592 2783 1648 faceret
2812 1609 3010 1649 sanos.
3049 1592 3196 1666 Ergo
3228 1598 3283 1648 et
3311 1608 3418 1649 nos
3449 1593 3797 1663 diligamus,
3861 1595 4011 1666 quia

2331 1681 2458 1750 ipse
2500 1683 2671 1751 prior
2721 1683 2935 1739 dilexit
2963 1698 3087 1738 nos.
3137 1687 3439 1752 Interroga
3471 1698 4008 1756 unumquemque,

2334 1771 2494 1826 dicat
2524 1771 2628 1827 tibi
2658 1772 2705 1827 si
2731 1771 2939 1841 diligat
2963 1771 3172 1828 Deum.
3206 1771 3450 1842 Clamat,
3476 1771 3814 1837 conﬁtetur,
3855 1772 4015 1828 Dili-

2334 1876 2425 1930 go,
2475 1862 2599 1932 ipse
2630 1863 2756 1917 scit.
2790 1861 2887 1917 Est
2917 1861 3080 1917 aliud
3122 1859 3278 1916 unde
3327 1859 3739 1931 interrogetur.
3775 1861 3843 1916 Si
3874 1863 4015 1934 quis

2334 1950 2575 2016 dixerit,
2605 1951 2816 2022 inquit,
2852 1950 3038 2020 Diligo
3057 1951 3265 2016 Deum,
3295 1956 3347 2006 et
3363 1950 3622 2018 fratrem
3642 1965 3823 2007 suum
3851 1952 4014 2015 odit,

2337 2039 2598 2095 mendax
2625 2045 2728 2095 est.
2764 2037 2928 2094 Unde
2959 2038 3179 2110 probas
3209 2038 3351 2110 quia
3375 2039 3632 2095 mendax
3646 2045 3734 2094 est
3759 2039 3975 2100 iAudi
4003 2057 4014 2096 :

2341 2128 2453 2195 Qui
2494 2129 2646 2183 enim
2677 2143 2795 2183 non
2824 2127 3021 2197 diligit
3069 2128 3329 2197 fratrem
3382 2143 3553 2182 suum
3583 2143 3757 2198 quem
3817 2130 4015 2193 videt,

2341 2221 2523 2274 Deum
2539 2233 2707 2290 quem
2719 2234 2838 2273 non
2854 2217 3319 2289 videt,quomodo
3329 2224 3509 2288 potest
3522 2218 3779 2288 diligere
3795 2218 3826 2273 ?
3852 2221 3902 2285 Ο
3914 2220 4018 2275 uid

2341 2323 2478 2378 ergo
2510 2308 2660 2378 ?qui
2684 2306 2874 2378 diligit
2901 2306 3164 2370 fratrem,
3199 2305 3388 2377 diligit
3411 2311 3468 2362 et
3484 2307 3671 2363 Deum
3699 2308 3729 2364 ‘i
3753 2310 4016 2364 Necesse

2342 2402 2429 2454 est
2459 2396 2743 2467 utdiligat
2773 2399 2976 2461 Deum,
3005 2410 3248 2451 necesse
3275 2401 3363 2452 est
3388 2401 3450 2451 ut
3475 2394 3686 2467 diligat
3706 2397 4017 2468 ipsamdi-

2340 2485 2674 2542 lectionem.
2706 2484 3006 2556 Numquid
3032 2490 3226 2556 potest
3253 2484 3497 2554 diligere
3511 2484 3778 2552 fratrem,
3814 2493 4017 2544 etnon

2342 2576 2582 2645 diligere
2613 2575 3024 2630 dilectionem?
3055 2577 3303 2631 Necesse
3331 2574 3716 2646 estutdiligat
3741 2575 4020 2635 dilectio-

2343 2681 2501 2720 nem.
2527 2664 2679 2729 Quid
2711 2677 2873 2732 ergo,
2906 2664 3010 2734 qui
3039 2663 3232 2734 diligit
3261 2664 3652 2731 dilectionem,
3687 2664 3834 2722 ideo
3891 2667 4022 2723 dili-

2343 2756 2423 2825 git
2439 2754 2660 2810 Deum?
2677 2754 2884 2825 Utique
2897 2753 3052 2809 ideo.
3072 2753 3383 2823 Diligendo
3405 2754 3807 2820 dilectionem,
3822 2759 4018 2814 Deum

2342 2844 2552 2915 diligit.
2585 2844 2675 2898 An
2701 2843 2920 2898 oblitus
2949 2858 3013 2898 es
3048 2842 3213 2915 quod
3242 2843 3423 2914 paulo
3453 2850 3588 2899 ante
3618 2843 3847 2908 dixisti,
3871 2848 4021 2903 Deus

2342 2934 2574 2990 dilectio
2595 2939 2678 2988 est
2707 2933 2905 3003 (Joan.
2938 2949 3016 2998 ιν,
3045 2935 3096 2997 8,
3135 2935 3218 3002 16)
3241 2931 3269 2986 ‘l
3302 2933 3358 2988 Si
3381 2934 3533 2989 Deus
3560 2933 3822 3000 dilectio,
3853 2937 4021 3008 quis-

2341 3024 2476 3096 quis
2505 3021 2694 3091 diligit
2717 3021 3114 3086 dilectionem,
3163 3023 3350 3076 Deum
3399 3021 3605 3093 diligit.
3644 3022 3835 3093 Dilige
3871 3040 4022 3095 ergo

2345 3112 2607 3177 fratrem,
2640 3115 2696 3166 et
2727 3125 2974 3165 securus
3005 3114 3154 3165 esto.
3191 3112 3318 3166 Non
3355 3117 3522 3181 potes
3549 3110 3767 3178 dicere,
3809 3114 4024 3183 Diligo

2341 3200 2605 3264 fratrem,
2637 3198 2743 3254 sed
2773 3214 2894 3255 non
2921 3198 3105 3269 diligo
3139 3201 3342 3254 Deum.
3380 3200 3694 3265 Quomodo
3734 3203 4024 3258 mentiris

2343 3290 2594 3353 sidicas,
2629 3288 2816 3358 Diligo
2837 3291 3050 3355 Deum,
3080 3288 3332 3360 quando
3361 3304 3482 3345 non
3507 3289 3707 3360 diligis
3723 3289 3981 3348 fratrem
4006 3309 4018 3356 ;

2342 3379 2427 3434 sic
2452 3376 2685 3441 falleris,
2718 3377 2966 3448 quando
3019 3376 3191 3442 dicis,
3226 3376 3412 3447 Diligo
3444 3378 3716 3448 fratrem,
3754 3379 3805 3433 si
3841 3385 4022 3451 putes

2341 3468 2485 3540 quia
2501 3481 2621 3522 non
2650 3466 2848 3535 diligis
2879 3469 3086 3521 Deum.
3120 3469 3377 3522 Necesse
3407 3471 3496 3522 est
3521 3468 3624 3538 qui
3657 3467 3871 3538 diligis
3904 3469 4022 3526 fra—

2341 3562 2514 3625 trem,
2545 3555 2758 3627 diligas
2814 3555 3011 3626 ipsam
3068 3554 3488 3625 dilectionem;
3523 3555 3757 3612 dilectio
3806 3563 4020 3615 autem

2339 3647 2492 3702 Deus
2522 3651 2603 3702 est
2632 3663 2651 3698 :
2682 3659 2926 3700 necesse
2948 3649 3036 3699 est
3057 3659 3198 3715 ergo
3226 3644 4020 3720 utDeumdiligatquisquis

2339 3735 2527 3805 diligit
2543 3733 2870 3790 fratrem.Si
2883 3738 3085 3789 autem
3101 3748 3222 3789 non
3235 3733 3439 3804 diligis
3459 3733 3704 3790 fratrem
3725 3749 3920 3806 quem
3937 3738 4020 3792 vi-

2340 3825 2466 3890 des,
2478 3827 2662 3879 Deum
2689 3838 2869 3895 quem
2883 3837 3005 3877 non
3021 3822 3189 3878 vides
3205 3823 3516 3894 quomodo
3530 3829 3702 3895 potes
3717 3824 3978 3894 diligere
3991 3825 4018 3879 Ἰ

2342 3914 2536 3978 Quare
2553 3927 2672 3968 non
2690 3911 2848 3966 videt
2877 3913 3062 3966 Deum
3083 3909 3107 3956 ?
3129 3912 3277 3976 Quia
3305 3926 3427 3967 non
3447 3912 3626 3968 habet
3652 3914 3859 3984 ipsam
3874 3915 4020 3970 dile-

2342 4003 2620 4059 ctionem.
2644 4001 2784 4056 Ideo
2811 4017 2933 4057 non
2953 4001 3330 4073 videtDenm,
3360 4002 3498 4073 quia
3528 4017 3649 4058 non
3667 4003 4019 4061 habetdile—

2341 4093 2618 4157 ctionem;
2634 4090 2770 4146 ideo
2783 4105 2903 4146 non
2918 4089 3096 4146 habet
3109 4090 3664 4163 dilectionem,quia
3674 4107 3802 4148 non
3817 4094 4018 4165 diligit

2340 4181 2619 4237 fratrem:
2645 4186 2959 4252 propterea
2983 4195 3128 4250 ergo
3151 4195 3272 4236 non
3296 4180 3458 4236 videt
3481 4183 3691 4248 Deum,
3710 4183 3866 4253 quia
3895 4199 4020 4240 non

2340 4271 2521 4327 habet
2533 4269 2908 4325 dilectionem
2924 4313 2937 4325 .
2953 4271 3098 4325 Nam
3113 4270 3159 4324 si
3172 4269 4012 4339 habeatdilectionem,Deum

2339 4360 2501 4416 videt
2513 4359 2687 4431 ;quia
2707 4360 2858 4414 Deus
2880 4358 3118 4414 dilectio
3139 4365 3221 4414 est
3246 4376 3264 4414 :
3292 4364 3349 4415 et
3370 4364 3660 4430 purgatur
3675 4359 3775 4415 ille
3790 4362 4015 4418 oculus

2340 4449 2536 4518 magis
2553 4447 2869 4519 magisque
2883 4447 3495 4514 dilectione,utvideat
3510 4448 3671 4504 illam
3685 4449 4017 4506 incommu-

2341 4538 2584 4595 tabilem
2617 4536 3047 4601 substantiam;
3068 4538 3240 4606 cujus
3269 4537 3580 4609 praesentia
3607 4553 3852 4610 semper
3867 4557 4019 4612 gau-

2340 4627 2497 4689 deat,
2531 4642 2652 4698 qua
2676 4624 3010 4696 perfruatur
3031 4627 3090 4680 in
3118 4631 3407 4682 aeternum
3437 4627 4018 4701 conjunctusAng-e-

2340 4717 2431 4772 lis.
2464 4717 2577 4773 Sed
2591 4715 3001 4781 curratmodo,
3023 4721 3085 4770 ut
3109 4716 3440 4788 aliquando
3468 4716 3526 4772 in
3541 4717 3739 4789 patria
3752 4717 4012 4776 laetetur.

2340 4809 2469 4863 Non
2495 4811 2654 4862 amet
2681 4806 3240 4877 peregrinationem,
3265 4821 3387 4862 non
3415 4813 3576 4862 amet
3601 4806 3763 4862 viam
3785 4812 4015 4864 :totum

2340 4910 2618 4951 amarum
2647 4895 2737 4960 sit,
2772 4899 2982 4965 praeter
3010 4893 3179 4949 illum
3214 4895 3318 4966 qui
3345 4900 3538 4960 vocat,
3564 4909 3898 4968 quousque
3932 4896 4020 4951 in-

2339 4984 2602 5040 haeream
2613 5000 2679 5038 us
2693 4982 3142 5048 illi,etdicamus
3157 4983 3321 5055 quod
3333 4983 3560 5040 dictum
3579 4989 3667 5040 est
3681 4985 3738 5040 in
3756 4985 4016 5050 Psalmo,

2342 5072 2675 5131 Perdidisti
2687 5087 2883 5128 omnes
2897 5073 3037 5143 quia
3051 5072 3561 5141 fornicanturabs
3580 5079 3651 5129 te.
3672 5074 3853 5146 thui
3873 5078 4020 5128 sunt

2341 5163 2445 5235 qui
2475 5162 2842 5217 fornicantur
2871 5161 2897 5215 7
2929 5161 3038 5226 Qui
3069 5161 3415 5227 discedunt,
3470 5167 3529 5218 et
3557 5168 3770 5218 amant
3821 5178 4013 5218 mun-

2341 5252 2508 5307 dum.
2538 5250 2995 5322 Tuautemquid
3019 5251 3044 5305 ‘I
3073 5251 3349 5324 Sequitur
3363 5257 3420 5306 et
3444 5251 3585 5306 dicit
3613 5251 4013 5309 :Mihiautem

2341 5341 2633 5398 inhzrere
2662 5342 2780 5396 Deo
2795 5339 3008 5395 bonum
3031 5348 3111 5396 est
3136 5342 3324 5411 (Psal.
3349 5355 3525 5406 um,
3550 5340 3641 5406 27,
3664 5342 3778 5412 28).
3795 5343 4012 5397 Totum

2341 5431 2574 5487 bonum
2605 5445 2809 5486 meum
2835 5435 2943 5495 est,
2976 5430 3094 5486 Deo
3112 5430 3401 5486 inhaerere
3427 5431 3631 5500 gratis.
3657 5432 3807 5490 Nam
3831 5429 3883 5485 si
3911 5428 4014 5484 in-

2402 5611 2420 5644 ί
2443 5610 2577 5666 Lov.
2617 5626 2630 5658 :
2667 5608 2867 5669 Quem?
2894 5608 3072 5660 Deum.
3108 5607 3188 5667 Μ,
