4182 6198
16 72 618 138 π-

137 147 142 149 ’
185 187 333 252 2033

178 325 466 389 terroges,
499 321 556 373 et
583 315 772 380 dicas,
805 317 999 381 Quare
1042 314 1296 370 inhaeres
1339 316 1456 368 Deo
1486 314 1511 361 9
1559 313 1623 366 Et
1648 309 1826 376 dicat,

177 411 248 466 Ut
279 408 465 463 donet
492 405 655 460 mihi.
694 403 844 470 Quid
875 404 979 460 tibi
1006 402 1188 460 donet
1216 408 1241 453 ‘t
1267 402 1493 459 Caelum
1521 401 1648 470 ipse
1674 397 1828 462 fecit,

175 505 396 556 terram
424 497 552 567 ipse
581 494 715 551 fecit
743 493 922 566 :quid
947 492 1054 548 tibi
1082 493 1416 548 donaturus
1448 496 1534 546 est
1554 490 1582 547 7
1594 489 1722 560 jam
1742 487 1836 542 in-

178 587 372 645 haeres
402 583 518 640 illi:
551 583 752 639 inveni
781 581 1014 649 melius,
1041 586 1096 638 et
1118 581 1306 638 donat
1335 580 1459 636 tibi.

250 711 339 765 tt.
384 707 494 775 Qui
528 707 681 764 enim
720 723 838 762 non
884 706 1078 777 diligit
1123 707 1382 775 fratrem
1435 719 1607 759 suum
1665 715 1834 773 quem

177 799 359 865 videt,
393 799 580 853 Deum
613 811 777 868 quem
811 812 930 851 non
956 796 1133 857 videt,
1167 793 1449 866 quomodo
1468 798 1656 862 potest
1702 789 1839 845 dili-

177 885 457 959 gere?Et
481 885 589 941 hoc
615 883 963 940 mandatum
996 882 1276 939 habemus
1313 882 1387 938 ab
1415 881 1562 950 ipso,
1621 883 1683 933 ut
1737 879 1840 948 qui

179 977 395 1045 diligat
421 980 473 1030 et
493 974 752 1043 fratrem
780 988 968 1027 suum.
1001 971 1304 1041 Magniﬁce
1335 969 1602 1034 dicebas,
1639 967 1839 1036 Diligo

179 1067 412 1128 Deum;
453 1067 507 1119 et
531 1063 663 1117 odis
705 1061 947 1117 fratrem
994 1061 1006 1116 l
1063 1061 1106 1116 Ο
1159 1058 1482 1126 homicida,
1532 1055 1841 1130 quomodo

181 1155 385 1224 diligis
404 1154 588 1207 Deum
608 1151 637 1207 ?
655 1153 780 1206 Non
794 1149 1010 1205 audisti
1030 1149 1302 1220 superius
1320 1148 1376 1202 in
1401 1148 1535 1219 ipsa
1558 1144 1835 1216 Epistola,

185 1243 303 1312 Qui
331 1243 454 1298 odit
481 1241 741 1310 fratrem
766 1255 960 1304 suum,
996 1238 1292 1294 homicida
1313 1237 1445 1293 est?
1467 1235 1578 1292 Sed
1597 1250 1840 1306 prorsus

182 1332 378 1401 diligo
398 1333 600 1394 Deum,
623 1327 902 1400 quamvis
919 1327 1144 1384 oderim
1165 1327 1406 1382 fratrem
1425 1339 1648 1380 meum.
1670 1323 1842 1378 Pror-

185 1438 294 1477 sus
329 1419 660 1488 nondiligis
695 1417 899 1483 Deum,
957 1416 1007 1471 si
1060 1416 1192 1472 odis
1243 1415 1503 1470 fratrem.
1539 1416 1602 1468 Et
1659 1411 1840 1468 modo

186 1508 384 1583 probo
414 1507 530 1564 alio
554 1507 937 1562 documento.
965 1509 1092 1578 Ipse
1119 1505 1277 1570 dixit,
1314 1505 1479 1560 Dedit
1507 1501 1670 1558 nobis
1690 1517 1841 1571 prae-

186 1605 443 1668 ceptum,
477 1603 538 1651 ut
567 1595 888 1665 diligamus
925 1594 1175 1650 invicem
1197 1595 1239 1665 (l
1269 1595 1435 1650 Joan.
1459 1608 1537 1656 ιιι,
1572 1593 1658 1656 15,
1711 1591 1839 1662 23):

184 1686 501 1760 quomodo
541 1685 736 1755 diligis
766 1699 928 1753 eum,
960 1685 1129 1754 cujus
1184 1682 1361 1738 odisti
1421 1687 1785 1753 praeceptum
1815 1678 1844 1734 ‘t

185 1775 334 1841 Quis
349 1781 436 1830 est
452 1774 555 1846 qui
571 1773 751 1838 dicat,
783 1773 969 1844 Diligo
991 1772 1430 1843 imperatorem,
1453 1771 1552 1826 sed
1569 1770 1666 1825 odi
1686 1770 1845 1840 leges

184 1865 368 1935 ejus?
395 1864 457 1919 In
491 1863 604 1918 hoc
636 1861 902 1932 intelligit
932 1861 1256 1932 imperator
1287 1861 1334 1914 si
1366 1859 1558 1930 diligis
1581 1875 1741 1923 eum,
1800 1859 1846 1913 si

185 1953 588 2012 observentur
611 1950 768 2020 leges
786 1951 915 2020 cjus
942 1965 1046 2021 per
1077 1949 1434 2021 provincias.
1461 1949 1574 2003 Lex
1596 1948 1849 2019 impera-

186 2042 333 2100 toris
357 2056 495 2114 quae
526 2039 649 2096 est?
680 2039 1030 2095 Mandatum
1059 2053 1274 2094 novum
1298 2039 1371 2093 do
1404 2037 1578 2104 vobis,
1637 2043 1700 2092 ut
1751 2052 1849 2092 vos

188 2131 439 2188 invicem
465 2128 728 2199 diligatis
761 2129 961 2198 (Joan.
995 2144 1115 2192 xui,
1149 2128 1260 2198 34).
1283 2126 1436 2182 Dicis
1469 2141 1610 2197 ergo
1642 2131 1696 2181 te
1724 2126 1851 2181 dili-

190 2235 333 2291 gere
358 2219 652 2276 Christum
679 2234 691 2283 ;
717 2233 890 2274 serva
921 2217 1273 2272 mandatum
1299 2217 1448 2286 ejus,
1504 2222 1556 2271 et
1609 2215 1849 2271 fratrem

189 2310 396 2380 dilige.
431 2308 484 2365 Si
511 2313 711 2364 autem
731 2306 970 2362 fratrem
998 2321 1119 2361 non
1143 2305 1338 2374 diligis
1365 2324 1378 2373 ;
1409 2305 1579 2375 cujus
1598 2305 1852 2360 manda-

191 2403 326 2455 tum
357 2396 687 2452 contemnis
707 2393 734 2449 ?
765 2396 1013 2463 Fratres,
1046 2408 1157 2463 ego
1181 2408 1301 2448 non
1334 2393 1519 2450 satior
1548 2393 1853 2465 loquendo

190 2485 270 2542 de
293 2485 576 2541 charitate
608 2484 666 2539 in
690 2486 931 2540 nomine
963 2483 1190 2540 Christi.
1217 2483 1519 2547 Quantum
1543 2489 1599 2539 et
1625 2499 1729 2539 vos
1746 2484 1853 2539 ha-

190 2573 352 2631 betis
375 2575 554 2645 hujus
580 2573 662 2629 rei
703 2574 1037 2638 avaritiam,
1073 2577 1308 2628 tantum
1349 2588 1663 2644 speramus
1713 2574 1856 2644 quia

191 2663 410 2720 crescit
437 2663 496 2717 in
529 2662 694 2718 vobis
726 2662 879 2733 ipsa,
909 2665 966 2717 et
982 2660 1139 2717 foras
1165 2661 1335 2716 mittit
1363 2663 1658 2726 timorem,
1691 2667 1855 2718 utre-

197 2757 444 2808 maneat
467 2751 562 2806 ille
591 2751 766 2807 timor
796 2756 996 2806 castus
1041 2766 1404 2822 permanens
1454 2749 1515 2805 in
1570 2751 1856 2808 saeculum

199 2841 424 2896 saculi.
459 2840 799 2896 Toleremus
828 2838 1144 2903 mundum,
1180 2839 1499 2894 toleremus
1527 2840 1849 2896 tribulatio-

199 2943 331 2996 nes,
363 2933 682 2986 toleremus
711 2927 998 2984 scandala
1029 2927 1442 2983 tentationum.
1464 2931 1590 2984 Non
1623 2930 1860 2985 receda-

199 3034 342 3075 mus
358 3033 394 3074 a
420 3016 520 3073 via
543 3033 556 3083 ;
580 3022 893 3073 teneamus
917 3015 1204 3070 unitatem
1226 3015 1521 3080 Ecclesiae,
1549 3022 1860 3072 teneamus

201 3107 524 3170 Christum.
559 3111 870 3163 teneamus
902 3105 1269 3161 charitatem.
1332 3107 1458 3161 Non
1508 3104 1862 3162 divellamur

201 3212 241 3255 a
266 3195 553 3253 membris
577 3211 814 3269 sponsa:
843 3195 1048 3267 ipsius,
1083 3209 1202 3249 non
1233 3193 1588 3249 divellamur
1631 3210 1666 3250 a
1723 3195 1860 3265 ﬁde,

204 3291 271 3343 ut
311 3286 635 3358 gloriemur
665 3285 724 3339 in
753 3285 1066 3356 praesentia
1097 3283 1315 3355 ipsius:
1353 3289 1406 3338 et
1436 3283 1627 3339 securi
1653 3300 1863 3340 mane-

193 3369 411 3433 bimus
442 3376 502 3430 in
522 3390 611 3445 eo,
647 3373 828 3430 modo
860 3389 966 3446 per
994 3372 1196 3439 ﬁdem,
1231 3377 1369 3428 tunc
1420 3388 1523 3444 per
1579 3373 1862 3445 speciem,

204 3465 380 3537 cujus
400 3469 593 3521 tantas
609 3463 817 3520 arrhus
837 3462 1132 3519 habemus
1144 3462 1372 3518 donum
1388 3461 1638 3534 Spiritus
1652 3464 1862 3519 sancti.

790 3619 1190 3676 TRACTATUS
1232 3621 1289 3674 X.

209 3776 300 3831 De
336 3788 398 3829 eo
422 3772 582 3845 quod
598 3771 857 3828 Joannes
883 3770 1109 3836 scribit,
1139 3769 1346 3826 Omnis
1373 3770 1476 3842 qui
1494 3770 1680 3827 credit
1708 3771 1871 3842 quod

287 3865 458 3920 Jesus
479 3861 554 3917 sit
585 3861 867 3927 Christus,
897 3876 964 3918 ex
985 3863 1100 3917 Deo
1131 3864 1304 3916 natus
1337 3865 1423 3916 est
1445 3876 1459 3925 ;
1485 3875 1662 3930 usque
1691 3860 1868 3924 adid,

288 3956 424 4010 Haec
445 3958 536 4008 est
573 3951 734 4008 enim
765 3949 1000 4006 dilectio
1026 3948 1148 4014 Dei,
1180 3954 1240 4005 ut
1266 3953 1560 4020 praecepta
1599 3948 1726 4020 ejus
1756 3963 1874 4004 ser-

289 4058 531 4099 vemus.
567 4040 710 4111 Cap.
744 4055 801 4103 v,
842 4037 905 4099 ἲν.
935 4039 1079 4094 1-13.

294 4197 346 4251 1.
388 4192 724 4251 Meminisse
738 4207 844 4248 vos
861 4191 1060 4260 credo,
1083 4190 1186 4263 qui
1199 4189 1469 4246 adfuistis
1481 4191 1757 4248 hesterno
1779 4191 1876 4248 die

211 4287 295 4346 ad
328 4300 510 4358 quem
530 4283 732 4340 locum
753 4282 812 4337 in
833 4285 1159 4353 progressu
1180 4280 1360 4350 hujus
1379 4280 1647 4351 Epistoltn
1675 4296 1874 4352 perve-

215 4375 373 4434 nerit
402 4378 604 4430 nostra
629 4370 934 4427 tractatio:
979 4369 1036 4425 id
1063 4374 1168 4435 est,
1205 4368 1317 4436 Qui
1341 4371 1493 4424 enim
1521 4385 1639 4425 non
1682 4369 1876 4440 diligit

209 4466 476 4537 fratrem
501 4478 674 4518 suum
705 4475 875 4532 quem
908 4459 1082 4524 videt,
1123 4461 1305 4516 Deum
1332 4473 1500 4530 quem
1549 4475 1669 4515 non
1722 4459 1875 4516 videt

218 4553 510 4628 quomodo
538 4556 727 4621 potest
759 4549 1008 4620 diligere
1031 4549 1058 4600 ?
1086 4548 1157 4603 El
1192 4549 1299 4604 hoc
1328 4549 1677 4604 mandatum
1702 4549 1877 4606 habe-

217 4657 354 4700 mus
386 4642 618 4711 abipso,
651 4638 834 4711 utqui
849 4637 1040 4708 diligit
1060 4637 1267 4702 Deum,
1297 4637 1506 4707 diligat
1538 4643 1589 4694 et
1616 4637 1877 4707 fratrem

217 4747 418 4790 suum.
448 4733 569 4786 Huc
597 4743 786 4800 usque
816 4727 1187 4798 disputatum
1210 4734 1354 4782 erat.
1386 4729 1526 4792 Quae
1547 4733 1881 4799 sequuntur

219 4836 366 4894 ergo
391 4835 461 4876 ex
500 4818 709 4874 ordine
733 4816 1062 4872 videamus.
1100 4814 1296 4872 Omnis
1339 4815 1444 4886 qui
1501 4817 1685 4872 credit
1724 4816 1883 4887 quod

221 4913 396 4968 Jesus
429 4911 502 4964 sit
551 4907 840 4971 Christus,
870 4921 945 4962 ea:
997 4907 1114 4960 Deo
1145 4912 1322 4960 natus
1353 4912 1456 4960 est.
1490 4905 1632 4968 Quis
1658 4911 1748 4961 est
1778 4905 1882 4978 qui

226 5016 352 5057 non
378 4996 921 5070 creditquodlesus
940 4996 1010 5050 sit
1031 4995 1297 5050 Christus
1318 4994 1467 5059 ‘IQui
1489 5008 1608 5048 non
1634 4993 1717 5049 sic
1739 4995 1883 5049 vivit

220 5088 536 5164 quomodo
551 5086 831 5159 praecepit
849 5083 1130 5142 Christus.
1147 5083 1300 5138 Multi
1324 5083 1482 5139 enim
1505 5082 1730 5146 dicunt,
1756 5084 1882 5138 Cre-

224 5180 342 5245 do;
366 5177 475 5234 sed
491 5176 638 5232 ﬁdes
664 5173 1087 5246 sineoperibus
1119 5188 1240 5228 non
1263 5171 1468 5228 salvat.
1494 5172 1655 5243 Opus
1681 5177 1880 5227 autem

224 5268 370 5325 ﬁdei
419 5267 554 5339 ipsa
584 5263 822 5320 dilectio
854 5267 959 5327 est,
988 5261 1221 5317 dicente
1249 5261 1429 5317 Paulo
1486 5263 1776 5331 apostolo,
1810 5260 1882 5314 Et

221 5359 371 5427 ﬁdes
401 5370 531 5428 qua
575 5369 687 5423 per
731 5352 1100 5408 dilectionem
1142 5357 1429 5420 Operatur
1458 5349 1680 5420 (Gulat.
1716 5365 1771 5417 v,
1805 5349 1882 5420 6).

227 5448 425 5520 Opera
448 5442 696 5517 quidem
719 5448 820 5498 tua
835 5441 1147 5513 prmterita,
1158 5446 1481 5511 antequam
1494 5438 1886 5505 crederes,vel

229 5536 398 5592 nulla
426 5539 629 5598 erant;
662 5531 756 5588 vel
786 5531 832 5586 si
863 5531 1027 5586 bona
1049 5529 1421 5597 videbantur,
1453 5528 1654 5583 inania
1685 5531 1876 5584 erant.

228 5625 288 5684 Si
311 5624 476 5682 enim
503 5621 666 5679 nulla
691 5625 897 5686 erant;
927 5619 1012 5675 sic
1035 5635 1166 5676 eras
1195 5618 1368 5690 quasi
1410 5617 1595 5673 homo
1626 5617 1751 5672 sine
1783 5631 1887 5688 pe-

230 5715 434 5784 dibus,
465 5719 570 5770 aut
591 5712 820 5770 vexatis
850 5709 1107 5784 pedibus
1138 5708 1449 5765 ambulare
1478 5722 1602 5764 non
1629 5705 1837 5769 valens
1864 5724 1880 5760 :

1435 177 1857 242 TRACTATUS
1905 180 1974 238 X.
2017 181 2250 241 CAPUT
2295 185 2385 244 ιν.

3452 189 3593 246 2054

1941 309 1987 362 si
2018 317 2218 367 autem
2240 313 2402 368 bona
2415 311 2772 367 videbantur
2796 327 2809 376 ;
2828 314 3154 382 antequam
3167 313 3593 380 crederes,cur-

1938 398 2114 455 rebas
2143 401 2414 472 quidem,
2461 401 2560 455 sed
2585 405 2794 469 praeter
2817 400 2970 454 viam
3006 401 3319 466 currendo,
3353 403 3595 459 errabas

1941 489 2138 560 potius
2153 505 2339 561 quam
2368 488 2779 561 perveniebas.
2808 490 2902 543 Est
2927 503 3068 558 ergo
3090 489 3260 544 nobis
3279 495 3334 543 et
3355 505 3594 546 curren-

1943 577 2111 643 dum,
2148 583 2204 633 et
2233 580 2292 633 in
2335 579 2430 635 via
2460 577 2843 633 currendum.
2891 578 2998 641 Qui
3039 585 3250 648 praeter
3279 580 3436 635 viam
3459 595 3593 634 cur-

1943 666 2035 732 rit,
2070 667 2323 723 inaniter
2352 668 2533 723 currit
2565 683 2577 720 :
2612 667 2733 721 imo
2776 665 2853 721 ad
2883 665 3150 722 laborem
3179 668 3378 724 currit.
3412 669 3594 724 Tanto

1945 756 2080 826 plus
2101 761 2274 821 errat,
2303 761 2529 829 quanto
2556 760 2764 826 praeter
2796 753 2951 810 viam
2983 758 3183 812 currit.
3214 759 3353 822 Quae
3385 763 3472 814 est
3503 760 3599 814 via

1947 861 2052 917 per
2081 861 2266 917 quam
2297 846 2589 900 currimus
2620 844 2647 898 ?
2675 843 2938 898 Christus
2967 844 3126 910 dixit,
3159 847 3284 915 Ego
3315 863 3442 902 sum
3477 848 3592 902 via.

1949 935 2086 999 Quae
2115 935 2460 1006 patria,quo
2474 934 2767 988 currimus
2787 931 2814 985 ?
2842 931 3104 987 Christus
3131 935 3299 1002 dixit,
3328 937 3441 1004 Ego
3468 951 3594 991 sum

1949 1025 2166 1079 veritas
2184 1023 2383 1093 (Joan.
2413 1039 2526 1087 xxv,
2549 1023 2622 1093 6).
2646 1021 2929 1076 Perillum
2953 1023 3162 1087 curris,
3184 1024 3259 1078 ad
3282 1024 3445 1079 illum
3462 1041 3599 1080 cur-

1948 1111 2053 1173 ris.
2084 1113 2142 1167 in
2165 1112 2293 1183 ipso
2311 1111 2654 1182 requiescis.
2673 1111 2782 1166 Sed
2812 1116 2871 1165 ut
2898 1127 3270 1167 curreremus
3291 1114 3594 1183 perillum,

1948 1201 2206 1257 extendit
2233 1216 2296 1255 se
2323 1216 2513 1271 usque
2545 1200 2618 1254 ad
2644 1215 2752 1254 nos
2799 1216 2809 1252 :
2846 1200 3020 1268 longe
3062 1202 3218 1254 enim
3251 1218 3509 1266 eramus,
3546 1207 3602 1257 et

1948 1291 2126 1360 longe
2147 1290 2694 1361 peregrinabamur.
2721 1289 2933 1343 Parum
2957 1296 3044 1344 est
3073 1291 3212 1360 quia
3241 1291 3414 1360 longe
3439 1307 3600 1363 pere-

1951 1380 2372 1450 grinabamur;
2405 1384 2460 1434 et
2487 1377 2752 1447 languidi
2799 1393 2906 1432 nos
2939 1393 3175 1433 movere
3206 1395 3327 1434 non
3359 1387 3602 1450 potera-

1951 1485 2108 1524 mus.
2127 1468 2386 1524 Medicus
2414 1469 2568 1523 venit
2598 1467 2673 1522 ad
2700 1472 2975 1536 aegrotos,
3001 1467 3092 1521 via
3117 1473 3386 1538 porrecta
3412 1473 3502 1524 est
3527 1471 3605 1525 ad

1951 1557 2318 1630 peregrinos.
2351 1556 2661 1613 Salvemur
2691 1556 2767 1610 ab
2799 1556 2948 1626 ipso,
2985 1555 3366 1611 ambulemus
3398 1559 3604 1629 perip-

1955 1663 2107 1701 sum.
2145 1648 2260 1701 Hoc
2281 1651 2368 1701 est
2391 1645 2630 1700 credere
2653 1644 2793 1715 quia
2824 1646 2993 1698 Jesus
3026 1645 3289 1700 Christus
3311 1652 3420 1710 est,
3456 1662 3608 1718 quo-

1953 1735 2137 1792 modo
2162 1735 2408 1789 credunt
2431 1733 2754 1797 christiani,
2783 1733 2878 1803 qui
2902 1749 3018 1787 non
3041 1733 3169 1789 solo
3192 1737 3434 1791 nomine
3457 1736 3608 1790 chri-

1955 1824 2126 1880 stiani
2139 1822 2409 1888 sunt,sed
2423 1820 2659 1876 etfactis
2673 1826 2727 1875 et
2740 1822 2858 1876 vita
2875 1842 2885 1878 :
2906 1837 3024 1876 non
3038 1824 3346 1893 quomodo
3362 1825 3611 1881 credunt

1956 1913 2282 1968 daemones.
2313 1913 2458 1966 Nam
2483 1916 2538 1966 et
2568 1911 2853 1965 daemones
2879 1911 3150 1976 credunt,
3181 1920 3232 1968 et
3263 1914 3610 1969 contremis-

1957 2008 2121 2069 cunt,
2147 2001 2298 2054 sicut
2323 1999 2462 2054 dicit
2486 1999 2792 2069 Scriptura
2823 1999 3050 2065 (Jacobi
3071 2016 3130 2064 ιι,
3179 2003 3282 2071 19).
3318 2002 3467 2066 Quid
3501 2018 3610 2074 po-

1959 2095 2194 2148 tuerunt
2227 2088 2357 2161 plus
2379 2088 2615 2143 credere
2646 2088 2975 2155 daemones,
3008 2105 3193 2160 quam
3238 2098 3299 2144 ut
3323 2091 3605 2159 dicerent,

1959 2181 2190 2236 Scimus
2220 2178 2438 2249 quisis,
2469 2178 2660 2232 Filius
2691 2178 2799 2232 Dei
2827 2178 2853 2232 ?
2887 2177 3056 2240 Quod
3089 2178 3364 2234 dixerunt
3390 2181 3610 2236 daemo-

1959 2284 2090 2332 nes,
2122 2267 2236 2322 hoc
2266 2265 2412 2322 dixit
2449 2271 2505 2320 et
2535 2266 2761 2319 Petrus.
2811 2266 2956 2319 Cum
3011 2265 3298 2320 Dominus
3324 2273 3612 2336 quaereret

1961 2358 2089 2429 quis
2106 2359 2278 2422 esset,
2297 2359 2352 2409 et
2377 2369 2557 2426 quem
2584 2353 2747 2407 illum
2766 2353 3030 2408 dicerent
3050 2354 3343 2420 homines,
3369 2371 3612 2426 respon-

1961 2449 2179 2502 derunt
2202 2444 2280 2498 illi
2312 2442 2585 2514 discipuli
2615 2460 2626 2496 :
2659 2441 2781 2496 Alii
2810 2442 3015 2498 dicunt
3049 2449 3104 2498 te
3147 2445 3434 2500 Joannem
3462 2445 3615 2513 Bap-

1965 2538 2182 2598 tistam,
2215 2532 2323 2589 alii
2359 2531 2578 2588 Etiam:
2617 2530 2725 2586 alii
2761 2531 3101 2596 Jeremiam,
3153 2538 3258 2587 aut
3306 2549 3494 2587 unum
3543 2548 3616 2588 ex

1964 2621 2294 2692 Prophetis.
2325 2624 2385 2676 Et
2410 2620 2504 2675 ille
2529 2636 2540 2674 :
2583 2620 2689 2675 Vos
2711 2625 2906 2675 autem
2930 2636 3099 2690 quem
3132 2637 3222 2676 me
3242 2636 3361 2677 esse
3385 2621 3618 2676 dicitis?

1966 2711 2287 2784 Respondit
2314 2711 2534 2773 Petrus,
2565 2714 2621 2764 et
2645 2710 2727 2764 ait
2755 2725 2765 2763 :
2805 2710 2890 2763 Tu
2918 2724 2973 2764 es
3001 2709 3269 2765 Christus
3296 2711 3488 2766 Filius
3515 2710 3621 2766 Dei

1966 2801 2102 2858 vivi.
2139 2803 2200 2855 Et
2231 2799 2457 2854 audivit
2483 2814 2518 2853 a
2570 2800 2819 2854 Domino
2849 2815 2860 2852 :
2897 2799 3117 2854 Beatus
3147 2814 3224 2863 es,
3258 2800 3462 2855 Simon
3494 2801 3622 2854 Bar

1965 2890 2138 2956 Iona,
2166 2888 2308 2960 quia
2351 2903 2469 2944 non
2496 2887 2778 2943 revelavit
2812 2886 2918 2941 tibi
2971 2902 3109 2944 caro
3141 2894 3194 2944 et
3222 2888 3486 2959 sanguis,
3520 2887 3622 2944 sed

1970 2982 2153 3036 Pater
2180 2993 2340 3033 meus
2369 2979 2474 3047 qui
2502 2983 2583 3032 est
2636 2976 2696 3030 in
2755 2977 2934 3031 caelis.
2971 2976 3170 3031 Videte
3224 2992 3359 3048 qua:
3413 2977 3622 3033 laudes

1970 3070 2410 3141 prosequantur
2438 3065 2594 3120 hanc
2628 3064 2812 3119 ﬁdem
2847 3081 2860 3118 :
2897 3066 2978 3118 Tu
3010 3080 3067 3120 es
3097 3065 3328 3130 Petrus,
3361 3072 3413 3122 et
3443 3081 3624 3136 super

1971 3157 2128 3213 hanc
2154 3160 2387 3224 petram
2435 3153 2738 3220 wdiﬁcabo
2794 3153 3125 3209 Ecclesium
3158 3169 3346 3210 meam
3381 3155 3622 3223 (Matth.

1970 3261 2092 3310 xv1,
2130 3244 2336 3315 13-18).
2368 3241 2520 3307 Quid
2547 3247 2655 3306 est,
2682 3256 2862 3310 super
2893 3242 3047 3296 hanc
3069 3247 3301 3311 petram
3320 3243 3624 3310 aediﬁcabo

1970 3333 2300 3390 Ecclesium
2352 3346 2541 3388 meam
2571 3331 2598 3385 ?
2652 3331 2840 3401 Super
2889 3329 3045 3384 hanc
3092 3329 3296 3392 ﬁdem,
3356 3346 3537 3400 super
3567 3331 3629 3385 id

1973 3421 2138 3496 quod
2160 3422 2386 3476 dictum
2417 3425 2522 3486 est,
2558 3421 2641 3474 Tu
2667 3433 2723 3475 es
2741 3417 3012 3474 Christus
3040 3418 3231 3473 Filius
3253 3419 3360 3474 Dei
3374 3419 3508 3474 vivi.
3523 3419 3630 3475 Su-

1972 3526 2082 3582 per
2110 3511 2265 3567 hanc
2280 3516 2534 3578 petram,
2550 3507 2760 3579 inquit,
2771 3507 3045 3576 fundabo
3062 3507 3386 3562 Ecclesium
3415 3523 3623 3564 meum.

1977 3603 2190 3672 Magna
2219 3599 2350 3654 laus
2387 3599 2398 3653 l
2430 3601 2578 3667 Ergo
2606 3598 2747 3652 dicit
2771 3597 2989 3662 Petrus,
3026 3598 3111 3651 Tu
3143 3612 3200 3652 es
3237 3597 3503 3652 Christus
3533 3597 3631 3652 Fi-

1979 3689 2094 3744 lius
2126 3687 2231 3744 Dei
2262 3687 2421 3743 vivi:
2452 3687 2657 3740 dicunt
2687 3689 2741 3740 et
2773 3685 3099 3751 daemones,
3133 3685 3364 3741 Scimus
3397 3686 3499 3756 qui
3527 3686 3626 3753 sis,

1977 3778 2173 3833 Filius
2198 3778 2322 3840 Dei,
2357 3781 2594 3832 sanctus
2628 3776 2748 3830 Dei.
2787 3776 2902 3829 Hoc
2931 3777 3150 3846 Petrus,
3184 3775 3298 3830 hoc
3325 3780 3380 3830 et
3409 3775 3634 3831 daemo-

1980 3882 2086 3922 nes
2112 3866 2356 3922 :eadem
2385 3863 2586 3930 verba,
2610 3879 2725 3919 non
2748 3863 2905 3918 idem
2931 3865 3186 3918 animus.
3220 3866 3286 3918 Et
3312 3865 3467 3920 unde
3493 3881 3634 3920 con-

1983 3960 2099 4011 stat
2128 3956 2272 4026 quia
2300 3953 2414 4008 hoc
2447 3954 2645 4008 Petrus
2671 3969 2806 4008 cum
2839 3952 3153 4008 dilectione
3179 3953 3452 4010 dicebat?
3486 3956 3636 4018 Quia

1980 4044 2129 4100 ﬁdes
2143 4042 2447 4098 christiani
2468 4058 2604 4098 cum
2626 4042 2940 4098 dilectione
2963 4050 3052 4097 est
3080 4060 3093 4111 ;
3116 4043 3409 4098 daemonis
3434 4050 3634 4100 autem

1983 4135 2109 4189 sine
2136 4133 2467 4188 dilectione.
2491 4131 2800 4197 Quomodo
2815 4133 2938 4187 sine
2966 4132 3319 4188 dilectione?
3344 4133 3464 4188 Hoc
3477 4133 3638 4188 dice-

1983 4221 2086 4280 bat
2103 4223 2322 4288 Petrus,
2340 4227 2402 4278 ut
2417 4222 2708 4277 Christum
2721 4221 3175 4293 amplecteretur
3195 4241 3207 4275 :
3232 4223 3346 4276 hoc
3360 4221 3639 4276 dicebant

1983 4313 2315 4377 daemones,
2353 4317 2413 4367 ut
2441 4312 2706 4367 Christus
2733 4310 2809 4366 ab
2837 4311 2917 4365 eis
2948 4311 3266 4365 recederet.
3298 4312 3446 4364 Nam
3478 4315 3643 4365 ante-

1984 4419 2170 4475 quam
2201 4401 2486 4466 dicerent,
2536 4400 2762 4455 Scimus
2790 4400 2893 4468 qui
2920 4399 2996 4453 sis
3027 4421 3044 4468 ;
3079 4405 3142 4452 tu
3173 4414 3230 4453 es
3261 4398 3453 4453 Filius
3485 4398 3639 4454 Dei:

1987 4493 2141 4560 Quid
2170 4491 2331 4547 nobis
2357 4497 2408 4546 et
2459 4490 2565 4544 tibi
2593 4495 2695 4552 est,
2729 4488 3003 4542 dixerunt
3048 4488 3074 4541 ‘I
3107 4487 3245 4553 Quis
3271 4487 3480 4542 venisti
3504 4494 3641 4543 ante

1989 4591 2215 4651 tempus
2245 4580 2494 4648 perdere
2519 4593 2622 4632 nos
2645 4575 2882 4647 (Matth.
2900 4590 3016 4640 Vill,
3043 4578 3132 4639 29,
3157 4580 3209 4630 et
3231 4574 3416 4631 Marc.
3447 4592 3484 4644 ι,
3509 4575 3640 4648 24)?

1987 4670 2160 4726 Aliud
2191 4675 2278 4724 est
2309 4683 2449 4736 ergo
2480 4664 2744 4721 conﬁteri
2777 4664 3094 4729 Christum,
3131 4669 3193 4720 ut
3224 4669 3420 4719 teneas
3451 4665 3640 4720 Chris-

1989 4764 2136 4820 tum,
2160 4757 2322 4811 aliud
2340 4755 2601 4812 conﬁteri
2632 4753 2951 4819 Christum,
2974 4753 3297 4824 utrepellas
3323 4758 3429 4809 ate
3453 4755 3642 4810 Chris-

1990 4852 2137 4905 tum.
2177 4848 2324 4915 Ergo
2358 4844 2564 4899 videtis
2585 4845 2729 4915 quia
2759 4842 3066 4915 quomodo
3096 4842 3365 4908 hicdicit,
3397 4843 3642 4910 Quicre-

1991 4937 2095 5002 dit,
2120 4935 2363 5008 propria
2393 4939 2674 5006 quaedam
2700 4932 2850 4987 ﬁdes
2874 4937 2996 5003 est;
3024 4946 3144 4988 non
3171 4933 3479 5004 quomodo
3503 4949 3640 4987 cum

1992 5026 2209 5081 multis.
2244 5027 2465 5095 Itaque,
2495 5021 2725 5087 fratres,
2746 5038 2922 5078 nemo
2937 5022 3349 5078 haereticorum
3371 5021 3528 5075 dicat
3551 5036 3646 5075 vo-

1990 5115 2102 5181 bis,
2141 5116 2205 5168 Et
2252 5129 2362 5169 nos
2411 5112 2732 5168 credimus.
2763 5112 2901 5168 Ideo
2952 5113 3112 5167 enim
3156 5111 3230 5166 de
3261 5109 3641 5164 daemonibus

1992 5202 2334 5274 exemplum
2355 5203 2660 5273 proposui,
2680 5217 2754 5256 ne
2775 5201 3085 5270 gaudeatis
3113 5199 3190 5253 ad
3205 5198 3388 5254 verba
3405 5197 3646 5252 creden-

1993 5293 2164 5355 tium,
2199 5289 2304 5346 sed
2336 5289 2646 5360 exploretis
2686 5289 2842 5344 facta
2869 5287 3214 5343 viventium.

2065 5443 2118 5491 2.
2154 5435 2474 5491 Videamus
2505 5449 2647 5504 ergo
2677 5433 2824 5504 quid
2854 5438 2941 5489 est
2971 5433 3208 5489 credere
3239 5434 3298 5489 in
3317 5431 3643 5501 Christum;

1995 5525 2163 5598 quid,
2185 5524 2420 5579 credere
2433 5523 2575 5594 quia
2598 5522 2768 5577 Jesus
2799 5523 2922 5594 ipse
2937 5529 3026 5578 est
3051 5521 3332 5579 Christus.
3351 5524 3644 5596 Sequitur,

1998 5613 2198 5674 Omnis
2229 5613 2330 5686 qui
2359 5613 2543 5669 credit
2575 5613 2733 5684 quod
2783 5611 2949 5670 Jesus
2978 5613 3050 5669 sit
3079 5613 3365 5681 Christus,
3419 5629 3495 5670 ex
3523 5615 3643 5670 Deo

1995 5712 2175 5764 natus
2200 5709 2306 5760 est.
2322 5701 2436 5759 Sed
2465 5701 2613 5774 quid
2640 5706 2732 5759 est
2757 5702 2997 5760 credere
3017 5702 3202 5761 illud?
3224 5704 3305 5762 Et
3333 5704 3521 5762 omnis
3543 5700 3651 5778 qui
