4164 6184
599 163 740 220 2055

600 288 799 357 diligit
812 286 915 359 qui
937 286 1140 356 genuit
1168 301 1319 351 eum,
1344 285 1541 356 diligit
1565 300 1687 339 eum
1703 286 1808 355 qui
1820 285 2052 354 genitus
2079 288 2160 340 est
2177 284 2252 339 ab

598 377 745 445 ipso.
780 376 987 431 Statim
1022 375 1158 430 ﬁdei
1188 376 1499 445 conjunxit
1520 374 1897 429 dilectionem
1921 390 1934 439 ;
1957 374 2100 446 quia
2125 374 2252 428 sine

599 464 911 521 dilectione
926 463 1072 518 ﬁdes
1086 463 1279 519 inanis
1291 464 1548 517 est.Cum
1571 461 1885 517 dilectione
1906 462 2055 517 ﬁdes
2070 461 2256 517 chris-

603 553 762 617 tiani,
792 553 918 607 sine
938 552 1251 607 dilectione
1266 550 1415 605 ﬁdes
1441 549 1731 606 daemonis
1756 563 1767 603 :
1793 551 1895 623 qui
1912 556 2112 607 autem
2129 566 2249 606 non

599 642 863 706 credunt,
893 641 1125 713 pejores
1147 645 1285 694 sunt
1311 655 1497 710 quam
1527 638 1853 705 daemones,
1883 646 1939 695 et
1960 640 2252 696 tardiores

599 745 785 802 quam
815 730 1138 784 daemones.
1192 727 1399 782 Nescio
1425 728 1560 799 quis
1587 743 1708 783 non
1757 729 1884 784 vult
1913 728 2152 783 credere
2192 728 2251 783 in

600 819 895 875 Christum
920 834 934 881 ;
964 816 1163 871 adhuc
1188 831 1296 870 nec
1327 816 1634 871 daemones
1660 816 1945 871 imitatur.
1969 817 2102 872 Jam
2129 832 2253 871 cre-

599 907 683 961 dit
713 910 773 960 in
804 905 1121 970 Christum,
1148 905 1253 960 sed
1283 903 1409 959 odit
1432 904 1730 961 Christum
1760 921 1772 971 ;
1817 906 1996 960 habet
2026 904 2253 961 confes-

599 995 831 1050 sionem
846 992 981 1048 ﬁdei
996 994 1054 1047 in
1070 993 1279 1048 timore
1298 1008 1511 1064 pCBDtB,
1528 1008 1648 1048 non
1672 993 1731 1048 in
1755 1009 1959 1049 amore
1981 1009 2247 1051 coronas:

598 1098 741 1137 nam
770 1088 827 1137 et
855 1081 937 1136 illi
963 1083 1160 1153 puniri
1182 1081 1493 1137 timebant.
1527 1082 1690 1137 Adde
1744 1083 1880 1138 huic
1911 1082 2050 1138 ﬁdei
2077 1082 2251 1138 dilec-

596 1170 840 1235 tionem,
868 1175 925 1225 ut
947 1169 1049 1225 ﬁat
1072 1169 1219 1224 ﬁdes
1243 1170 1487 1240 qualem
1506 1170 1645 1225 dicit
1670 1171 1991 1241 Apostolus
2016 1171 2248 1237 Paulus,

597 1258 767 1314 Fides
795 1274 926 1329 quae
944 1274 1053 1327 per
1081 1258 1454 1315 dilectionem
1482 1266 1767 1327 operatur
1790 1259 2019 1326 (Galat.
2066 1276 2123 1329 v,
2154 1260 2247 1331 6):

596 1348 873 1403 invenisti
903 1347 1313 1414 christianum,
1374 1347 1652 1403 invenisti
1682 1348 1871 1403 civem
1898 1349 2249 1414 Jerusalem,

598 1435 875 1490 invenisti
905 1436 1090 1491 civem
1115 1437 1499 1505 Angclorum,
1533 1436 1807 1491 invenisti
1838 1437 1898 1491 in
1930 1438 2023 1493 via
2048 1438 2250 1509 suspi-

597 1528 825 1579 rantem
857 1526 1237 1595 peregrinum
1261 1542 1274 1591 ;
1300 1524 1562 1595 adjunge
1584 1530 1637 1581 te
1653 1525 1752 1591 illi,
1769 1541 1972 1581 comes
1990 1532 2127 1581 tuus
2141 1531 2249 1595 est,

598 1626 768 1666 curre
798 1627 935 1667 cum
962 1612 1083 1677 illo,
1114 1614 1160 1667 si
1184 1620 1383 1668 tamen
1410 1620 1463 1669 et
1489 1620 1545 1671 tu
1572 1614 1685 1669 hoc
1702 1630 1784 1669 es.
1811 1614 2014 1670 Omnis
2038 1615 2141 1685 qui
2161 1615 2255 1669 di-

598 1699 727 1769 ligit
760 1701 863 1772 qui
888 1702 1091 1771 genuit
1113 1717 1265 1769 eum,
1295 1702 1492 1772 diligit
1519 1719 1649 1758 eum
1680 1705 1783 1775 qui
1811 1704 2046 1773 genitus
2068 1708 2151 1760 est
2177 1704 2253 1759 ab

596 1787 743 1856 ipso.
760 1788 901 1856 Quis
915 1790 1150 1859 genuit?
1163 1791 1345 1847 Pater.
1364 1792 1502 1856 Quis
1515 1796 1598 1846 est
1613 1792 1877 1861 genitus?
1895 1791 2253 1858 Filius.Quid

598 1891 740 1948 ergo
779 1880 859 1934 ait
883 1877 911 1932 7
938 1879 1139 1933 Omnis
1168 1880 1273 1950 qui
1305 1879 1493 1949 diligit
1527 1882 1775 1946 Patrem,
1817 1880 2249 1951 diligitFilium.

671 2013 724 2063 3.
754 2007 826 2062 In
860 2007 969 2062 hoc
1003 2008 1404 2078 cognoscimus
1441 2011 1582 2079 quia
1613 2010 1921 2081 diligimus
1950 2010 2097 2082 ﬁlios
2128 2009 2249 2066 Dei.

599 2096 754 2162 Quid
781 2101 868 2151 est
896 2096 1029 2161 hoc,
1063 2096 1270 2151 fratres
1299 2097 1326 2151 ?
1358 2098 1535 2153 Paulo
1566 2104 1701 2154 ante
1728 2099 1802 2155 de
1830 2099 1969 2155 Filio
1990 2100 2089 2155 Dei
2103 2100 2253 2153 dice-

596 2185 721 2253 bat,
754 2200 875 2240 non
902 2185 975 2239 de
1008 2186 1161 2239 Filiis
1200 2185 1300 2241 Dei
1329 2202 1341 2240 :
1368 2202 1503 2241 ecce
1536 2204 1689 2242 unus
1712 2188 1943 2259 positus
1975 2194 2063 2243 est
2095 2188 2251 2245 Chri-

599 2279 726 2328 stus
773 2274 1276 2345 contemplandus
1330 2275 1531 2339 nobis,
1592 2282 1646 2331 et
1675 2276 1901 2333 dictum
1933 2283 2020 2333 est
2056 2278 2249 2343 nobis,

599 2363 800 2419 Omnis
827 2364 931 2435 qui
951 2364 1137 2419 credit
1158 2365 1316 2435 quod
1336 2366 1505 2420 Jesus
1524 2366 1595 2420 sit
1612 2365 1898 2431 Christus,
1924 2373 2005 2422 est
2034 2382 2110 2423 ex
2136 2369 2253 2423 Deo

596 2459 775 2509 natus
796 2471 815 2507 :
843 2458 895 2508 et
927 2455 1115 2507 omnis
1140 2453 1243 2522 qui
1267 2452 1464 2523 diligit
1509 2454 1612 2525 qui
1635 2455 1839 2524 genuit
1880 2472 2029 2520 eum,
2057 2456 2117 2511 id
2144 2461 2250 2521 est,

596 2543 846 2606 Patrem,
876 2541 1075 2610 diligit
1106 2556 1235 2597 eum
1265 2542 1367 2613 qui
1386 2544 1618 2611 genitus
1646 2550 1728 2598 est
1755 2558 1830 2600 ex
1876 2544 2023 2613 ipso,
2053 2545 2114 2599 id
2145 2549 2250 2611 est,

602 2629 806 2685 Filium
842 2630 1159 2684 Dominum
1182 2636 1452 2685 nostrum
1475 2632 1677 2686 Jesum
1719 2633 2036 2688 Christum.
2076 2635 2140 2687 Et
2168 2649 2254 2689 se-

594 2720 815 2790 quitur,
849 2717 921 2773 In
982 2717 1090 2773 hoc
1121 2718 1522 2788 cognoscimus
1581 2721 1723 2791 quia
1755 2721 2067 2791 diligimus
2094 2723 2254 2791 ﬁlios

599 2807 732 2876 Dei;
758 2806 931 2879 quasi
956 2806 1223 2860 dicturus
1251 2814 1431 2872 esset,
1459 2812 1518 2862 In
1540 2808 1654 2863 hoc
1676 2811 2095 2879 cognoscimus
2109 2811 2253 2883 quia

595 2896 901 2964 diligimus
921 2895 1126 2950 Filium
1152 2895 1250 2950 Dei
1274 2914 1289 2949 :
1322 2895 1475 2952 ﬁlios
1490 2898 1589 2953 Dei
1607 2897 1771 2965 dixit,
1796 2900 2127 2971 quiFilium
2154 2901 2252 2957 Dei

596 2984 780 3056 paulo
812 2989 947 3040 ante
975 2984 1208 3040 dicebat
1233 2986 1403 3057 ;quia
1430 2986 1529 3042 ﬁlii
1566 2988 1662 3042 Dei
1680 3003 1896 3059 corpus
1922 2993 2063 3044 sunt
2096 2989 2251 3045 unici

600 3073 721 3129 Filii
750 3073 843 3128 Dei
880 3088 894 3139 ;
928 3078 982 3129 et
1002 3088 1141 3128 cum
1166 3072 1260 3129 ille
1291 3079 1493 3145 caput,
1526 3091 1636 3131 nos
1670 3077 1961 3147 membra,
1992 3094 2146 3134 unus
2167 3083 2254 3135 est

598 3160 777 3217 Filius
810 3163 929 3219 Dei.
991 3164 1140 3232 Ergo
1167 3161 1270 3234 qui
1311 3162 1501 3233 diligit
1534 3164 1686 3221 ﬁlios
1736 3165 1858 3232 Dei,
1894 3166 2102 3222 Filium
2150 3167 2252 3223 Dei

596 3250 787 3322 diligit
816 3268 829 3318 ;
862 3256 918 3307 et
971 3251 1075 3322 qui
1105 3251 1294 3320 diligit
1328 3252 1535 3308 Filium
1570 3254 1690 3322 Dei,
1722 3256 1958 3311 Patrem
2014 3256 2247 3326 diligit:

597 3355 706 3396 nec
733 3344 929 3412 potest
953 3340 1281 3412 quisquam
1333 3342 1577 3413 diligere
1604 3346 1855 3409 Patrem,
1889 3344 1999 3400 nisi
2045 3345 2253 3415 diligat

600 3430 806 3486 Filium
837 3431 1036 3502 ;etqui
1066 3430 1704 3503 diligitFilium,diligit
1729 3432 1948 3489 etﬁlios
1965 3435 2252 3501 Dei.Quos

596 3519 749 3575 ﬁlios
782 3518 923 3575 Dei?
949 3519 1210 3575 Membra
1236 3519 1496 3575 FiliiDei.
1534 3525 1597 3577 Et
1617 3523 1922 3593 diligendo
1950 3524 2016 3580 ﬁt
2040 3530 2096 3581 et
2124 3525 2251 3597 ipse

594 3609 958 3675 membrum,
988 3615 1045 3663 et
1073 3608 1137 3664 ﬁt
1159 3614 1264 3680 per
1293 3609 1673 3667 dilectionem
1703 3613 1765 3668 in
1791 3628 2086 3685 compage
2121 3630 2256 3670 cor-

594 3700 755 3769 poris
770 3698 978 3755 Christi
1005 3714 1018 3763 ;
1043 3699 1221 3754 eterit
1248 3715 1400 3754 unus
1422 3700 1686 3757 Christus
1712 3718 1928 3758 amans
1957 3704 2249 3775 seipsum.

595 3787 740 3841 Cum
793 3786 955 3841 enim
980 3802 1042 3840 se
1072 3787 1329 3843 invicem
1356 3796 1565 3846 amant
1614 3791 1907 3859 membra,
1938 3808 2158 3864 corpus
2191 3810 2253 3849 se

596 3880 781 3929 amat.
812 3876 885 3928 Et
910 3875 1205 3943 sipatitur
1225 3892 1407 3933 unum
1432 3880 1780 3949 membrum,
1805 3882 2254 3952 compatiuntur

592 3964 792 4018 omnia
817 3963 1080 4019 membra
1105 3980 1129 4028 ;
1153 3971 1206 4019 et
1233 3965 1282 4019 si
1310 3968 1615 4035 gloriatur
1662 3985 1847 4026 unum
1896 3972 2253 4040 membrum,

595 4052 970 4121 congaudent
1017 4052 1216 4108 omnia
1246 4054 1527 4111 membra.
1564 4058 1623 4112 Et
1675 4057 1822 4128 quid
1850 4066 2089 4115 secutus
2121 4059 2255 4115 ait?

606 4140 715 4196 Vos
767 4147 954 4197 autem
989 4141 1123 4197 estis
1154 4156 1369 4210 corpus
1410 4144 1636 4200 Christi
1667 4152 1718 4202 et
1746 4148 2008 4205 membra
2039 4150 2081 4220 (Ι
2116 4148 2254 4205 Cor.

593 4245 694 4296 xu,
724 4230 814 4295 26,
858 4232 968 4301 27).
1020 4230 1265 4287 Dicebat
1294 4232 1476 4302 paulo
1526 4240 1661 4289 ante
1693 4235 1767 4290 de
1799 4235 2109 4294 dilectione
2144 4237 2258 4294 fra-

594 4322 783 4384 terna,
813 4325 868 4375 et
898 4320 998 4387 ait,
1036 4320 1147 4388 Qui
1174 4336 1292 4376 non
1335 4320 1531 4391 diligit
1557 4324 1819 4392 fratrem
1851 4340 2021 4397 quem
2070 4328 2254 4395 videt,

591 4407 779 4465 Deum
806 4425 975 4480 quem
1007 4425 1125 4465 non
1156 4410 1310 4466 videt
1344 4413 1632 4482 quomodo
1693 4418 1910 4483 poterit
1941 4416 2190 4486 diligere
2216 4418 2257 4488 (Ι

593 4498 769 4555 Joan.
792 4497 1013 4570 iv,20)?
1043 4500 1101 4554 Si
1130 4507 1328 4555 autem
1343 4499 1538 4571 diligis
1562 4501 1823 4567 fratrem,
1853 4503 2257 4561 fortefratrem

593 4584 811 4659 diligis,
840 4593 897 4643 et
926 4588 1220 4644 Christum
1245 4604 1366 4645 non
1394 4590 1589 4661 diligis
1616 4589 1985 4661 ?Quomodo,
2007 4595 2257 4666 quando

593 4678 869 4731 membra
899 4677 1108 4732 Christi
1131 4677 1325 4749 diligis
1348 4679 1375 4734 ?
1401 4682 1545 4736 Cum
1569 4696 1710 4751 ergo
1742 4684 2015 4740 membra
2037 4684 2257 4743 Christi

596 4763 812 4832 diligis,
835 4765 1135 4821 Christum
1165 4767 1389 4838 diligis;
1417 4785 1554 4824 cum
1577 4771 1873 4828 Christum
1906 4772 2125 4843 diligis,
2162 4774 2255 4828 Fi-

590 4851 737 4907 lium
769 4853 869 4906 Dei
900 4854 1129 4922 diligis;
1156 4872 1294 4911 cum
1330 4856 1534 4912 Filium
1568 4860 1666 4913 Dei
1692 4859 1907 4930 diligis,
1934 4867 1989 4917 et
2020 4865 2253 4918 Patrem

591 4940 807 5011 diligis.
841 4940 969 4996 Non
996 4948 1185 5013 potest
1210 4959 1352 5014 ergo
1381 4946 1647 5017 separari
1677 4946 1934 5004 dilectio.
1968 4950 2125 5019 Elige
2153 4952 2256 5007 tibi

589 5030 740 5102 quid
759 5029 974 5100 diligas
999 5045 1011 5095 ;
1039 5038 1371 5103 sequuntur
1398 5039 1451 5087 te
1475 5040 1705 5090 caetera.
1731 5035 1924 5105 Dicas,
1960 5038 2143 5093 Deum
2165 5056 2258 5097 so-

588 5118 717 5175 lum
748 5119 953 5190 diligo,
990 5118 1178 5176 Deum
1207 5122 1454 5176 Patrem.
1476 5122 1731 5178 Mentiris
1760 5140 1772 5177 :
1803 5126 1851 5180 si
1880 5125 2105 5197 diligis,
2134 5143 2253 5185 non

591 5210 790 5266 solum
816 5210 1014 5279 diligis
1046 5212 1060 5245 ¹
1095 5224 1109 5275 ;
1138 5209 1242 5265 sed
1270 5211 1317 5265 si
1339 5209 1534 5282 diligis
1562 5211 1820 5284 Patrem,
1857 5214 2053 5287 diligis
2082 5223 2137 5273 et
2172 5219 2257 5274 Fi-

625 5428 667 5494 f
705 5426 853 5475 Varie
880 5426 1252 5496 legiturqlocus
1279 5427 1366 5496 ille
1400 5429 1545 5496 apud
1574 5430 1795 5496 editos-
1824 5431 1992 5496 Lugd.
2026 5436 2079 5481 et
2116 5432 2249 5483 Ven.

596 5489 669 5556 sic
694 5489 1103 5556 eumexhibent
1131 5505 1162 5556 :_
1193 5489 1617 5556 Mentiris‘Deum
1650 5494 1698 5542 si
1723 5489 1933 5556 diligis:
1953 5510 2059 5544 non
2088 5496 2254 5545 solum

594 5549 754 5620 Reum
784 5550 990 5620 diligis;
1012 5552 1096 5599 sed
1115 5552 1162 5601 si
1182 5553 1363 5620 diligis
1384 5558 1609 5620 Patrem,
1630 5555 1807 5620 diligis
1824 5549 1873 5606 'et
1895 5549 2111 5607 Filium.
2138 5558 2253 5609 Duo

594 5608 724 5678 uss.
745 5608 905 5678 apud
940 5608 1088 5671 Lov.,
1119 5608 1373 5665 mentiris.
1406 5618 1473 5667 Si
1501 5608 1698 5682 diligis,
1728 5608 1839 5668 ἶιοη
1856 5620 2023 5670 solum
2047 5608 2254 5672 Patrem

598 5669 796 5737 diligis.
826 5676 927 5722 etc.
966 5674 1040 5722 Μ.
1070 5732 1077 5737 ⁸
1958 5722 1965 5730 .
2232 5700 2233 5703 η

782 5706 796 5728 υ
826 5685 927 5722 etc.
966 5685 1040 5722 Μ.
1958 5722 1965 5728 .
2232 5700 2233 5703 ‘

1347 159 1416 215 IN
1456 158 1858 216 EPISTOLAM
1898 155 2192 215 JOANNIS
2237 167 2252 213 l

2375 154 2729 224 PARTHOS,
2768 157 2834 213 S.
2877 153 3256 215 AUGUSTINI

3838 164 3947 224 Ἃ)ὃῦ

2362 283 2529 339 lium.
2559 286 2725 353 Ecce,
2753 284 2970 355 inquis,
3004 283 3188 352 diligo
3216 284 3465 346 Patrem,
3493 284 3736 355 etdiligo
3756 288 3950 347 Filium:

2362 372 2468 427 sed
2515 372 2629 428 hoc
2658 372 2874 439 solum,
2923 373 3157 428 Patrem
3201 374 3386 427 Deum
3415 376 3468 428 et
3499 373 3691 429 Filium
3723 377 3879 432 Deum
3903 385 3947 434 et

2362 462 2680 517 Dominum
2704 466 2976 517 nostrum
2996 462 3199 516 Jesum
3224 461 3514 517 Christum
3531 463 3628 534 qui
3653 466 3950 522 ascenditin

2359 550 2565 619 coelos,
2599 555 2653 606 et
2684 549 2847 606 sedet
2889 550 2967 606 ad
2998 549 3305 605 dexteram
3336 550 3540 615 Patris,
3571 551 3706 606 illud
3734 553 3951 611 Verbum

2358 654 2464 711 per
2492 638 2657 711 quod
2680 639 2836 695 facta
2857 644 2994 695 sunt
3018 639 3243 703 omnia,
3276 644 3333 695 et
3354 639 3746 696 Verbumcaro
3769 642 3954 699 factum

2357 732 2467 793 est,
2495 734 2549 783 et
2574 727 2939 784 habitavitin
2969 728 3354 800 nobis(Joan.
3376 745 3414 793 ι,
3439 728 3490 793 3,
3518 729 3602 799 ili)
3628 748 3641 797 ;
3665 729 3769 785 hoc
3793 732 3952 789 solum

2357 816 2557 888 diligo.
2580 816 2830 873 Mentiris
2856 836 2867 875 :
2888 817 3109 872 sienim
3124 818 3319 887 diligis
3332 823 3528 888 caput,
3543 817 3955 887 diligisetmem-

2357 906 2469 960 bra
2496 921 2510 970 ;
2544 905 2810 960 siautem
2841 906 3115 961 membra
3132 921 3251 961 non
3283 905 3498 974 diligis,
3532 920 3636 960 nec
3662 912 3825 977 caput
3845 908 3949 963 dili-

2359 994 2467 1065 gis.
2498 996 2623 1049 Non
2649 995 3001 1065 expavescis
3016 1009 3223 1050 vocem
3246 994 3457 1065 capitis
3477 996 3551 1049 de
3575 994 3718 1050 coelo
3734 995 3955 1052 claman-

2358 1086 2477 1137 tem
2506 1097 2613 1154 pro
2633 1082 3150 1147 membris,Saule,
3169 1082 3525 1154 Saule,quid
3536 1098 3623 1139 me
3633 1086 3957 1155 persequeris

2359 1170 2514 1242 (Act.
2542 1186 2621 1237 lx,
2650 1175 2703 1242 4)
2721 1170 3199 1227 ‘iPersecutorem
3218 1188 3393 1227 suum
3420 1171 3647 1228 vocavit
3671 1180 3955 1244 persecuto-

2358 1274 2484 1315 rem
2521 1258 2932 1314 membrorum
2956 1274 3205 1315 suorum
3231 1276 3243 1325 ;
3271 1259 3612 1315 dilectorem
3642 1276 3803 1315 suum
3819 1277 3960 1317 voca-

2358 1348 2438 1402 vit
2463 1346 2805 1402 dilectorem
2829 1348 3240 1403 membrorum
3271 1362 3539 1403 suorum.
3566 1349 3689 1403 tam
3710 1364 3831 1420 qua:
3852 1355 3963 1404 sunt

2358 1435 2632 1491 membra
2653 1435 2801 1505 ejus,
2835 1435 3041 1499 nostis,
3072 1434 3283 1490 fratres
3307 1452 3320 1501 ;
3345 1437 3474 1505 ipsa
3497 1441 3585 1490 est
3610 1434 3843 1491 Ecclesia
3862 1436 3963 1492 Dei.

2360 1524 2429 1578 In
2461 1523 2569 1579 hoc
2594 1524 2998 1593 cognoscimus
3023 1524 3165 1594 quia
3191 1524 3500 1594 diligimus
3523 1524 3675 1591 ﬁlios
3705 1525 3817 1590 Dei,
3846 1527 3963 1596 quia

2359 1613 2537 1668 Deum
2567 1612 2892 1682 diligimus.
2930 1614 2991 1667 Et
3010 1611 3319 1685 quomodo
3342 1611 3370 1666 ‘l
3398 1615 3527 1667 Non
3550 1612 3705 1668 aliud
3737 1620 3857 1668 sunt
3882 1612 3965 1667 ﬁlii

2361 1700 2482 1769 Dei,
2515 1700 2680 1757 aliud
2713 1704 2863 1757 Deus
2912 1700 2939 1756 ‘t
2972 1701 3085 1757 Sed
3132 1700 3236 1774 qui
3271 1704 3453 1757 Deum
3483 1700 3689 1771 diligit,
3716 1707 3970 1772 praecepta

2359 1790 2490 1860 ejus
2522 1790 2735 1861 diligit.
2768 1793 2831 1845 Et
2856 1805 2991 1862 quae
3022 1795 3478 1861 suntpraecepta
3500 1790 3639 1848 Dei?
3662 1790 3967 1846 Mandatum

2358 1894 2577 1935 novum
2604 1878 2679 1934 do
2707 1878 2889 1944 vobis,
2921 1885 2984 1933 ut
3004 1878 3362 1935 vosinvicem
3387 1878 3658 1950 diligatis
3673 1878 3848 1949 (Joan.
3870 1894 3966 1943 xm,

2360 1969 2473 2035 34).
2520 1967 2707 2023 Nemo
2737 1983 2799 2023 se
2852 1972 3093 2022 excuset
3138 1982 3245 2038 per
3275 1967 3461 2024 aliam
3516 1966 3885 2031 dilectionem,
3912 1966 3971 2022 ad

2359 2056 2539 2113 aliam
2567 2056 2946 2112 dilectionem
2975 2076 2991 2124 ;
3019 2057 3269 2111 omnino
3298 2057 3383 2111 sic
3428 2072 3493 2111 se
3520 2062 3672 2112 tenet
3700 2058 3802 2111 ista
3828 2055 3970 2110 dilec-

2360 2146 2439 2202 tio
2471 2161 2484 2196 :
2517 2146 2828 2217 quomodo
2858 2145 2990 2217 ipsa
3015 2146 3443 2217 compaginata
3489 2150 3577 2201 est
3606 2145 3663 2200 in
3695 2160 3877 2210 unum,
3903 2143 3970 2199 sic

2360 2250 2571 2292 omnes
2597 2250 2727 2307 qum
2758 2249 2823 2289 ex
2852 2234 2952 2289 illa
3003 2234 3281 2306 pendent,
3317 2250 3512 2290 unum
3566 2234 3717 2299 facit,
3750 2240 3801 2289 et
3826 2232 3966 2305 quasi

2359 2308 2580 2380 conﬁat
2602 2323 2731 2379 illos
2754 2323 2927 2393 ignis.
2948 2324 3173 2378 Aurum
3205 2328 3313 2388 est,
3337 2322 3633 2379 conﬂatur
3656 2322 3969 2387 massa,etﬂt

2360 2429 2547 2469 unum
2570 2412 2797 2485 aliquid
2832 2428 2845 2465 :
2871 2411 2976 2467 sed
3009 2411 3121 2466 nisi
3152 2411 3345 2468 fervor
3374 2412 3680 2469 charitatis
3709 2413 3963 2475 accendat,

2357 2517 2428 2557 ex
2457 2501 2653 2557 multis
2682 2500 2742 2555 in
2771 2516 2957 2555 unum
2980 2499 3231 2556 conﬂari
3264 2516 3385 2556 non
3420 2507 3632 2573 potest.
3660 2501 3797 2568 Quia
3822 2501 3963 2554 Deum

2358 2590 2826 2661 diligimus,inde
2837 2588 3238 2660 cognoscimus
3250 2590 3393 2661 quia
3406 2590 3711 2661 diligimus
3721 2590 3859 2657 ﬁlios
3870 2587 3966 2643 Dei.

2429 2682 2482 2734 4.
2503 2678 2739 2733 Etunde
2766 2679 3192 2749 cognoscimus
3206 2679 3349 2750 quia
3361 2679 3675 2751 diligimus
3705 2678 3841 2734 ﬁlios
3861 2674 3966 2731 Dei?

2358 2767 2505 2833 Quia
2535 2769 2717 2823 Deum
2765 2767 3092 2837 diligimus,
3163 2774 3215 2824 et
3242 2777 3550 2838 praecepta
3589 2771 3711 2839 eius
3736 2766 3963 2837 facimus.

2357 2858 2745 2929 Suspiramus
2776 2856 2872 2912 hic
2897 2872 2967 2912 ex
2998 2856 3345 2913 difﬁcultate
3378 2857 3637 2914 faciendi
3662 2860 3966 2928 praeceptum

2362 2947 2482 3004 Dei.
2505 2946 2656 3001 Audi
2672 2945 2819 3017 quid
2837 2951 3143 3018 sequatur,
3174 2946 3968 3019 Homo,quidlaborasaman-

2359 3033 2474 3091 do?
2502 3033 2776 3091 Amando
2799 3034 3113 3091 avaritiam
3137 3036 3177 3088 ί.
3201 3036 3349 3090 Cum
3374 3033 3589 3091 labore
3612 3027 3967 3102 amaturquod

2358 3140 2566 3182 amas:
2599 3125 2724 3179 sine
2753 3123 2959 3179 labore
2989 3130 3228 3179 amatur
3284 3126 3463 3179 Deus.
3496 3122 3748 3180 Avaritia
3768 3122 3965 3193 jussura

2358 3220 2445 3270 est
2476 3213 2733 3278 labores,
2762 3211 3043 3283 pericula,
3077 3212 3336 3278 trituras,
3363 3212 3766 3268 tribulationes
3787 3213 3861 3275 ;et
3882 3204 3963 3261 ob-

2358 3306 2795 3373 temperaturus
2815 3316 2900 3356 es.
2918 3302 3042 3366 Quo
3063 3300 3099 3355 ﬁ
3112 3316 3181 3356 ne
3199 3300 3225 3356 εἰ
3241 3302 3308 3356 Ut
3328 3300 3563 3358 habeas
3588 3300 3736 3355 unde
3761 3294 3963 3369 impleas

2359 3406 2584 3455 arcam,
2616 3389 2834 3461 perdas
2865 3390 3261 3446 securitatem.
3281 3391 3560 3447 Securior
3590 3390 3732 3446 forte
3752 3403 3865 3443 eras
3886 3398 3963 3438 an-

2362 3478 2604 3551 tequam
2645 3478 2921 3546 haberes,
2953 3494 3140 3551 quam
3170 3494 3309 3533 cum
3338 3478 3568 3535 habere
3598 3476 3829 3551 ccepisti.
3854 3475 3964 3529 Ecce

2360 3569 2508 3641 quid
2526 3568 2631 3624 tibi
2656 3567 3131 3638 jussitavaritia:
3162 3567 3425 3639 implesti
3452 3568 3720 3634 domum,
3740 3565 3967 3621 timentur

2360 3658 2621 3713 latrones
2673 3656 3020 3728 ;acquisisti
3049 3672 3285 3721 aurum,
3338 3658 3655 3729 perdidisti
3707 3665 3962 3731 somnum.

2361 3749 2504 3803 Ecce
2534 3746 2681 3819 quid
2707 3745 2811 3801 tibi
2833 3746 3009 3817 jussit
3061 3746 3325 3811 avaritia,
3362 3748 3500 3812 Fac,
3545 3752 3601 3803 et
3626 3745 3819 3801 fecisti.
3849 3735 3964 3806 Quid

2362 3836 2464 3892 tibi
2481 3835 2654 3906 jubet
2683 3835 2837 3890 Deus
2866 3841 2892 3890 ?
2921 3835 3101 3905 Dilige
3148 3850 3265 3890 me.
3300 3838 3535 3891 Aurum
3564 3834 3774 3905 diligis,
3802 3826 3966 3903 quesi-

2362 3929 2530 3980 turus
2559 3940 2621 3979 es
2648 3939 2884 3990 aurum,
2905 3929 2962 3979 et
2978 3923 3127 3979 forte
3166 3938 3286 3979 non
3318 3924 3705 3981 inventurus:
3735 3914 3964 3993 quisquis

2362 4028 2458 4069 me
2487 4012 2722 4085 quierit,
2755 4028 2890 4067 cum
2919 4011 3020 4067 illo
3049 4028 3204 4067 sum.
3256 4014 3587 4069 Amaturus
3617 4029 3678 4067 es
3702 4011 3963 4069 honorem,

2362 4107 2420 4159 et
2451 4102 2602 4158 forte
2633 4117 2754 4157 non
2786 4106 3179 4173 perventurus
3208 4118 3221 4156 :
3254 4102 3390 4175 quis
3417 4118 3513 4159 me
3544 4100 3775 4165 amavit,
3804 4101 3852 4153 et
3876 4104 3967 4148 non

2362 4192 2439 4247 ad
2471 4205 2567 4247 me
2598 4190 2909 4263 pervenit?
2937 4191 3086 4246 Dicit
3114 4191 3214 4246 tibi
3250 4193 3424 4261 Deus,
3449 4192 3762 4248 Patronum
3792 4184 3883 4241 tibi
3898 4180 3969 4235 vis

2363 4281 2576 4347 facere,
2611 4284 2713 4336 aut
2741 4280 3005 4335 amicum
3054 4284 3397 4351 potentem;
3460 4280 3656 4337 ambis
3704 4292 3799 4350 per
3824 4272 3969 4329 alium
4016 4308 4021 4315 .

2362 4368 2723 4425 inferiorem.
2757 4368 2841 4422 Me
2896 4384 3057 4439 ama,
3086 4368 3232 4424 dicit
3284 4369 3387 4425 tibi
3434 4372 3591 4425 Deus
3623 4390 3634 4424 :
3666 4381 3777 4423 non
3811 4360 3877 4419 ad
3897 4368 3969 4412 me

2364 4458 2627 4515 ambitur
2645 4474 2747 4529 per
2760 4456 3021 4530 aliquem
3044 4473 3062 4527 ;
3088 4458 3217 4529 ipse
3240 4473 3413 4513 amor
3428 4461 3770 4530 prmsentem
3789 4465 3869 4507 me
3887 4441 3970 4501 tibi

2365 4546 2524 4603 facit.
2553 4546 2706 4612 Quid
2727 4545 2961 4602 dulcius
2991 4546 3457 4612 dilectioneista,
3482 4543 3845 4603 fratresiNon
3872 4538 3970 4590 sine

2365 4651 2549 4693 causa
2564 4635 2745 4691 modo
2757 4635 3009 4690 audistis
3023 4635 3080 4690 in
3098 4635 3595 4701 Psalmo,fratres,
3610 4634 3668 4689 Ν
3668 4626 3967 4688 erraverunt

2363 4725 2513 4781 mihi
2538 4724 2746 4795 injusti
2759 4724 3174 4781 delectationes
3194 4726 3326 4791 ;sed
3345 4741 3461 4780 non
3487 4728 3639 4780 sicut
3665 4714 3968 4779 lextua,Do-

2363 4814 2518 4870 mine
2546 4814 2733 4883 (Psal.
2759 4829 2944 4879 cxvm,
2968 4813 3078 4885 85).
3111 4815 3253 4880 Quae.
3278 4818 3366 4870 est
3389 4815 3486 4871 lex
3520 4813 3662 4869 Dei?
3680 4806 3967 4865 Mandatum

2366 4902 2483 4958 Dei.
2501 4902 2673 4968 Quod
2711 4908 2795 4959 est
2814 4902 3171 4959 mandatum
3189 4902 3327 4959 Dei?
3359 4907 3589 4959 Novum
3612 4899 3749 4958 illud
3765 4890 3968 4953 manda-

2364 4990 2680 5063 tum,quod
2694 4990 2829 5047 ideo
2844 5006 3067 5047 novum
3081 4991 3317 5059 dicitur,
3331 4991 3477 5064 quia
3490 4993 3729 5046 innovat
3742 5004 3755 5042 :
3770 4977 3969 5040 Manda-

2365 5087 2481 5137 tum
2494 5097 2704 5137 novum
2720 5082 2794 5136 do
2814 5080 3059 5151 vobis,ut
3072 5098 3165 5138 vos
3180 5083 3416 5138 invicem
3430 5074 3847 5153 diligatis.Audi
3860 5066 3972 5143 quia

2363 5170 2497 5242 ipsa
2514 5177 2603 5226 est
2614 5169 2707 5225 lex
2720 5170 2846 5225 Dei:
2868 5171 3189 5241 Apostolus
3203 5170 3437 5237 dicit,In
3446 5170 3625 5226 vicem
3639 5177 3805 5223 onera
3819 5162 3969 5216 vestra

2356 5241 2671 5329 portate,et
2682 5261 2767 5314 sic
2780 5259 3099 5330 adimplebi
3103 5260 3173 5316 tis
3188 5260 3364 5331 legem
3383 5258 3613 5315 Christi
3624 5258 3643 5327 (
3651 5241 3965 5313 Galat.v:,2)-

2362 5350 3053 5420 lpsaestconsummatio
3075 5349 3347 5405 omnium
3374 5362 3625 5419 operum
3652 5345 3964 5400 nostrorum.

2361 5436 2707 5493 dilectio.[bi
2723 5442 2811 5493 est
2826 5437 2963 5493 ﬁnis
2979 5453 2991 5491 :
3009 5434 3679 5510 propterhoccurrimus
3696 5428 3790 5499 ;ad
3803 5428 3965 5497 ipsum

2420 5562 2433 5592 ¹
2465 5560 2549 5610 Sic
2572 5561 2702 5615 Lov.
2725 5576 2735 5610 :
2760 5561 2907 5611 homo
2938 5561 3029 5615 aui
3065 5564 3268 5612 laboras
3292 5560 3513 5611 amando
3567 5554 3847 5607 avaritiam.
3877 5554 3967 5615 ςαίι

2360 5623 2553 5689 labore.
2582 5622 2666 5689 Er.
2690 5612 2872 5689 Lugd.
2910 5612 3073 5683 Ven”
3110 5626 3257 5676 homo
3288 5624 3371 5689 qui
3419 5620 3706 5675 laborabas,
3743 5612 3968 5667 stotelem

2254 5728 2257 5731 .
2360 5689 2423 5736 ut
2449 5686 2585 5742 Lov.
2620 5686 2698 5737 Μ.
