4182 6198
220 220 363 282 2057

219 351 518 408 currimus
550 366 564 415 ;
594 364 731 405 cum
770 349 1110 406 venerimus
1138 350 1216 407 ad
1237 366 1371 407 eam
1404 351 1876 424 requiescemus.

295 442 349 495 5.
382 438 647 496 Audistis
696 439 758 495 in
801 439 1056 506 Psalmo,
1112 440 1311 497 Omnis
1368 441 1882 497 consummationis

220 530 345 586 vidi
366 530 547 595 finem
586 528 772 601 (Psal.
804 545 993 597 cxvm,
1028 530 1145 601 96).
1182 530 1353 599 Dixit,
1389 530 1592 586 Omnis
1617 545 1881 586 consum-

219 619 501 676 mationis
529 617 653 674 vidi
680 619 853 689 ﬁnem
883 639 903 675 :
935 619 1084 691 quid
1115 619 1339 676 viderat
1365 620 1474 675 iste
1503 618 1531 673 (ἲ
1570 620 1877 684 Putamus,

222 707 579 766 ascenderat
604 707 665 762 in
691 706 973 763 verticem
1000 708 1254 781 alicujus
1285 707 1555 765 altissimi
1586 707 1802 763 montis
1827 713 1882 763 et

222 796 575 861 acutissimi,
595 800 651 851 et
663 801 1066 867 perspexerat,
1081 802 1137 853 et
1152 797 1382 853 viderat
1396 796 1691 854 ambitum
1712 801 1882 852 terre

222 891 281 944 et
302 884 555 941 circulos
577 884 736 941 orbis
766 885 1026 941 universi
1054 903 1068 951 ;
1089 890 1148 942 et
1175 886 1306 941 ideo
1327 886 1492 951 dixit,
1534 886 1730 942 Omnis
1750 901 1878 941 con-

222 974 636 1031 summationis
663 974 792 1030 vidi
811 975 981 1043 ﬁnem
1006 974 1033 1029 ?
1066 974 1120 1031 Si
1138 974 1252 1031 hoc
1280 974 1582 1030 laudabile
1602 978 1708 1040 est,
1738 990 1881 1030 ocu-

226 1063 317 1120 los
348 1062 546 1119 carnis
569 1079 915 1135 queramus
938 1079 974 1120 a
1008 1064 1258 1119 Domino
1283 1068 1407 1120 tam
1440 1069 1670 1130 acutos,
1705 1062 1882 1119 utali-

231 1168 415 1225 quem
446 1152 922 1208 excelsissimum
954 1157 1244 1219 montem,
1273 1154 1377 1224 qui
1403 1157 1492 1208 est
1518 1152 1769 1217 interra,
1796 1167 1884 1207 re-

225 1241 558 1315 quiramus,
619 1241 694 1297 de
733 1242 906 1313 cujus
968 1242 1283 1298 cacumine
1335 1242 1647 1297 videamus
1686 1241 1883 1297 omnis

224 1330 767 1387 consummationis
796 1330 1000 1386 ﬁnem.
1034 1331 1159 1386 Noli
1203 1332 1287 1387 ire
1316 1330 1493 1401 longe
1530 1349 1545 1384 :
1586 1345 1722 1386 ecce
1748 1329 1883 1385 dico

222 1419 615 1486 tibi,ascende
629 1418 691 1474 in
706 1424 972 1475 montem
982 1419 1202 1490 ,etvide
1214 1419 1690 1477 ﬁnem.Christus
1706 1434 1882 1476 mons

224 1515 365 1577 est;
410 1509 539 1564 veni
589 1508 666 1565 ad
711 1508 1029 1574 Christum,
1077 1508 1246 1564 vides
1290 1508 1430 1564 inde
1468 1508 1649 1563 ﬁnem
1688 1508 1884 1564 omnis

222 1597 781 1654 consummationis.
815 1596 956 1663 Quis
972 1598 1185 1653 estiste
1210 1597 1342 1653 ﬁnis
1365 1596 1393 1651 ‘i
1425 1597 1677 1654 Paulum
1707 1596 1876 1653 inter-

222 1700 373 1757 roga
415 1705 429 1742 :
463 1686 627 1743 Finis
658 1692 856 1742 autem
888 1686 1174 1755 praecepti
1202 1692 1286 1743 est
1316 1686 1583 1743 charitas
1612 1686 1683 1743 de
1711 1685 1888 1741 corde

219 1791 403 1846 puro,
434 1781 487 1832 et
529 1776 891 1831 conscientia
921 1774 1097 1841 bona,
1124 1782 1179 1832 et
1206 1776 1319 1844 ﬁde
1346 1791 1467 1831 non
1496 1775 1632 1845 ﬁcta
1660 1775 1703 1846 (l
1738 1774 1884 1830 Tim.

226 1883 264 1931 ι,
298 1865 353 1936 5)
383 1880 403 1930 ;
431 1868 489 1921 et
516 1864 632 1920 alio
663 1863 819 1933 loco,
850 1864 1173 1920 Plenitudo
1210 1871 1408 1921 autem
1457 1865 1591 1935 legis
1620 1863 1887 1920 charitas

222 1955 415 2025 (Rom.
461 1968 583 2019 xm,
644 1952 752 2023 tO).
787 1952 941 2018 Quid
977 1960 1099 2009 tam
1129 1952 1367 2009 ﬁnitum
1406 1957 1464 2009 et
1503 1953 1886 2009 terminatum

222 2057 411 2115 quam
427 2041 733 2113 plenitudo
745 2040 775 2094 ‘?
791 2042 1038 2109 Etenim,
1050 2040 1475 2106 fratres,ﬁnem
1491 2041 1665 2114 ponit
1680 2040 1888 2097 lauda-

224 2130 439 2187 biliter.
468 2128 654 2187 Nolite
674 2134 884 2202 putare
904 2130 1452 2202 consumptionem,
1478 2130 1583 2186 sed
1605 2145 1889 2186 consum-

226 2219 578 2277 mationem.
627 2219 808 2275 Aliter
859 2220 1020 2275 enim
1078 2219 1311 2287 dicitur,
1376 2220 1564 2276 Finivi
1617 2235 1887 2292 panem;

225 2310 417 2374 aliter,
451 2308 636 2364 Finivi
658 2309 943 2365 tunicam.
976 2309 1160 2365 Finivi
1178 2325 1401 2381 panem
1418 2309 1884 2378 manducando;

222 2398 393 2458 ﬁnivi
429 2398 689 2454 tunicam
723 2398 1063 2454 intexendo.
1097 2401 1164 2454 Et
1188 2398 1269 2454 ibi
1308 2398 1442 2454 ﬁnis
1464 2402 1656 2468 sonat,
1691 2403 1747 2454 et
1774 2397 1889 2454 illic

227 2487 362 2543 ﬁnis
395 2491 571 2543 sonat
603 2504 616 2541 :
643 2486 750 2543 sed
774 2491 973 2543 tamen
989 2487 1164 2558 panis
1178 2487 1381 2543 ﬁnitur
1396 2491 1461 2542 ut
1486 2490 1886 2553 consumatur,

228 2577 432 2634 tunica
464 2576 663 2632 ﬁnitur
681 2580 1211 2632 utconsummetur
1232 2592 1246 2643 ;
1264 2576 1437 2647 panis
1457 2575 1663 2632 ﬁnitur
1684 2579 1749 2631 ut
1765 2591 1890 2631 non

226 2667 324 2732 sit,
370 2666 566 2721 tunica
595 2664 800 2720 ﬁnitur
853 2670 915 2720 ut
943 2664 1212 2737 perfecta
1242 2665 1333 2721 sit.
1367 2668 1519 2736 Ergo
1563 2665 1647 2720 sic
1689 2664 1889 2721 audite

230 2753 759 2827 ﬁnem,etquando
776 2754 990 2825 legitur
1005 2754 1363 2820 Psalmus,et
1379 2754 1699 2820 auditis,In
1715 2755 1887 2822 ﬁnem

231 2844 506 2901 Psalmus
532 2844 746 2901 David.
770 2843 1024 2899 Assidue
1054 2842 1272 2899 auditis
1293 2844 1409 2899 hoc
1440 2842 1502 2898 in
1532 2842 1801 2909 Psalmis,
1834 2847 1891 2898 et

232 2932 467 2990 debetis
514 2948 690 2989 nosse
744 2933 908 3005 quod
938 2933 1178 2989 auditis.
1210 2932 1371 2998 Quid
1406 2935 1515 3000 est,
1565 2933 1628 2986 in
1651 2932 1830 2999 ﬁnem
1862 2930 1892 2983 ‘2

230 3022 406 3079 Finis
450 3023 604 3078 enim
635 3022 807 3092 Legis
841 3022 1114 3078 Christus
1142 3026 1247 3085 est,
1290 3020 1372 3076 ad
1397 3020 1702 3089 justitiam
1732 3018 1894 3076 omni

233 3112 497 3169 credenti
512 3112 624 3184 (Id.
659 3128 714 3176 x,
742 3112 824 3183 4).
859 3111 928 3166 Et
944 3111 1089 3183 quid
1108 3110 1373 3179 est,ﬁnis
1397 3109 1669 3166 Christus
1698 3108 1892 3174 ?Quia

236 3201 508 3259 Christus
540 3203 719 3266 Deus,
749 3204 804 3256 et
843 3200 979 3255 ﬁnis
1031 3199 1313 3272 precepti
1342 3197 1623 3263 charitas,
1655 3201 1712 3253 et
1737 3197 1891 3252 Deus

235 3289 501 3347 charitas
531 3304 544 3341 :
575 3288 719 3360 quia
769 3290 934 3344 Pater
958 3291 1015 3343 et
1043 3286 1225 3342 Filius
1267 3290 1323 3343 et
1358 3284 1613 3359 Spiritus
1649 3289 1892 3341 sanctus

236 3394 432 3437 unum
446 3383 600 3435 sunt.
636 3377 721 3433 lbi
748 3376 1006 3433 tibiﬁnis
1037 3381 1126 3433 est
1152 3396 1163 3435 :
1198 3376 1340 3433 alibi
1364 3376 1461 3433 via
1492 3380 1597 3432 est.
1627 3374 1753 3432 Noli
1773 3374 1892 3430 he-

231 3483 367 3527 rere
396 3467 458 3523 in
481 3467 596 3533 via,
615 3471 803 3522 etnon
822 3466 1132 3538 pervenire
1144 3464 1441 3522 adﬁnem.
1474 3465 1563 3520 Ad
1592 3463 1890 3537 quidquid

233 3555 401 3615 aliud
429 3554 687 3622 veneris,
718 3554 901 3611 transi
923 3570 1237 3627 usquequo
1266 3555 1577 3626 pervenias
1594 3553 1672 3610 ad
1694 3552 1901 3609 ﬁnem.

236 3646 394 3712 Quid
423 3650 511 3702 est
538 3643 676 3700 ﬁnis
708 3644 737 3700 7
772 3644 920 3701 Mihi
947 3651 1145 3701 autem
1191 3643 1502 3701 adherere
1542 3642 1657 3700 Deo
1687 3643 1901 3698 bonum

234 3742 319 3794 est
348 3734 531 3808 (Psal.
583 3749 761 3799 Lxxu,
795 3732 906 3804 28).
952 3732 1267 3789 Adhesisti
1308 3733 1449 3799 Deo,
1476 3731 1661 3787 ﬁnisti
1693 3732 1853 3787 viam
1881 3748 1899 3802 ;

235 3820 623 3897 permanebis
651 3821 712 3876 in
743 3820 961 3892 patria.
1001 3820 1310 3876 Intendite.
1337 3819 1660 3876 Pecuniam
1686 3817 1903 3890 aliquis

234 3911 471 3985 querit;
487 3925 611 3967 non
624 3909 812 3965 sittibi
828 3909 1175 3965 ﬁnisztransi
1192 3911 1209 3945 ¹
1228 3914 1521 3981 tanquam
1536 3907 1903 3980 peregrinus.

236 4002 452 4068 Quere
475 3999 579 4056 ubi
611 4003 905 4064 transeas,
950 4013 1073 4054 non
1110 3997 1214 4054 ubi
1254 4012 1592 4054 remaneas.
1621 3997 1677 4053 Si
1703 4000 1905 4054 autem

235 4105 435 4158 amas,
455 4104 562 4161 per
587 4087 898 4145 avaritiam
920 4086 1262 4160 implicatus
1279 4103 1376 4143 es:
1407 4086 1511 4142 erit
1531 4085 1635 4143 tibi
1658 4084 1908 4143 avaritia

236 4186 455 4236 catena
470 4178 722 4250 pedum;
741 4176 893 4233 ultra
913 4176 1194 4248 progredi
1213 4191 1333 4232 non
1352 4176 1746 4248 potes.Transi
1766 4189 1907 4244 ergo

237 4268 453 4333 ethoc;
472 4266 1159 4339 quereﬁnem.Salutem
1179 4265 1449 4338 corporis
1463 4264 1908 4337 queris,adhuc

237 4356 364 4415 noli
389 4356 469 4412 ibi
489 4372 817 4412 remanere.
839 4356 978 4421 Que
996 4364 1084 4411 est
1117 4356 1278 4411 enim
1295 4355 1409 4411 ista
1429 4355 1590 4410 salus
1613 4354 1904 4424 corporis,

238 4462 380 4520 que
396 4450 584 4501 morte
600 4446 1067 4517 perimitur,que
1081 4444 1434 4515 egritudine
1449 4441 1909 4503 debilitatur.fri-

239 4534 403 4599 vola,
437 4534 725 4598 mortalis,
754 4532 921 4590 ﬂuxa
949 4535 978 4590 ?
1014 4534 1223 4598 Quere
1268 4532 1455 4597 illam,
1506 4548 1582 4587 ne
1620 4531 1911 4601 impediat

242 4623 395 4681 forte
419 4622 697 4679 morbida
723 4622 1005 4678 valetudo
1036 4637 1220 4693 opera
1254 4627 1355 4677 tua
1386 4622 1571 4677 bona.
1606 4624 1756 4690 Ergo
1787 4636 1906 4675 non

243 4719 339 4769 est
355 4713 438 4768 ibi
460 4712 598 4767 ﬁnis
619 4728 633 4778 ;
656 4711 799 4784 quia
816 4720 1059 4783 propter
1080 4710 1241 4766 aliud
1266 4711 1573 4783 queritur.
1608 4710 1909 4781 Quidquid

244 4808 488 4875 propter
516 4800 678 4857 aliud
708 4800 1014 4871 queritur,
1034 4814 1154 4855 non
1183 4806 1273 4854 est
1302 4799 1384 4855 ibi
1412 4800 1580 4857 ﬁnis:
1615 4798 1910 4871 quidquid

244 4896 494 4964 propter
521 4904 583 4946 se
612 4894 668 4945 et
692 4889 876 4960 gratis
906 4889 1218 4959 queritur,
1252 4887 1335 4943 ibi
1365 4892 1456 4944 est
1491 4888 1652 4942 ﬁnis.
1685 4887 1911 4952 Queris

244 4980 547 5045 honores;
578 4977 725 5034 forte
751 4977 830 5033 ad
861 4977 1089 5049 aliquid
1113 4977 1417 5047 agendum
1444 4975 1691 5050 queris,
1726 4981 1787 5031 ut
1814 4992 1912 5047 pe-

246 5083 431 5140 ragas
452 5066 703 5140 aliquid,
722 5072 785 5122 ut
804 5065 1041 5139 placeas
1068 5069 1220 5122 Deo:
1246 5066 1367 5121 noli
1395 5067 1588 5138 ipsum
1620 5065 1912 5120 honorem

248 5171 483 5224 amare,
525 5172 601 5213 ne
629 5155 709 5211 ibi
746 5170 1084 5212 remaneas.
1117 5144 1345 5221 Queris
1381 5154 1623 5210 laudem
1646 5153 1674 5211 ‘i
1721 5154 1778 5209 Si
1810 5152 1912 5207 Dei

246 5243 497 5318 queris,
522 5244 675 5300 bene
699 5243 881 5299 facis:
913 5244 962 5299 si
992 5250 1158 5299 tuam
1182 5244 1420 5315 queris,
1453 5242 1606 5298 male
1628 5241 1914 5309 facis;re-

252 5348 469 5393 manes
490 5333 549 5388 in
596 5331 708 5387 via.
744 5332 859 5388 Sed
889 5347 1024 5388 ecce
1050 5332 1276 5387 amaris
1308 5336 1392 5397 tu,
1437 5330 1704 5387 laudaris
1735 5346 1748 5384 :
1790 5328 1912 5385 noli

252 5421 803 5496 gratuloriquando
821 5421 879 5476 in
900 5426 951 5477 te
967 5420 1235 5477 laudaris
1255 5436 1269 5487 ;
1290 5421 1538 5477 laudare
1556 5420 1615 5475 in
1638 5418 1910 5488 Domino,

255 5516 323 5573 ut
349 5517 577 5579 cantes,
609 5511 675 5567 In
704 5509 945 5566 Domino
967 5504 1311 5567 laudabitur
1334 5510 1535 5567 anima
1564 5524 1695 5566 mea
1724 5508 1911 5580 (Psal.

316 5678 447 5729 *Er.
485 5677 652 5743 Lugd.
678 5682 737 5743 et.
762 5677 948 5743 Yen,
970 5693 1078 5743 non
1119 5679 1185 5729 sit
1220 5678 1295 5727 ibi
1327 5679 1463 5740 ﬁnis.
1505 5678 1727 5729 Transit.
1765 5676 1914 5734 Lov.,

256 5757 364 5794 non
383 5743 451 5794 sit
482 5741 561 5792 ibi
574 5741 726 5805 'ﬁnis.
759 5741 968 5791 Transi.
995 5741 1064 5791 Μ.

551 5830 797 5890 Panos.
831 5829 1065 5891 XXXV.

1477 213 1902 282 TRACTATUS
1942 220 2012 281 X.
2053 222 2282 282 CAPUT
2320 220 2390 285 ν.

3499 236 3638 296 2058

1986 367 2186 417 xxxm,
2210 352 2288 423 3).
2324 355 2672 411 Sermonem
2700 355 2962 428 aliquem
2994 352 3225 414 bonum
3256 359 3422 429 dicis,
3447 369 3502 420 et
3526 365 3649 423 lau.

1986 439 2165 496 datur
2189 457 2387 498 sermo
2402 447 2535 498 tuus
2555 444 2582 499 i
2605 446 2730 499 Non
2753 445 3030 501 laudetur
3050 448 3227 519 quasi
3253 453 3535 516 tuus,non
3560 458 3649 508 est

1985 528 2068 584 ibi
2094 528 2249 585 ﬁnis.
2280 531 2337 587 Si
2364 531 2445 587 ibi
2470 533 2644 603 ponis
2672 532 2875 599 ﬁnem,
2910 534 3135 590 ﬁniris:
3166 537 3272 592 sed
3304 553 3426 593 non
3460 539 3648 596 ﬁniris

1986 617 2162 688 quasi
2175 618 2640 689 perﬁciaris,sed
2656 620 2843 676 ﬁniris
2861 628 2920 677 ut
2936 637 3189 680 consum
3200 626 3336 681 aris.
3363 629 3515 696 Ergo
3528 643 3651 683 non

1985 704 2263 762 laudetur
2273 723 2460 764 sermo
2477 713 2614 764 tuus
2629 710 2801 781 quasi
2815 712 2923 766 abs
2936 714 3190 784 te,quasi
3208 719 3266 770 tu
3277 716 3487 771 us.Sed
3503 732 3653 789 quo-

1989 795 2172 851 modo
2186 796 2462 853 laudetur
2478 798 2506 855 7
2528 799 2843 863 Quomodo
2857 800 3382 869 dicitPsalmus,In
3400 807 3513 862 Deo
3533 808 3651 861 lau-

1988 883 2141 941 dabo
2160 900 2505 951 sermonem,
2530 887 2594 942 in
2617 889 2739 945 Deo
2764 889 3014 945 laudabo
3036 891 3269 948 verbum
3298 894 3325 949 ?
3349 896 3427 949 Ex
3453 894 3566 950 hoc
3588 894 3653 951 ﬁt

1992 972 2168 1029 utﬁat
2188 975 2247 1029 in
2263 979 2318 1029 te
2339 975 2503 1046 quod
2522 978 2888 1048 sequitur,In
2904 979 3021 1035 Deo
3041 981 3297 1049 speravi,
3312 998 3426 1037 non
3446 983 3651 1039 timebo

1988 1062 2134 1132 quid
2147 1063 2335 1132 faciat
2356 1064 2504 1120 mihi
2525 1064 2691 1121 homo
2714 1068 2895 1137 (Psal.
2918 1084 3007 1133 Lv,
3034 1070 3467 1139 5,11).Quando
3486 1071 3650 1127 enim

1989 1151 2197 1208 omnia
2222 1157 2322 1208 tua
2345 1154 2405 1209 in
2429 1155 2548 1210 Deo
2572 1154 2916 1225 laudantur,
2941 1174 3063 1213 non
3088 1159 3327 1215 timetur
3346 1175 3420 1215 ne
3445 1164 3652 1231 pereat

1988 1238 2121 1296 laus
2141 1244 2271 1312 tua;
2288 1243 2565 1313 quianon
2586 1243 2972 1300 deﬁcitDeus.
2995 1249 3145 1316 Ergo
3159 1248 3340 1303 transi
3357 1253 3410 1304 et
3426 1249 3650 1321 ipsam.

2062 1330 2114 1385 6.
2133 1330 2357 1396 Videte,
2373 1330 2603 1400 fratres,
2626 1336 2857 1403 quanta
2871 1335 3278 1400 transimus,in
3293 1337 3512 1409 quibus
3525 1353 3648 1394 non

1991 1424 2077 1475 est
2106 1419 2261 1478 ﬁnis.
2292 1420 2390 1475 His
2412 1421 2636 1476 utimur
2662 1421 2838 1493 quasi
2867 1423 2929 1477 in
2950 1424 3073 1490 via;
3105 1426 3277 1495 quasi
3302 1425 3362 1480 in
3394 1428 3651 1483 mansio-

1989 1511 2170 1567 nibus
2185 1510 2559 1567 stabulorum
2595 1512 2916 1579 reﬁcimur,
2933 1519 2988 1569 et
3006 1515 3358 1572 transimus.
3374 1517 3484 1571 Ubi
3506 1532 3649 1587 ergo

1989 1599 2129 1655 ﬁnis
2146 1599 2173 1654 εἰ
2194 1601 2592 1668 Dilectissimi,
2611 1602 2728 1670 ﬁlii
2751 1603 2857 1658 Dei
2870 1618 3094 1669 sumus,
3111 1610 3162 1659 et
3186 1604 3443 1661 nondum
3467 1621 3654 1675 appa-

1992 1689 2113 1744 ruit
2139 1688 2285 1760 quid
2307 1689 2527 1745 erimus
2551 1706 2575 1754 ;
2592 1690 2695 1745 hic
2720 1690 2941 1746 dictum
2965 1696 3051 1747 est
3074 1694 3115 1757 ¹,
3144 1693 3203 1748 in
3225 1693 3341 1749 hac
3370 1693 3649 1765 Epistola.

1992 1777 2200 1832 Adhuc
2217 1792 2360 1847 ergo
2382 1778 2441 1832 in
2464 1778 2557 1833 via
2583 1794 2822 1845 sumus;
2846 1779 3045 1836 adhuc
3065 1796 3451 1853 quocumque
3473 1798 3651 1838 vene-

1990 1864 2206 1932 rimus,
2222 1865 2471 1921 transire
2485 1865 3127 1940 debemus,usquequo
3146 1872 3563 1939 perveniamus
3576 1872 3655 1927 ad

1993 1954 2255 2026 aliquem
2286 1954 2465 2010 ﬁnem
2478 1956 2654 2011 .Scim
2664 1972 2730 2011 us
2743 1957 2881 2027 quia
2894 1973 3025 2014 cum
3048 1959 3420 2027 apparuerit,
3437 1960 3655 2017 similes

1994 2045 2050 2101 ei
2070 2045 2599 2116 erimus,quoniam
2619 2044 2936 2102 videbimus
2962 2061 3093 2102 eum
3114 2048 3293 2103 sicuti
3312 2054 3395 2104 est
3418 2050 3461 2121 (Ι
3478 2050 3651 2105 Joan.

1994 2148 2073 2202 ιιι,
2107 2132 2183 2203 2).
2209 2133 2319 2188 Iste
2348 2132 2518 2199 ﬁnis;
2561 2133 2641 2188 ibi
2674 2138 2961 2205 perpetua
2989 2134 3275 2201 laudatio,
3304 2136 3386 2192 ibi
3415 2152 3653 2209 semper

1994 2220 2240 2278 Alleluia
2295 2222 2422 2277 sine
2463 2221 2718 2278 defectu.
2762 2225 2908 2293 Ergo
2941 2222 3142 2294 ipsum
3186 2224 3367 2279 ﬁnem
3405 2226 3554 2281 dixit
3594 2227 3655 2280 in

1996 2310 2256 2377 Psalmo,
2282 2310 2483 2365 Omnis
2504 2311 3022 2366 consummationis
3036 2312 3155 2367 vidi
3177 2313 3366 2379 ﬁnem.
3384 2316 3450 2368 Et
3475 2309 3654 2385 quasi

1996 2398 2554 2463 dicereturilli,Quis
2568 2398 2804 2455 estﬁnis
2817 2416 2997 2471 quem
3013 2400 3469 2458 vidisti?Latum
3487 2418 3658 2459 man-

1996 2486 2204 2542 datum
2236 2490 2402 2543 tuum
2430 2488 2605 2543 valde
2637 2487 2826 2559 (Psal.
2856 2504 3050 2554 cxvm,
3074 2490 3186 2560 96).
3216 2493 3346 2559 ipse
3376 2495 3464 2545 est
3495 2490 3655 2557 ﬁnis,

1994 2573 2249 2629 latitudo
2263 2574 2835 2631 mandati.Latitudo
2851 2577 3115 2633 mandati
3132 2577 3386 2633 charitas
3399 2579 3659 2651 est;quia

1997 2662 2100 2717 ubi
2128 2666 2213 2717 est
2246 2662 2526 2728 charitas,
2551 2678 2673 2719 non
2701 2668 2838 2719 sunt
2864 2665 3175 2734 angustie.
3209 2666 3271 2721 In
3312 2667 3444 2737 ipsa
3467 2666 3659 2722 latitu-

1996 2750 2135 2807 dine
2159 2751 2638 2822 eratApostolus,
2658 2767 2797 2807 cum
2825 2751 3063 2820 diceret,
3090 2752 3162 2808 0s
3190 2760 3461 2810 nostrum
3491 2759 3659 2824 patet

1997 2840 2073 2898 ad
2102 2854 2268 2903 vos,o
2293 2840 2633 2911 Corinthii;
2653 2855 2757 2895 cor
2776 2849 3041 2897 nostrum
3053 2842 3372 2900 dilalalum
3398 2850 3511 2900 est:
3535 2860 3653 2900 non

1998 2928 2409 2998 angustamini
2428 2928 2492 2983 in
2520 2928 2687 2984 nobis
2720 2929 2785 3000 (ll
2821 2928 2959 2985 Cor.
2989 2947 3064 2996 Vl,
3105 2932 3313 3002 ll-l2).
3342 2932 3475 2989 [deo
3516 2947 3659 3001 ergo

2001 3018 2191 3074 latum
2209 3017 2559 3073 mandatum
2590 3023 2755 3073 tuum
2775 3017 2967 3075 valde.
2990 3019 3159 3083 Quod
3176 3025 3266 3076 est
3281 3020 3469 3077 latum
3492 3037 3661 3077 man-

2000 3106 2211 3163 datum
2238 3107 2266 3163 7
2280 3107 2638 3162 Mandatum
2652 3122 2869 3163 novum
2889 3108 2963 3163 do
2980 3109 3161 3175 vobis,
3188 3117 3254 3165 ut
3282 3126 3379 3167 vos
3404 3112 3659 3168 invicem

1998 3195 2287 3265 diligatis.
2329 3194 2596 3251 Charitas
2650 3210 2793 3265 ergo
2824 3211 2947 3251 non
2986 3202 3359 3265 angustatur.
3391 3199 3489 3254 Vis
3536 3214 3659 3254 non

1999 3282 2309 3354 angustari
2340 3282 2399 3338 in
2427 3289 2581 3340 terra
2601 3283 2630 3340 ‘i
2656 3283 2720 3338 In
2750 3283 2870 3339 lato
2901 3283 3133 3340 habita.
3165 3286 3468 3356 Quidquid
3499 3287 3660 3342 enim

1997 3372 2105 3428 tibi
2136 3372 2337 3428 fecerit
2362 3372 2568 3438 homo,
2601 3387 2723 3428 non
2746 3377 2799 3428 te
2831 3377 3146 3443 angustat;
3179 3376 3324 3447 quia
3345 3374 3493 3432 illud
3529 3374 3662 3430 dili-

1999 3460 2091 3532 gis
2104 3460 2270 3532 quod
2284 3476 2404 3517 non
2418 3461 2775 3517 nocethomo
2790 3477 2803 3516 :
2816 3464 2997 3516 Deum
3013 3461 3662 3534 diligis,fraternitatem

2007 3548 2428 3619 diligis,legem
2456 3548 3115 3619 Deidiligis,Ecclesiam
3131 3553 3231 3607 Dei
3248 3552 3443 3622 diligis
3470 3575 3481 3617 ;
3507 3568 3664 3608 sem-

2008 3637 2240 3710 piterna
2285 3639 2414 3693 erit.
2464 3637 2731 3694 Laboras
2766 3640 2827 3694 in
2875 3644 3045 3706 terra,
3080 3640 3185 3695 sed
3237 3642 3542 3712 pervenies
3584 3641 3663 3697 ad

2008 3726 2265 3783 fructum
2283 3727 2671 3799 promissum.
2695 3728 2835 3793 Quis
2858 3728 2959 3784 tibi
2973 3728 3128 3787 tollit
3148 3729 3311 3801 quod
3338 3729 3534 3801 diligis
3557 3730 3585 3788 ?
3605 3730 3659 3787 Si

2012 3832 2192 3872 nemo
2214 3816 2363 3873 tollit
2391 3815 2494 3871 tibi
2532 3816 2698 3887 quod
2722 3816 2934 3888 diligis,
2970 3832 3214 3874 securus
3232 3818 3461 3875 dormis
3493 3837 3507 3874 :
3540 3819 3667 3875 imo

2013 3920 2261 3962 securus
2292 3903 2528 3974 vigilas,
2545 3919 2621 3960 ne
2640 3904 3000 3962 dormiendo
3022 3907 3239 3978 perdas
3255 3908 3421 3979 quod
3448 3908 3665 3980 diligis.

2011 3996 2139 4050 Non
2168 3993 2326 4049 enim
2354 3992 2566 4049 frustra
2591 3993 2819 4050 dictum
2847 3998 2954 4060 est,
2974 3995 3261 4053 Illumina
3285 3997 3478 4054 oculos
3491 4014 3667 4066 meos,

2012 4098 2086 4140 ne
2113 4083 2352 4153 quando
2381 4082 2741 4140 obdormiam
2784 4085 2846 4139 in
2877 4085 3274 4157 morte(Psal,
3307 4102 3409 4152 xu,
3441 4090 3520 4157 4).
3556 4088 3670 4152 Qui

2012 4172 2296 4229 claudunt
2326 4171 2532 4228 oculos
2564 4178 2769 4228 contra
2797 4172 3171 4239 charitatem,
3212 4175 3671 4231 obdormiscunt

2012 4260 2072 4316 in
2087 4261 2585 4332 concupiscentiis
2598 4261 3059 4318 delectationum
3079 4262 3416 4317 carnalium.
3451 4262 3672 4333 Evigila

2015 4364 2179 4419 ergo.
2207 4349 2636 4405 Delectationes
2663 4351 2819 4405 enim
2840 4356 2997 4413 sunt,
3030 4354 3417 4418 manducare,
3440 4351 3669 4416 bibere,

2016 4438 2327 4501 luxuriari,
2360 4439 2583 4503 ludere,
2608 4438 2813 4493 venari
2840 4455 2852 4493 :
2882 4454 3136 4509 pompas
3162 4439 3305 4493 istas
3339 4455 3523 4495 vanas
3545 4456 3673 4495 om-

2018 4529 2117 4583 nia
2149 4529 2310 4583 mala
2327 4533 2677 4598 sequuntur.
2699 4527 3001 4597 Numquid
3026 4527 3328 4582 nescimus
3350 4529 3493 4599 quia
3516 4528 3673 4584 dele-

2016 4618 2304 4672 elationes
2330 4622 2466 4670 sunt
2485 4615 2668 4680 7Quis
2691 4616 3015 4687 negetquia
3031 4615 3327 4671 delectant
3352 4618 3380 4675 ‘l
3399 4617 3511 4673 Sed
3536 4618 3671 4689 plus

2017 4705 2279 4774 diligitur
2314 4704 2406 4758 lex
2442 4704 2538 4759 Dei
2579 4706 2621 4759 ².
2669 4704 2876 4761 Clama
2929 4710 3137 4761 contra
3169 4705 3313 4760 tales
3370 4723 3671 4772 suasores,

2017 4793 2440 4851 Narraverunt
2488 4792 2638 4850 mihi
2670 4794 2878 4864 injusli
2908 4793 3320 4851 delectationes
3348 4817 3370 4867 ;
3408 4797 3508 4852 sed
3552 4811 3673 4851 non

2020 4884 2170 4939 sicut
2187 4883 2417 4951 lezlua,
2436 4882 2701 4939 Domine.
2722 4884 2838 4938 lsta
2863 4883 3175 4939 delectatio
3193 4893 3410 4940 manet.
3431 4888 3555 4940 Non
3575 4900 3674 4938 so-

2016 4970 2143 5028 lum
2176 4977 2377 5026 manet
2395 4988 2510 5041 quo
2535 4972 2760 5037 venias,
2777 4971 2879 5026 sed
2895 4972 3073 5027 etiam
3090 4988 3302 5028 revoca
3323 4973 3673 5042 fugientem.

2090 5067 2144 5116 7.
2176 5061 2319 5117 Hec
2349 5066 2433 5116 est
2472 5061 2626 5117 enim
2674 5061 2909 5117 dilectio
2940 5063 3066 5131 Dei,
3118 5068 3178 5115 ut
3217 5060 3515 5130 precepia
3548 5062 3678 5129 ejus

2019 5164 2334 5206 servemus.
2350 5150 2477 5205 lam
2498 5150 2766 5215 audistis,
2783 5150 2847 5203 In
2873 5150 2962 5206 his
2985 5150 3213 5205 duobus
3233 5147 3540 5217 praeceptis
3559 5151 3680 5204 tota

2023 5240 2143 5294 Lex
2158 5237 2377 5306 pendet
2398 5244 2448 5292 et
2476 5237 3130 5305 PropheteQuomodo
3146 5237 3328 5292 noluit
3344 5242 3396 5291 te
3409 5236 3679 5292 dividere

2022 5342 2127 5398 per
2155 5326 2374 5380 multas
2392 5326 2643 5396 paginas
2666 5327 2694 5382 7
2720 5327 2792 5380 In
2825 5327 2914 5382 his
2958 5327 3186 5382 duobus
3214 5326 3534 5394 praeceptis
3554 5330 3677 5384 tota

2021 5415 2366 5482 Lempendel
2385 5414 2783 5481 etProphete.
2814 5415 2874 5468 In
2906 5414 3127 5485 quibus
3146 5414 3384 5471 duobus
3414 5430 3677 5486 precep-

2022 5505 2094 5561 tis
2126 5502 2153 5557 ‘P
2190 5503 2411 5573 Diliges
2443 5502 2756 5557 Dominum
2802 5504 2982 5558 Deum
3034 5509 3200 5559 tuum
3247 5518 3321 5561 ex
3354 5510 3472 5559 toto
3504 5505 3681 5561 corde

2088 5615 2102 5645 ι
2135 5612 2215 5675 Er.
2248 5611 2429 5675 Lugd.
2457 5610 2588 5659 Ven.
2627 5609 2774 5675 Lov.,
2811 5610 3019 5675 Inculti.

2024 5675 2102 5799 ἀᾷ
2151 5674 2303 5789 Ιὲάέιὶ,
2335 5672 2631 5737 'diligalur.
2670 5674 2871 5723 Novem
2920 5674 3062 5729 Mss.,
3112 5674 3371 5737 diligitur.
3415 5674 3513 5724 Alii
3562 5675 3686 5733 duo,

2104 5750 2155 5787 cc
2181 5752 2213 5786 a
2242 5771 2253 5785 .

2881 5826 3396 5903 (Soixante-cinq.)
