4182 6198
523 223 665 277 2059

527 352 645 409 tuo,
676 351 727 401 et
758 359 832 400 ex
849 348 973 399 tota
1005 342 1205 398 anima
1233 348 1357 405 tua,
1390 346 1444 396 et
1471 355 1544 395 ea:
1565 344 1687 395 tota
1716 346 1905 395 mente
1937 345 2040 396 tua
2066 354 2087 411 ,'
2121 345 2178 396 et

524 435 741 504 Diliges
761 434 1105 502 proximum
1134 436 1297 486 tuum
1319 429 1469 484 sicut
1501 429 1769 497 teipsum.
1801 429 1873 484 In
1905 430 1995 486 his
2026 431 2178 486 duo-

529 525 632 579 bus
648 521 956 591 prazceptis
989 527 1110 576 tota
1132 521 1255 575 Lex
1272 518 1487 587 pendet
1519 522 1571 573 et
1597 517 1904 587 Prophetas
1932 519 2173 591 (Matth.

524 629 668 681 xxu,
687 610 889 681 37-40).
909 612 1050 665 Ecce
1064 608 1136 664 de
1151 607 1372 680 quibus
1393 607 1697 678 praeceptis
1718 615 1916 662 narrat
1937 609 2179 665 totaista

529 701 804 774 Epistola.
830 703 1039 755 Tenete
1070 712 1210 766 ergo
1240 695 1639 761 dilectionem,
1662 700 1718 750 et
1743 696 1932 755 securi
1971 702 2176 754 estote.

530 791 682 858 Quid
714 791 886 845 times
916 804 989 843 ne
1021 786 1176 842 male
1207 785 1389 841 facias
1429 784 1606 840 alicui
1632 784 1658 839 ‘l
1685 786 1826 849 Quis
1853 785 2007 841 male
2038 786 2181 843 facit

530 882 581 936 ei
620 895 801 951 quem
832 876 1023 945 diligit
1056 877 1081 932 ?
1114 875 1319 944 Dilige,
1363 890 1484 930 non
1524 878 1718 945 potest
1745 874 1865 929 ﬁeri
1894 874 2006 930 nisi
2026 875 2180 932 bene

528 970 737 1025 facias.
754 967 866 1021 Sed
883 966 1029 1021 forte
1057 964 1307 1035 corripis
1330 965 1357 1020 ἳ
1373 968 1555 1019 Amor
1575 962 1859 1028 hocfacit,
1878 979 1995 1019 non
2009 966 2183 1021 saevi-

531 1059 635 1113 tia.
684 1056 797 1111 Sed
828 1056 975 1110 forte
1020 1053 1202 1108 caedis
1236 1054 1263 1108 ‘i
1288 1053 1377 1107 Ad
1420 1051 1800 1123 disciplinam
1829 1053 1971 1109 facis
2000 1070 2013 1118 ;
2046 1054 2183 1125 quia

530 1146 915 1228 amor‘ipsius
948 1143 1279 1198 dilectionis
1314 1157 1435 1196 non
1476 1146 1531 1196 te
1573 1142 1853 1211 permittit
1884 1143 2182 1214 negligere

532 1234 1063 1305 indisciplinatum.
1086 1231 1221 1286 Etﬁt
1242 1228 1697 1301 quodammodo
1720 1231 1891 1301 quasi
1912 1231 2182 1287 diversus

531 1326 757 1381 fructus
786 1327 842 1379 et
864 1319 1217 1384 contrarius,
1246 1324 1307 1373 ut
1328 1318 1655 1389 aliquando
1682 1318 1887 1373 odium
1913 1319 2185 1377 blandia-

533 1420 644 1479 tur,
680 1417 733 1468 et
772 1411 1032 1467 charitas
1064 1408 1287 1464 saeviat.
1321 1408 1533 1463 Nescio
1564 1408 1696 1479 quis
1726 1408 1848 1463 odit
1871 1408 2183 1466 inimicum

533 1519 730 1566 suum,
764 1506 817 1555 et
848 1499 1018 1568 tingit
1060 1497 1141 1552 illi
1181 1496 1507 1552 amicitiam
1540 1510 1555 1549 :
1601 1496 1760 1552 videt
1785 1497 1951 1553 illum
1991 1498 2184 1556 facere

531 1591 753 1663 aliquid
776 1588 936 1652 mali,
953 1585 1329 1642 laudatzvult
1350 1602 1487 1641 eum
1515 1601 1646 1642 esse
1676 1588 2185 1658 pracipitemwult

531 1696 757 1736 caecum
788 1680 871 1733 ire
901 1692 1005 1749 per
1036 1676 1287 1747 aerpta
1308 1674 1700 1746 cupiditatum
1732 1692 1989 1743 suarum,
2024 1678 2183 1735 unde

530 1769 678 1824 forte
706 1783 826 1823 non
852 1767 1055 1822 redeat
1079 1782 1091 1829 ;
1112 1764 1337 1829 laudat,
1368 1764 1657 1828 Quoniam
1673 1765 1962 1821 laudatur
1979 1782 2184 1835 pecca-

531 1866 621 1915 tor
640 1860 699 1913 in
729 1856 1029 1913 desideriis
1055 1854 1269 1909 animw
1290 1868 1409 1909 sua:
1437 1854 1618 1924 (Psal.
1640 1870 1719 1920 1x,
1736 1856 1789 1924 3)
1813 1874 1825 1921 ;
1846 1855 2184 1913 adhibetilli

529 1949 873 2004 unctionem
890 1943 1249 2001 adulationis
1265 1959 1385 1998 suae
1402 1962 1412 2001 :
1432 1958 1567 1998 ecce
1591 1942 1734 2008 odit,
1762 1949 1816 1999 et
1848 1944 2073 2000 laudat.
2090 1945 2184 2000 Al-

527 2046 612 2097 ter
644 2038 799 2093 videt
823 2035 1085 2095 amicum
1100 2048 1277 2088 suum
1299 2031 1414 2088 tale
1428 2031 1655 2103 aliquid
1684 2034 1897 2097 facere,
1914 2039 2177 2103 revocat;

527 2132 575 2188 si
607 2129 774 2185 illum
822 2140 945 2181 non
972 2122 1199 2187 audiat,
1233 2121 1459 2193 profert
1493 2120 1677 2177 verba
1722 2123 1901 2178 etiam
1927 2124 2183 2194 castiga-

524 2220 720 2286 tionis,
738 2215 1036 2286 objurgat,
1060 2210 1244 2282 litigat
1274 2226 1286 2264 :
1322 2208 1650 2281 aliquando
1675 2210 1909 2266 venitur
1930 2212 2007 2267 ad
2025 2212 2182 2270 hanc

520 2309 933 2368 necessitatem
975 2304 1038 2358 ut
1088 2299 1297 2371 litiget.
1339 2298 1484 2354 Ecce
1514 2299 1720 2355 odium
1762 2299 2084 2366 blanditur,
2126 2306 2182 2357 et

518 2398 778 2457 charitas
804 2394 1016 2462 litigat.
1041 2388 1168 2446 Noli
1193 2388 1498 2445 attendere
1521 2387 1704 2444 verba
1724 2388 2105 2454 blandientis,
2128 2406 2181 2463 et

522 2489 699 2562 quasi
734 2483 1032 2540 saevitiam
1063 2478 1441 2548 objurgantis
1476 2493 1723 2545 ;venam
1758 2478 2005 2550 inspice,
2030 2479 2182 2536 radi-

520 2595 640 2635 cem
654 2574 812 2631 unde
826 2565 1497 2644 procedantquaereJlle
1508 2565 1813 2623 blanditur
1826 2567 2175 2639 utdecipiat,

516 2670 623 2724 iste
652 2664 841 2731 litigat
880 2663 943 2714 ut
965 2656 1243 2725 corrigat.
1280 2656 1443 2724 Ergo
1477 2669 1601 2710 non
1631 2670 1786 2726 opus
1814 2660 1921 2721 est,
1953 2656 2180 2723 fratres,

516 2762 580 2812 ut
608 2770 714 2827 per
763 2764 873 2805 nos
900 2743 1280 2801 distendatur
1313 2757 1415 2798 cor
1464 2748 1733 2799 vestrum
1762 2760 1777 2809 ;
1817 2744 2128 2817 impetrata
2149 2762 2186 2803 a

514 2850 632 2901 Deo
648 2846 709 2897 ut
728 2834 992 2906 diligatis
1008 2832 1287 2889 invicem.
1319 2833 1542 2887 Omnes
1563 2831 1859 2901 homines,
1878 2834 2052 2892 etiam
2072 2834 2181 2890 ini-

512 2934 701 2991 micos
732 2931 954 2984 vestros
984 2921 1242 2992 diligatis
1280 2936 1292 2975 :
1328 2922 1624 2991 nonquia
1650 2926 1790 2976 sunt
1817 2922 2044 2994 fratres,
2075 2923 2182 2981 sed

511 3030 575 3080 ut
607 3022 813 3077 fratres
841 3014 956 3069 sint
980 3031 995 3082 ;
1024 3015 1086 3067 ut
1115 3024 1355 3082 semper
1384 3008 1652 3066 fraterno
1670 3026 1874 3067 amore
1896 3011 2178 3093 ﬂagretis,

508 3113 632 3168 sive
661 3110 720 3165 in
746 3106 987 3162 fratrem
1022 3100 1267 3169 factum,
1291 3099 1412 3154 sive
1453 3099 1513 3154 in
1542 3098 1886 3167 inimicum,
1911 3106 1975 3157 ut
2000 3101 2179 3158 frater

510 3195 950 3263 tiatdiligendo.
970 3190 1344 3261 Ubicumque
1369 3188 1611 3245 fratrem
1631 3190 1897 3260 diligitis,
1916 3192 2177 3248 amicum

523 3288 779 3360 diligitis.
794 3286 927 3339 Jam
954 3286 1148 3337 tecum
1180 3283 1288 3343 est,
1310 3279 1436 3349 jam
1452 3279 1511 3334 in
1532 3279 1755 3335 unitate
1777 3279 1958 3336 etiam
1973 3280 2174 3337 catho-

526 3383 619 3436 ica
645 3377 751 3434 tibi
776 3373 1135 3443 conjunctus
1162 3372 1273 3423 est.
1306 3367 1364 3423 Si
1390 3368 1543 3422 bene
1573 3368 1746 3433 vivis,
1779 3368 2019 3425 fratrem
2050 3370 2176 3425 dilio

509 3470 833 3541 gisfactum
856 3456 1340 3518 exinimico.Sed
1354 3456 1550 3526 diligis
1579 3456 1840 3529 aliquem
1865 3460 1881 3494 ¹
1913 3458 2175 3530 quinon.

510 3562 657 3617 dum
689 3552 939 3611 credidit
961 3548 1213 3609 Christo,
1248 3547 1409 3603 autsi
1425 3545 1675 3601 credidit
1698 3546 1957 3613 Christo,
1986 3549 2177 3604 utdae-

508 3663 719 3708 mones
750 3641 940 3699 credit
961 3642 982 3674 ²
1014 3656 1028 3706 ;
1053 3634 1442 3708 reprehendis
1468 3636 1797 3692 vanitatem
1819 3636 2007 3708 ipsius
2029 3642 2069 3693 ³.
2093 3640 2178 3695 Tu

510 3739 705 3809 dilige,
738 3739 793 3788 et
825 3732 1087 3789 fraterno
1118 3741 1322 3785 amore
1353 3725 1537 3795 dilige
1572 3741 1585 3780 ;
1616 3728 1897 3781 nondum
1939 3732 2026 3782 est
2057 3726 2175 3784 ira.

512 3836 615 3893 ter,
650 3822 757 3880 sed
786 3819 920 3875 ideo
944 3815 1141 3885 diligis
1166 3820 1229 3870 ut
1259 3814 1333 3868 sit
1362 3813 1557 3870 frater.
1600 3817 1754 3886 Ergo
1795 3819 1918 3872 tota
1948 3814 2178 3873 dilectio

510 3919 715 3973 nostra
744 3910 1003 3965 fraterna
1036 3909 1122 3960 est
1173 3918 1315 3971 erga
1369 3903 1756 3969 Christianos,
1790 3919 1929 3975 erga
1964 3906 2176 3962 omnia

509 3998 949 4067 membraejus.
985 3991 1309 4063 Disciplina
1332 3991 1652 4058 charitatis,
1689 3992 1896 4048 fratres
1929 3993 2175 4059 mei,ro—

511 4096 645 4158 bur,
669 4090 866 4154 ﬂores,
890 4084 1137 4147 fructus,
1161 4079 1563 4152 pulchritudo,
1586 4082 2169 4154 ammnitas,pastus,

509 4187 707 4256 potus,
729 4177 917 4239 cibus,
943 4169 1272 4242 amplexus,
1301 4167 1427 4224 sine
1442 4168 1708 4225 satietate
1728 4175 1841 4226 est.
1871 4170 1931 4226 Si
1960 4169 2045 4227 sic
2063 4187 2173 4227 nos

509 4258 1208 4338 delectatperegrinos,in
1225 4258 1405 4330 patria
1418 4258 1727 4330 quomodo
1740 4259 2172 4329 gaudebimus?

577 4366 628 4416 8.
650 4364 975 4415 Curramus
1008 4364 1171 4418 ergo,
1197 4347 1407 4405 fratres
1421 4348 1561 4413 mei,
1596 4363 1930 4413 curramus,
1957 4354 2015 4404 et
2042 4350 2171 4406 dili-

504 4466 719 4523 gamus
743 4445 1065 4501 Christum.
1082 4438 1269 4506 Quem
1286 4436 1589 4492 Christum
1622 4437 1860 4493 ilesum
1874 4438 2166 4496 Christum

505 4542 648 4610 Quis
694 4541 784 4593 est
813 4534 919 4588 iste
951 4532 978 4588 ?
1012 4529 1278 4584 Verbum
1311 4526 1430 4581 Dei.
1467 4528 1532 4580 Et
1561 4526 1868 4598 quomodo
1898 4526 2057 4583 venit
2086 4528 2165 4585 ad

498 4634 752 4700 aegrotos
782 4626 809 4681 'i
847 4620 1102 4677 Verbum
1139 4632 1275 4673 caro
1297 4616 1530 4685 factum
1563 4620 1663 4679 est,
1693 4621 1745 4672 et
1775 4615 2065 4673 habitavit
2100 4619 2162 4674 in

502 4720 665 4775 nobis
692 4717 889 4787 (Joan.
920 4710 1085 4780 1,14).
1113 4705 1487 4777 Completum
1518 4710 1605 4761 est
1631 4720 1771 4775 ergo
1792 4706 1953 4778 quod
1974 4707 2163 4779 Scrip.

496 4815 625 4864 tura
658 4800 945 4877 praedixit,
972 4794 1602 4866 OportebatChi-istum
1626 4796 1768 4863 pati,
1788 4802 1844 4850 et
1856 4810 2162 4865 resurgere

492 4898 668 4953 tertia
693 4892 787 4949 die
809 4907 843 4946 α
872 4887 1136 4944 mortuis.
1162 4884 1393 4952 Corpus
1419 4882 1612 4953 ipsius
1642 4881 1911 4953 ubijacet
1936 4885 1963 4940 ?
1984 4886 2155 4939 Mem-

486 4988 597 5044 bra
626 4985 811 5058 ipsius
828 4978 925 5033 ubi
949 4972 1258 5030 laborant‘
1283 4970 1308 5016 ‘?
1340 4971 1444 5025 Ubi
1470 4986 1595 5025 esse
1620 4970 1826 5037 debes,
1845 4972 2032 5027 utsub
2058 4989 2154 5029 ca-

484 5078 601 5149 pite
635 5076 717 5129 sis
747 5072 774 5127 ’ἶ
802 5070 871 5124 Ει
893 5060 1210 5135 praedicari
1232 5061 1293 5115 in
1328 5059 1563 5116 nomine
1587 5062 1714 5128 ejus
1740 5062 2145 5129 paenitentiam

482 5174 534 5223 et
565 5163 959 5223 remissionem
984 5158 1361 5224 peccatorum
1390 5164 1489 5221 per
1518 5164 1715 5204 omnes
1756 5156 1976 5219 gentes,
2004 5150 2147 5207 inci-

477 5258 640 5327 piens
667 5254 736 5311 ab
760 5247 1083 5307 Jerusalem
1105 5242 1273 5314 (Luc.
1304 5255 1455 5305 xxrv,
1480 5241 1567 5306 46,
1594 5239 1704 5310 47).
1730 5240 1813 5294 lbi
1838 5238 2144 5297 diffunda-

476 5350 568 5402 tur
602 5344 859 5401 charitas
890 5342 1011 5392 tua.
1047 5331 1197 5389 Dicit
1226 5328 1507 5386 Christus
1533 5333 1589 5383 et
1618 5328 1907 5398 Psalmus,
1939 5329 1998 5385 id
2030 5333 2135 5401 est,

1276 216 1346 271 ΙΝ
1386 214 1793 270 EPISTOLAM
1831 212 2128 271 JOANNIS
2168 214 2265 270 AD
2305 213 2658 282 PARTHOS,
2698 215 2759 270 Ξ.
2801 214 3185 272 AUGUSTINI

3800 211 3953 277 2060

2288 340 2540 412 Spiritus
2574 340 2908 409 Dei,Latum
2931 342 3465 404 mandatumtuum
3493 344 3670 401 valde
3696 362 3713 409 ;
3735 350 3956 401 etnes-

2287 429 2379 485 cio
2409 428 2545 500 quis
2577 429 2743 500 ponit
2773 430 2832 484 in
2876 428 3069 485 Africa
3100 430 3250 486 ﬁnes
3289 432 3595 489 charitatis
3629 434 3641 487 l
3679 434 3951 491 Extende

2287 518 2637 574 charitatem
2651 534 2754 590 per
2769 522 2955 573 totum
2973 518 3201 587 orbem,
3218 520 3263 575 si
3278 521 3363 576 vis
3380 520 3678 577 Christum
3704 538 3951 591 amare;

2287 608 2431 679 quia
2460 606 2735 663 membra
2767 606 2973 662 Christi
3024 624 3131 678 per
3168 609 3377 665 orbem
3411 610 3635 681 jacent.
3677 610 3735 665 Si
3768 628 3950 669 amas

2291 701 2543 767 partem,
2576 695 2799 751 divisus
2828 712 2888 750 es
2920 712 2933 750 :
2969 697 3019 750 si
3049 697 3277 753 divisus
3316 715 3399 768 es,
3444 700 3504 755 in
3543 716 3795 772 corpore
3822 717 3953 758 non

2290 800 2353 841 es
2383 803 2395 841 :
2428 786 2477 840 si
2507 784 2565 841 in
2596 800 2845 857 corpore
2876 799 2998 841 non
3039 801 3121 850 es,
3157 786 3270 842 sub
3298 789 3492 859 capite
3518 804 3639 845 non
3671 805 3754 845 es.
3788 789 3951 858 Quid

2290 873 2531 945 prodest
2569 873 2711 945 quia
2736 873 2951 938 credis,
2978 879 3035 929 et
3059 873 3441 945 blasphemas
3466 878 3493 932 ?
3523 877 3752 933 Adoras
3774 879 3950 935 illum

2290 962 2351 1018 in
2364 964 2577 1035 capite,
2592 962 2983 1034 blasphemas
3014 962 3074 1018 in
3096 978 3363 1035 corpore.
3396 968 3569 1023 Amat
3598 966 3695 1022 ille
3722 983 3951 1040 corpus

2293 1069 2490 1108 suum.
2520 1052 2575 1107 Si
2592 1058 2650 1108 tu
2665 1057 2715 1107 te
2730 1052 3045 1123 praecidisti
3067 1068 3103 1108 a
3124 1068 3370 1124 corpore
3394 1055 3796 1127 ipsius,caput
3821 1071 3948 1113 non

2296 1158 2360 1198 se
2378 1142 2643 1213 praecidit
2674 1158 2708 1197 a
2733 1156 2981 1212 corpore
3012 1157 3142 1197 suo.
3174 1143 3307 1199 Sine
3325 1159 3507 1200 causa
3533 1160 3630 1200 me
3660 1145 3946 1213 honoras,

2295 1233 2515 1288 clamat
2539 1230 2641 1287 tibi
2662 1230 3147 1301 caputdesuper;
3178 1231 3305 1287 sine
3326 1248 3514 1289 causa
3536 1250 3629 1293 me
3655 1234 3948 1290 honoras.

2294 1324 2603 1392 Tanquam
2630 1320 2679 1374 si
2710 1319 2838 1374 velit
2863 1318 2969 1374 tibi
2990 1318 3211 1391 aliquis
3236 1322 3495 1377 osculari
3522 1328 3722 1394 caput,
3755 1329 3813 1379 et
3832 1323 3954 1380 cal-

2295 1425 2430 1465 care
2457 1408 2560 1464 tibi
2572 1407 2787 1480 pedes:
2817 1406 2965 1463 forte
2994 1407 3200 1477 caligis
3225 1409 3473 1466 clavatis
3499 1417 3953 1484 contereretpe-

2294 1498 2400 1555 des
2431 1503 2565 1553 tuos
2607 1500 2649 1563 ³,
2700 1496 2908 1553 volens
2939 1496 3042 1552 tibi
3091 1504 3287 1553 tenere
3317 1505 3516 1571 caput,
3549 1506 3603 1555 et
3642 1501 3906 1556 osculari
3932 1518 3951 1567 ;

2293 1602 2495 1644 nonne
2524 1587 2673 1643 inter
2699 1586 2884 1642 verba
2908 1586 3260 1643 honorantis
3289 1586 3580 1645 clamares
3614 1595 3671 1645 et
3699 1589 3952 1655 diceres,

2296 1676 2447 1741 Quid
2474 1676 2636 1744 facis,
2668 1676 2852 1732 homo
2876 1675 2904 1731 Ῡ
2929 1674 3129 1731 calcas
3161 1691 3277 1731 me.
3308 1676 3434 1733 Non
3457 1678 3703 1745 diceres,
3744 1678 3956 1735 Calcas

2294 1769 2477 1837 caput
2498 1780 2698 1820 meum
2729 1782 2747 1835 ;
2779 1764 2923 1836 quia
2938 1764 3502 1837 caputhonorabat:
3533 1768 3637 1823 sed
3670 1766 3805 1839 plus
3828 1768 3958 1825 cla-

2293 1859 2482 1911 maret
2526 1857 2709 1925 caput
2756 1869 2865 1925 pro
2891 1853 3181 1909 membris
3209 1856 3470 1923 calcatis,
3505 1872 3692 1928 quam
3725 1873 3833 1928 pro
3864 1873 3953 1923 se,

2292 1942 2875 2016 quiahonorabatur.
2898 1941 3105 1998 Nonne
3127 1944 3347 2000 clamat
3367 1944 3564 2016 ipsum
3587 1954 3783 2017 caput,
3804 1946 3956 2004 Nolo

2292 2034 2585 2089 honorem
2628 2038 2795 2087 tuum
2826 2049 2839 2099 ;
2874 2030 3108 2087 calcare
3140 2047 3236 2087 me
3264 2033 3383 2089 noli
3415 2034 3443 2090 ?
3483 2035 3617 2090 Jam
3644 2040 3704 2090 tu
3750 2034 3867 2101 dic,
3904 2036 3956 2091 si

2294 2127 2480 2193 potes,
2507 2122 2698 2186 Quare
2712 2126 2768 2177 te
2793 2120 3020 2177 calcavi
3042 2119 3069 2174 ‘i
3084 2120 3183 2177 dic
3200 2120 3343 2177 illud
3366 2123 3567 2194 capiti,
3591 2126 3666 2178 Te
3689 2123 3952 2180 osculari

2296 2210 2466 2276 volui,
2499 2209 2777 2281 amplecti
2799 2209 2980 2266 volui.
3016 2209 3130 2266 Sed
3169 2226 3290 2266 non
3314 2210 3496 2278 vides,
3529 2212 3775 2278 ostulte,
3805 2214 3955 2285 quia

2290 2300 2456 2373 quod
2478 2301 2565 2355 vis
2588 2300 2887 2370 amplecti,
2905 2315 3011 2371 per
3034 2300 3367 2371 quamdam
3382 2316 3738 2373 compagem
3756 2304 3953 2359 unita-

2296 2390 2368 2447 tis
2383 2389 2651 2461 pervenit
2671 2387 2820 2444 adid
2833 2389 2994 2459 quod
3026 2388 3266 2445 calcas?
3296 2390 3511 2445 Susum
3540 2406 3633 2446 me
3660 2391 3953 2461 honoras,

2290 2479 2498 2549 jusum
2512 2494 2607 2533 me
2624 2475 2942 2534 calcas.?Pl
2953 2476 3368 2550 usdoletquod
3380 2478 3779 2550 calcas,quam
3796 2496 3954 2551 gau-

2290 2569 2392 2625 det
2416 2567 2859 2640 quodhonoras
2872 2584 2887 2632 ;
2902 2567 3049 2639 quia
3069 2567 3232 2638 quod
3249 2567 3538 2638 honoras,
3566 2569 3722 2625 dolet
3734 2585 3843 2642 pro
3863 2570 3953 2627 eis

2286 2673 2435 2729 quos
2473 2657 2692 2714 calcas.
2726 2656 3042 2722 Quomodo
3079 2655 3298 2713 clamat
3332 2656 3540 2728 lingua
3566 2658 3730 2715 Dolet
3773 2660 3949 2716 mihi.

2287 2749 2415 2803 Non
2437 2746 2601 2813 dicit,
2638 2746 2801 2802 Dolet
2839 2745 2975 2818 pedi
3014 2761 3149 2801 meo
3178 2764 3193 2814 ;
3226 2747 3351 2812 sed,
3388 2746 3551 2803 Dolet
3582 2748 3750 2815 mihi,
3782 2748 3945 2805 dicit.

2289 2835 2333 2890 Ο
2363 2834 2592 2906 lingua,
2624 2834 2759 2907 quis
2783 2843 2833 2889 te
2864 2834 3051 2904 tetigit
3082 2832 3107 2880 7
3127 2834 3263 2907 ([uis
3293 2837 3586 2907 percussit
3616 2835 3644 2890 ?
3676 2839 3812 2908 quis
3851 2838 3950 2894 sti-

2286 2924 2581 2980 mulavit?
2612 2924 2748 2995 quis
2769 2924 3025 2995 pupugit
3044 2921 3069 2969 7
3084 2926 3293 2990 Nemo,
3330 2924 3437 2981 sed
3459 2926 3786 2995 canjuncta
3808 2943 3944 2983 sum

2285 3014 2368 3070 eis
2428 3030 2563 3086 quas
2617 3012 2944 3068 calcantur.
3005 3012 3317 3077 Quomodo
3373 3014 3458 3069 vis
3499 3029 3621 3069 non
3675 3014 3942 3083 doleam,

2284 3102 2531 3175 quando
2559 3116 2681 3158 non
2711 3118 2844 3156 sum
2872 3104 3150 3172 separata
3168 3105 3194 3153 γ

2354 3195 2411 3254 9.
2432 3192 2718 3247 Dominus
2741 3206 2881 3261 ergo
2893 3194 3093 3246 noster
3112 3191 3141 3244 J
3147 3205 3285 3245 esus
3303 3190 3565 3248 Christus
3581 3192 3716 3249 ideo
3734 3208 3944 3251 ascen-

2283 3280 2433 3336 dens
2464 3281 2524 3336 in
2564 3280 2781 3336 coelum
2822 3279 2916 3334 die
2954 3278 3443 3349 quadragesimo,
3485 3282 3943 3340 commendavit

2283 3384 2501 3441 corpus
2524 3385 2701 3424 suum
2727 3384 2848 3440 qua
2861 3367 3123 3423 habebat
3133 3367 3347 3437 jacere,
3372 3368 3514 3440 quia
3540 3369 3689 3424 vidit
3712 3370 3941 3427 multos

2282 3458 2686 3515 honoraturos
2718 3472 2800 3525 se,
2837 3457 2982 3527 quia
3010 3457 3283 3513 ascendit
3324 3458 3383 3513 in
3411 3457 3658 3525 caelum;
3698 3464 3754 3515 et
3795 3460 3941 3517 vidit

2280 3547 2424 3619 quia
2435 3547 2628 3603 honor
2649 3546 2911 3617 ipsorum
2928 3545 3152 3602 inutilis
3169 3550 3279 3614 est,
3299 3545 3346 3601 si
3362 3546 3719 3604 conculcant
3747 3564 3941 3605 mem-

2282 3635 2598 3707 braipsius
2626 3635 2686 3689 in
2717 3638 2891 3690 terra.
2925 3633 2989 3689 Et
3017 3648 3094 3689 ne
3124 3634 3257 3707 quis
3286 3640 3523 3703 erraret,
3554 3641 3610 3691 et
3638 3652 3777 3692 cum
3792 3638 3942 3695 adeo

2282 3728 2438 3781 raret
2460 3728 2642 3795 caput
2660 3723 2718 3779 in
2742 3722 2912 3788 caelo,
2927 3722 3185 3779 calcaret
3198 3723 3380 3793 pedes
3403 3724 3462 3779 in
3477 3730 3653 3791 terra,
3668 3726 3812 3782 dixit
3832 3727 3940 3783 ubi

2283 3818 2480 3869 essent
2525 3812 2800 3869 membra
2873 3810 3083 3883 ipsius.
3140 3814 3510 3868 Ascensurus
3570 3814 3733 3870 enim
3792 3814 3941 3873 dixit

2283 3902 2465 3959 verba
2494 3902 2819 3958 novissima
2848 3922 2859 3967 ;
2888 3908 3025 3972 post
3048 3901 3178 3973 ipsa
3217 3900 3402 3958 verba
3438 3917 3561 3958 non
3592 3908 3681 3959 est
3701 3903 3938 3961 locutus

2281 3992 2342 4047 in
2368 3996 2539 4047 terra.
2569 3996 2970 4047 Ascensurum
2991 3995 3176 4062 caput
3204 3990 3264 4045 in
3295 3990 3511 4047 coelum
3544 3994 3940 4051 commenda-

2285 4082 2367 4137 vit
2396 4081 2672 4136 membra
2696 4080 2758 4135 in
2791 4084 2964 4143 terra,
2992 4084 3044 4135 et
3062 4078 3348 4135 discessit.
3380 4081 3509 4135 lam
3542 4096 3662 4136 non
3696 4082 3938 4138 invenis

2277 4168 2443 4240 loqui
2474 4169 2771 4225 Christum
2814 4167 2873 4222 in
2900 4172 3057 4223 terra
3083 4188 3095 4222 :
3142 4167 3376 4223 invenis
3405 4167 3571 4225 illum
3602 4168 3790 4242 loqui,
3825 4170 3937 4227 sed

2277 4259 2353 4315 de
2383 4258 2553 4315 ccelo.
2592 4260 2655 4313 Et
2705 4256 2779 4312 de
2820 4257 2954 4328 ipso
2998 4256 3149 4313 coelo
3194 4258 3433 4328 quare?
3464 4258 3613 4323 Quia
3658 4260 3937 4318 membra

2276 4348 2665 4405 calcabantur
2694 4345 2754 4401 in
2788 4349 2959 4402 terra.
2988 4346 3348 4402 Persecutori
3378 4346 3539 4402 enim
3569 4346 3749 4404 Saulo
3780 4348 3937 4407 dixit

2275 4437 2551 4509 desuper,
2575 4433 3137 4506 Saule,Saule,quid
3155 4450 3246 4491 me
3270 4436 3633 4505 persequeris
3656 4436 3810 4507 (Act.
3848 4455 3933 4505 ix,

2273 4527 2328 4597 4)
2359 4527 2386 4582 ?
2414 4524 2669 4581 Ascendi
2699 4526 2760 4581 in
2786 4523 3026 4591 caelum,
3060 4522 3167 4579 sed
3192 4522 3391 4580 adhuc
3431 4524 3492 4579 in
3521 4528 3678 4582 terra
3707 4526 3887 4599 jaceo
3917 4544 3932 4584 :

2270 4615 2365 4671 hic
2380 4615 2457 4671 ad
2473 4616 2777 4671 dexteram
2801 4614 2985 4671 Patris
3000 4613 3182 4669 sedeo
3203 4632 3216 4680 ;
3232 4612 3313 4669 ibi
3329 4613 3527 4670 adhuc
3542 4616 3930 4683 esurio,sitio,

2269 4708 2323 4760 et
2353 4704 2700 4777 peregrinus
2712 4720 2865 4758 sum.
2892 4702 3205 4769 Quomodo
3227 4717 3368 4771 ergo
3387 4718 3607 4773 corpus
3621 4720 3932 4762 commen.

2266 4792 2433 4849 davit
2452 4794 2511 4847 in
2540 4798 2693 4848 terra
2713 4806 3071 4847 ascensurus
3091 4788 3116 4837 7
3132 4792 3279 4846 Cum
3301 4791 3737 4860 interrogarent
3758 4794 3931 4851 illum

2265 4882 2890 4955 discipuli,Domine,si
2905 4880 3015 4936 hoc
3034 4881 3095 4935 in
3116 4885 3373 4949 tempore
3387 4882 3929 4949 prasentaberismt

2262 4973 2502 5043 quando
2532 4986 2781 5042 regnum
2810 4970 3049 5025 Israel?
3082 4968 3389 5039 respondit
3421 4968 3633 5041 iturus,
3666 4972 3799 5029 Non
3842 4975 3930 5029 est

2262 5068 2514 5117 vestrum
2540 5063 2693 5117 scire
2720 5068 2945 5128 tempus
2969 5057 3129 5130 quod
3164 5058 3349 5115 Pater
3370 5059 3560 5129 posuit
3592 5059 3656 5116 in
3687 5076 3797 5117 sua
3820 5077 3923 5131 po-

2259 5156 2459 5207 testate
2471 5166 2489 5203 :
2506 5151 2607 5206 sed
2628 5149 2925 5219 accipietis
2941 5148 3212 5204 virtutem
3227 5147 3486 5217 Spiritus
3500 5150 3699 5206 sancti
3715 5164 3931 5221 super-

2253 5240 2569 5297 venientem
2592 5238 2655 5294 in
2671 5254 2789 5304 vos,
2813 5244 2865 5294 et
2897 5236 3057 5294 eritis
3076 5236 3225 5293 mihi
3254 5243 3441 5294 testes.
3462 5237 3655 5294 Videte
3682 5254 3801 5310 qua
3815 5238 3932 5296 dif-

2251 5328 2464 5385 fundat
2489 5343 2705 5399 corpus
2726 5344 2923 5393 suum,
2942 5327 3136 5383 videte
3167 5326 3266 5381 ubi
3289 5341 3352 5381 se
3375 5326 3593 5385 calcari
3621 5344 3745 5384 non
3761 5328 3924 5387 vult:

2246 5418 2429 5473 Erilis
2454 5417 2605 5474 mihi
2628 5423 2797 5474 testes
2815 5418 2875 5473 in
2889 5416 3238 5481 Jerusalem,
3254 5421 3307 5472 et
3326 5415 3387 5472 in
3411 5422 3597 5473 totam
3617 5417 3923 5489 Iudaeam,

531 5514 545 5545 ι
570 5510 744 5583 litigii.
774 5508 927 5583 _V.en.,
957 5506 1018 5563 si,
1048 5500 1277 5568 pro,sed,
1306 5498 1389 5550 Er.
1411 5502 1463 5549 et
1483 5497 1801 5563 pauloinl‘ra
1831 5512 1953 5549 cum
1981 5498 2136 5564 Lov.,

2283 5506 2677 5571 tSamariam,
2705 5512 2762 5564 et
2784 5521 2961 5578 usque
2988 5506 3051 5563 in
3078 5512 3264 5563 totam
3292 5512 3517 5563 terram
3540 5505 3698 5578 (Act.
3720 5524 3758 5575 ι,
3777 5507 3924 5579 6-8).

469 5577 522 5624 tu
552 5572 742 5633 diligis.
772 5572 836 5619 Μ.
1373 5624 1381 5634 ,
1429 5624 1437 5634 _

524 5638 543 5668 ³
577 5633 658 5681 Er.
696 5632 862 5694 Lugd.
892 5628 1021 5679 Ven.
1061 5628 1207 5694 Lo_v.,
1243 5623 1581 5694 credidit._M.

520 5698 540 5729 ⁸
566 5687 949 5757 ΛιίίιυοΓΜειιξη
977 5687 1304 5757 reprehendit
1332 5688 1583 5757 unitatem
1615 5688 1815 5757 ipsius:

518 5762 535 5797 ι
559 5749 1056 5819 ΕτηὯονραείρείαῖς
1071 5749 1546 5813 ubijacet,membra
1562 5750 1721 5813 ipsius
1734 5750 1885 5801 labor
1897 5764 1929 5801 a
1942 5755 2031 5803 nt.
2047 5749 2121 5806 Μ.

2242 5598 2386 5654 Ecce
2397 5612 2518 5669 qua
2522 5595 2694 5669 jaceo
2708 5596 2810 5669 qui
2825 5595 3723 5669 ascendo.Ascendoenim,quia
3738 5598 3928 5671 caput

2304 5750 2318 5781 ¹
2348 5748 2439 5806 Er.
2480 5748 2648 5816 Lugd.
2687 5748 2821 5803 Ven.
2847 5748 3001 5810 Lov.,
3034 5753 3256 5802 conteret
3284 5748 3435 5816 pedes
3472 5753 3613 5803 tuos.
3652 5747 3723 5801 Η.
