4182 6198
279 214 421 278 2061

278 362 416 400 sum
434 344 617 414 :jacet
631 344 823 399 sdhuc
836 358 1046 415 corpus
1060 358 1258 400 meum
1271 345 1613 417 .Quajacet?
1627 347 1734 402 Per
1749 351 1931 402 totam

280 432 684 491 terram.Cave
698 449 772 487 ne
787 434 1255 505 percutias,cave
1271 449 1342 489 ne
1357 434 1713 497 violes,cave
1728 451 1798 490 ne
1814 436 1935 491 cal-

278 539 409 582 ces:
446 523 768 578 novissima
791 522 972 578 verba
1002 521 1213 578 Christi
1245 529 1382 579 sunt
1408 523 1540 591 ista,
1565 525 1699 579 ituri
1730 525 1788 579 in
1815 541 1936 580 cm-

275 612 426 668 lum.
453 611 836 667 Considerate
853 609 1238 683 languentem
1266 612 1328 666 in
1353 611 1504 668 lecto
1526 612 1854 677 hominem,
1874 614 1935 668 in

276 701 463 757 domo
489 699 810 771 jacentem,
835 704 891 754 et
924 708 1291 755 maceratum
1338 700 1705 770 aegritudine,
1733 703 1936 772 proxi-

278 806 449 846 mum
464 789 658 855 morti,
691 788 1093 854 anhelantem,
1121 790 1247 859 jam
1264 791 1531 845 animam
1546 790 1933 861 quodammo-

274 878 521 936 dointer
533 878 738 933 dentes
754 876 1099 943 habentem,
1123 878 1228 950 qui
1256 877 1405 933 forte
1432 878 1714 933 sollicitus
1739 879 1814 934 de
1827 879 1935 935 ali-

276 983 401 1040 qua
427 983 491 1024 re
522 967 703 1022 chara
734 966 869 1031 sibi,
903 982 1087 1038 quam
1115 967 1369 1022 multum
1397 966 1605 1032 dilixit,
1637 968 1833 1023 veniat
1854 967 1933 1023 illi

277 1056 340 1112 in
362 1061 645 1120 mentem,
666 1059 720 1110 et
738 1058 904 1110 vocet
920 1055 1185 1110 haeredes
1203 1071 1342 1110 suos
1358 1062 1411 1111 et
1428 1056 1605 1121 dicat,
1624 1058 1784 1125 Rogo
1799 1072 1931 1121 vos,

277 1145 451 1201 facite
481 1145 614 1201 hoc.
648 1144 827 1199 Tenet
848 1144 1304 1215 quodammodo
1338 1144 1931 1211 violenteranimam,

281 1249 356 1290 ne
381 1238 519 1290 ante
544 1236 715 1288 exeat
743 1247 930 1303 quam
962 1233 1061 1290 illa
1085 1233 1266 1288 verba
1304 1232 1630 1288 firmentur.
1657 1235 1800 1289 Cum
1831 1234 1933 1290 illa

278 1322 465 1379 verba
493 1322 825 1377 novissima
846 1321 1174 1388 dictaverit,
1198 1320 1358 1377 efﬂat
1384 1321 1652 1385 animam
1679 1338 1691 1376 :
1714 1322 1932 1378 tollitur

275 1411 537 1467 cadaver
564 1411 622 1465 in
652 1409 1014 1481 sepulcrum.
1076 1409 1351 1465 Haeredes
1382 1410 1569 1481 ipsius
1621 1410 1931 1481 quomodo

277 1500 681 1555 meminerunt
694 1498 1019 1554 novissima
1031 1497 1216 1553 verba
1230 1498 1570 1554 morientis?
1590 1500 1928 1565 Quomodo,

279 1589 330 1644 si
361 1587 490 1661 quis
514 1588 1010 1659 existatquidicat
1035 1587 1339 1653 eis,Nolite
1368 1586 1565 1643 facere
1590 1604 1600 1643 :
1630 1588 1775 1660 quid
1791 1604 1931 1659 ergo

274 1678 358 1733 illi
389 1676 592 1732 dicant
620 1676 649 1717 9
682 1677 831 1746 Ergo
862 1692 980 1730 non
1013 1675 1169 1732 facio
1199 1676 1365 1747 quod
1392 1676 1536 1730 mihi
1569 1682 1738 1747 pater
1764 1693 1933 1732 meus

273 1765 487 1823 efﬂans
509 1765 771 1820 animam
788 1764 1112 1819 novissime
1136 1764 1462 1827 mandavit.
1479 1763 1643 1836 quod
1658 1764 1933 1819 ultimum

275 1852 483 1909 sonuit
513 1854 570 1906 in
585 1868 759 1908 aures
774 1867 959 1915 meas,
975 1850 1391 1923 proﬁciscente
1409 1851 1549 1907 hinc
1566 1856 1736 1922 patre
1761 1851 1936 1909 meo?

273 1940 511 2009 Quaevis
541 1941 659 1997 alia
672 1940 853 1996 verba
882 1940 1073 2011 ipsius
1106 1939 1272 1995 aliter
1286 1955 1532 2011 possum
1560 1938 1803 2006 habere,
1827 1955 1939 1996 no-

273 2031 523 2087 vissima
554 2030 738 2086 verba
769 2046 863 2084 me
895 2029 1026 2101 plus
1058 2033 1261 2085 tenent
1293 2045 1306 2083 :
1342 2044 1463 2085 non
1494 2045 1627 2085 eum
1656 2029 1779 2085 vidi
1810 2045 1936 2087 am-

271 2121 455 2193 plius,
482 2135 605 2176 non
618 2118 819 2176 audivi
837 2118 1197 2190 loquentem.
1232 2121 1477 2183 Fratres,
1493 2119 1743 2188 cogitate
1757 2120 1936 2175 visce-

272 2210 442 2265 ribus
457 2209 813 2275 christianis,
835 2209 882 2261 si
906 2207 1254 2263 haeredibus
1287 2211 1559 2263 sunttam
1586 2207 1936 2274 dulcia,tam

272 2304 463 2370 grata,
480 2302 604 2354 tam
620 2299 821 2368 magni
839 2297 1123 2369 ponderis
1141 2296 1327 2352 verba
1342 2296 1480 2352 ituri
1493 2296 1553 2352 in
1568 2298 1935 2368 sepulcrum;

272 2387 609 2443 heredibus
625 2386 856 2451 Christi,
873 2385 1081 2456 qualia
1092 2385 1312 2441 debent
1337 2401 1467 2441 esse
1491 2386 1674 2442 verba
1690 2386 1940 2442 novissi-

274 2492 396 2541 ma,
428 2491 547 2531 non
574 2474 816 2530 redituri
839 2474 900 2529 in
923 2474 1281 2545 sepulcrum,
1300 2476 1405 2529 sed
1422 2474 1727 2530 ascensuri
1752 2476 1811 2531 in
1826 2491 1938 2531 coe-

272 2566 401 2621 lum
419 2564 431 2620 l
453 2568 722 2635 Namque
740 2564 833 2619 ille
863 2564 965 2635 qui
996 2562 1205 2619 vixitet
1219 2568 1491 2619 mortuus
1506 2564 1849 2636 est,rapitur
1861 2564 1939 2621 ad

273 2653 534 2710 alialoca
547 2654 753 2708 anima
768 2651 1411 2724 ipsius,corpusipsius
1427 2653 1740 2723 poniturin
1762 2658 1935 2709 terra:

276 2760 353 2800 an
384 2742 536 2798 ﬁant
555 2741 656 2797 illa
686 2741 886 2806 verba,
912 2756 989 2797 an
1015 2756 1134 2796 non
1153 2740 1318 2807 ﬁant,
1350 2757 1471 2796 non
1499 2741 1576 2797 ad
1603 2757 1739 2797 eum
1764 2742 1939 2813 perti-

278 2837 378 2887 net
414 2852 425 2894 ;
454 2832 582 2901 jam
611 2830 772 2886 aliud
804 2831 946 2899 agit,
966 2834 1069 2885 aut
1097 2830 1257 2886 aliud
1284 2830 1506 2901 patitur
1538 2846 1550 2881 :
1577 2835 1680 2885 aut
1705 2830 1766 2886 in
1800 2830 1936 2887 sinu

276 2920 535 2976 Abrahae
556 2919 792 2989 gaudet,
823 2925 924 2974 aut
953 2919 1014 2974 in
1038 2920 1175 2991 igne
1196 2923 1417 2975 aeterno
1439 2934 1610 2990 aqua:
1632 2919 1935 2976 modicum

278 3009 581 3066 desiderat
607 3009 778 3078 (Luc.
802 3025 915 3073 xw,
940 3012 1029 3075 22,
1053 3009 1188 3079 etc.)
1215 3025 1229 3073 ;
1257 3008 1318 3063 in
1345 3008 1619 3078 sepulcro
1633 3008 1934 3080 autemip-

282 3101 408 3155 sius
435 3099 592 3170 jacet
612 3098 867 3155 cadaver
889 3099 1015 3153 sine
1034 3113 1212 3153 sensu
1227 3114 1241 3165 ;
1257 3096 1739 3153 etcustodiuntur
1752 3097 1936 3153 verba

280 3188 616 3245 novissima
631 3188 952 3245 morientis.
970 3187 1122 3252 Quid
1144 3186 1254 3242 sibi
1282 3184 1615 3257 sperantilli
1636 3186 1933 3257 quiverba

271 3278 603 3335 novissima
627 3277 885 3333 sedentis
904 3276 963 3331 in
992 3276 1143 3332 caelo
1160 3291 1281 3332 non
1297 3274 1664 3343 custodiunt,
1679 3274 1929 3330 videntis

271 3366 539 3439 desuper
553 3382 629 3421 an
644 3370 1205 3431 contemnantur,an
1221 3381 1340 3421 non
1368 3363 1930 3421 contemnantur?”-

269 3456 389 3512 lius
402 3456 507 3528 qui
533 3454 908 3523 dixit,Saute,
937 3454 1132 3519 Saule,
1146 3454 1291 3526 quid
1302 3469 1391 3511 me
1399 3451 1808 3525 persequeris?
1824 3453 1925 3525 qui

267 3544 554 3602 servatad
561 3544 856 3615 judicium
881 3544 1175 3616 quidquid
1192 3543 1345 3600 videt
1361 3542 1483 3615 pati
1504 3542 1775 3598 membra
1788 3558 1898 3598 sua

1520 214 1942 278 TRACTATUS
1981 207 2059 282 x‘.
2104 220 2335 282 CAPUT
2373 220 2442 281 v.

3555 232 3695 289 2062

2122 352 2204 403 l0.
2229 352 2291 404 Et
2308 349 2451 422 quid
2474 365 2584 405 nos
2600 346 3199 421 fecimus,inquiunt?
3231 366 3340 407 nos
3359 369 3567 409 sumus
3596 372 3697 426 pa-

2049 437 2097 492 si
2128 438 2623 508 persecutionem,
2655 453 2775 493 non
2804 437 3072 493 fecimus.
3103 441 3214 493 Vos
3243 440 3483 506 fecistis,
3526 459 3560 497 o
3592 444 3699 498 mi-

2048 529 2162 581 seri
2193 543 2203 581 :
2236 527 3253 599 primo,quiadivisistisEcclesiam.
3275 529 3699 600 Majorestma—

2048 615 2246 670 chmra
2274 615 2691 688 linguaequam
2714 616 2868 670 ferri.
2897 616 3165 687 Superba
3178 616 3285 672 fuit
3311 618 3527 675 ancilla
3542 622 3700 676 Sara:

2046 705 2227 775 Agar;
2244 708 2299 759 et
2313 704 2531 761 afﬂicta
2543 705 2937 761 estadomina
2951 722 3062 761 sua
3077 712 3317 778 propter
3331 708 3699 778 superbiam.

2049 792 2368 864 Disciplina
2385 799 2509 849 erat
2533 793 2651 858 illa,
2673 809 2793 849 non
2815 809 3021 864 paena.
3058 795 3193 849 ldeo
3208 810 3344 850 cum
3368 797 3704 853 recessisset

2048 896 2083 937 a
2113 881 2359 937 domina
2386 898 2515 948 sua,
2549 882 2695 954 quid
2723 884 2772 937 ei
2800 882 3208 953 dixitangelus
3235 884 3262 937 ?
3284 886 3595 941 Revertere
3623 886 3703 942 ad

2045 969 2344 1026 dominam
2361 976 2525 1027 tuam
2544 972 2712 1041 (Gen.
2741 988 2832 1035 xv,
2851 970 2985 1038 4-9).
3015 972 3103 1027 Sic
3128 986 3269 1041 ergo
3309 974 3566 1029 carnalis
3580 975 3703 1031 ani—

2046 1074 2166 1122 ma,
2200 1061 2492 1130 tanquam
2522 1060 2738 1115 ancilla
2769 1059 3050 1129 superba,
3081 1060 3130 1114 si
3153 1060 3299 1116 forte
3331 1061 3562 1133 aliquas
3579 1079 3703 1119 mo-

2043 1144 2244 1201 lestias
2268 1162 2450 1217 passa
2479 1163 2542 1202 es
2572 1147 3226 1218 propterdisciplinam,
3255 1149 3399 1221 quid
3423 1150 3653 1205 insanis
3674 1151 3702 1206 ‘l

2045 1234 2183 1289 Redi
2210 1234 2288 1290 ad
2313 1234 2626 1290 dominam
2667 1241 2853 1301 tuam,
2894 1241 3027 1291 tene
3054 1236 3418 1293 dominicam
3450 1255 3694 1309 pacem.

2044 1325 2190 1377 Ecce
2217 1323 2593 1394 proferuntur
2615 1324 2955 1392 Evangelia,
2985 1324 3240 1394 legimus
3271 1341 3393 1396 qua
3422 1326 3703 1382 diffundi-

2043 1415 2137 1466 tur
2167 1410 2460 1467 Ecclesia:
2495 1412 2832 1483 disputatur
2882 1417 3109 1477 contra,
3152 1417 3207 1467 et
3253 1412 3462 1468 dicitur
3490 1415 3693 1473 nobis.

2044 1500 2399 1556 Traditores.
2425 1502 2604 1572 Cujus
2621 1501 2705 1557 rei
2728 1501 3044 1557 traditores
3068 1503 3094 1557 ?
3113 1500 3378 1556 Christus
3399 1518 3704 1559 commen-

2044 1588 2147 1644 dat
2170 1589 2491 1645 Ecclesiam
2524 1606 2723 1659 suam,
2755 1595 2809 1646 et
2844 1606 2964 1646 non
2998 1590 3188 1645 credis
3213 1607 3224 1643 :
3249 1606 3359 1660 ego
3392 1591 3493 1646 tibi
3518 1592 3703 1648 credi-

2047 1682 2214 1731 turus
2246 1695 2380 1733 sum
2408 1679 2789 1734 maledicenti
2823 1679 3170 1751 parentibus
3199 1680 3346 1734 meis
3368 1678 3493 1735 ‘lVis
3511 1685 3704 1737 utcre-

2045 1766 2188 1821 dam
2218 1766 2326 1821 tibi
2355 1767 2428 1822 de
2461 1767 2850 1823 traditoribus
2885 1769 2913 1822 ?
2934 1768 3109 1823 crede
3143 1772 3206 1822 tu
3251 1768 3417 1839 prius
3452 1770 3700 1835 Christo,

2047 1854 2200 1920 Quid
2230 1860 2317 1910 est
2345 1854 2597 1926 dignum
2626 1856 2654 1908 ί]
2680 1856 2944 1913 Christus
2978 1860 3127 1911 Deus
3157 1861 3262 1922 est,
3292 1861 3356 1913 tu
3380 1857 3565 1914 homo
3615 1875 3707 1914 es-

2047 1943 2142 1998 cui
2160 1942 2323 2015 prius
2336 1944 2512 2000 debet
2534 1944 2693 2000 credi
2714 1944 3020 2001 clChristus
3042 1945 3369 2001 Ecclesiam
3396 1963 3564 2002 suam
3581 1951 3703 2003 toto

2047 2032 2191 2089 orbe
2220 2031 2459 2088 diffudit
2491 2050 2503 2089 :
2532 2050 2640 2106 ego
2667 2034 2821 2099 dico,
2842 2039 3188 2098 contemne;
3217 2034 3703 2103 Evangeliumlo-

2046 2119 2267 2191 quitur,
2318 2136 2483 2176 cave.
2547 2122 2701 2186 Quid
2729 2122 2882 2178 .dicit
2912 2122 3302 2191 Evangelium
3330 2123 3359 2174 ‘I
3390 2124 3705 2192 OpOrtebat

2045 2210 2178 2278 pati
2208 2209 2530 2278 Christum,
2572 2217 2624 2265 et
2652 2226 2962 2279 resurgere
2990 2228 3021 2265 a
3044 2211 3290 2266 mortuis
3316 2211 3410 2267 die
3436 2213 3705 2277 tertia,et

2043 2298 2372 2366 praedicari
2390 2298 2451 2353 in
2470 2298 2706 2355 nomine
2731 2301 2859 2369 ejus
2886 2299 3312 2368 prenitentiam,
3341 2306 3393 2355 et
3421 2300 3708 2355 remissio-

2048 2402 2181 2443 nem
2211 2393 2612 2456 peccatorum.
2650 2388 2755 2443 Ubi
2788 2387 3060 2443 remissio
3094 2392 3498 2460 peccatorum,
3520 2389 3710 2444 Eccle-

2050 2476 2139 2531 sia
2169 2481 2275 2531 est.
2336 2476 2655 2543 Quomodo
2704 2476 2961 2531 Ecclesia
2982 2476 3009 2532 Cl
3036 2476 3124 2532 Illi
3153 2477 3314 2532 enim
3344 2477 3567 2532 dictum
3600 2482 3706 2549 est,

2055 2565 2181 2620 Tibi
2207 2565 2360 2620 dabo
2399 2567 2597 2621 claves
2621 2566 2794 2635 regni
2819 2567 3129 2622 caelorum:
3163 2570 3212 2621 et
3228 2582 3355 2637 quae
3381 2566 3619 2621 solveris
3646 2566 3709 2622 in

2050 2662 2233 2723 terra,
2252 2654 2450 2709 soluta
2475 2661 2649 2710 erunt
2676 2658 2729 2710 et
2754 2654 2815 2709 in
2838 2655 2993 2710 catis
3022 2676 3045 2725 ;
3072 2660 3125 2710 et
3165 2670 3294 2726 qua:
3341 2656 3621 2725 ligaveris
3646 2655 3709 2710 in

2050 2750 2232 2810 terra,
2265 2743 2452 2813 ligata
2479 2750 2655 2799 erunt
2685 2744 2818 2799 etin
2843 2744 2993 2800 caelis
3023 2745 3263 2814 (Matth.
3292 2760 3410 2807 xv1,
3445 2744 3549 2815 19).
3584 2746 3711 2810 Qua

2048 2831 2402 2887 diffunditur
2432 2832 2545 2889 ista
2576 2832 2849 2889 remissio
2881 2840 3267 2904 peccatorum
3291 2833 3320 2887 ?
3376 2835 3491 2890 Per
3514 2848 3711 2889 omnes

2046 2928 2256 2990 gentes.
2287 2920 2572 2989 incipiens
2598 2922 2673 2977 ab
2689 2922 3021 2977 Jerusalem
3044 2922 3215 2992 (Luc.
3240 2938 3404 2992 xx1v,
3432 2922 3545 2993 47).
3568 2924 3711 2978 Ecce

2046 3009 2221 3063 crede
2237 3008 2482 3064 Christo.
2511 3009 2625 3064 Sed
2637 3010 2781 3081 quia
2795 3010 3089 3080 intelligis,
3117 3010 3163 3065 si
3180 3010 3497 3067 credideris
3511 3011 3713 3065 Chris-

2047 3100 2127 3161 to,
2157 3111 2280 3150 non
2313 3100 2364 3151 te
2394 3096 2614 3152 habere
2639 3097 2806 3168 quod
2836 3098 3004 3153 dicas
3036 3099 3110 3152 de
3139 3099 3523 3154 traditoribus
3560 3115 3574 3165 ;
3605 3098 3708 3155 tibi

2043 3184 2133 3240 vis
2160 3187 2224 3239 ut
2254 3183 2495 3239 credam
2523 3186 2539 3219 ¹
2559 3185 2909 3256 parentibus
2926 3202 3073 3240 meis
3094 3185 3491 3252 maledicenti,
3513 3203 3700 3258 quam

2043 3277 2106 3329 tu
2138 3272 2344 3327 credas
2378 3273 2604 3329 Christo
2631 3273 2973 3345 praedicenti
3006 3275 3106 3343 (a).

2102 3381 2115 3412 ¹
2152 3379 2332 3428 Plures
2354 3394 2381 3428 e
2400 3379 2538 3435 Mss.,
2569 3385 2625 3429 ut
2644 3380 2845 3429 credam
2876 3386 2921 3429 et
2938 3380 3259 3441 parentibus.
3292 3380 3353 3428 Et
3382 3393 3548 3442 prope
3585 3394 3695 3429 om-

2039 3456 2135 3492 nes
2158 3456 2271 3506 pro,
2304 3443 2620 3503 praedicenti,
2649 3444 2793 3506 quod
2824 3443 3076 3493 ultimum
3097 3443 3322 3493 verbum
3354 3446 3451 3499 est,
3476 3443 3695 3502 habent,

1900 3505 1924 3507 ’ί
2035 3505 2366 3569 praedicanti.

1900 3542 1929 3598 ’ἲ
2099 3569 2170 3598 ιη.
2196 3567 2287 3598 mn
2322 3567 2366 3598 tl.

2099 3569 2170 3630 (α)
2195 3567 2288 3617 Hic
2321 3567 2517 3617 desinit
2543 3569 2820 3618 Tractatus
2850 3570 2905 3617 in
2941 3567 3193 3618 omnibus
3229 3567 3529 3621 codicibus.

1472 3953 1564 4014 DE
1627 3951 2153 4024 SUBSEQUENTI
2211 3951 2485 4022 OPERE,

365 4166 532 4236 Vide
559 4163 817 4257 librum
848 4171 871 4233 l
890 4189 1074 4257 ,cap.
1114 4166 1224 4249 23,
1254 4165 1880 4257 Retractationum,‘
1901 4163 2025 4257 col_.
2059 4166 2211 4257 6_20,
2242 4188 2291 4257 ᾳ
2322 4163 2559 4257 verbis,
2591 4164 2760 4231 Cum
2785 4162 3148 4254 presbyter
3175 4161 3401 4257 adhuc
3428 4182 3676 4243 essem,

260 4281 331 4323 η.
372 4260 435 4341 1,
474 4280 689 4347 usque
726 4255 821 4324 ad
848 4257 974 4323 col.
1000 4252 1169 4339 .622,
1216 4279 1284 4322 η.
1320 4257 1383 4339 4,
1418 4255 1636 4322 verbis
1657 4255 1730 4321 in
1760 4254 2064 4345 Epistola
2090 4255 2291 4322 Pauli
2313 4256 2400 4322 ad
2449 4252 2816 4322 Romanos:
3182 4252 3271 4317 M.
