4164 6184
1185 322 1318 466 S.
1435 325 2238 472 AURELII
2351 321 3330 472 AUGUSTIN
3343 326 3405 464 Ι

1408 572 1956 698 HIPPON
1979 572 2389 697 ENSIS
2528 571 3169 698 EPISCOPI

793 806 1563 936 EXPOSITIO
1620 811 2568 961 QUARUMDAM
2630 808 3785 937 PROPOSITIONUM

1089 1154 2049 1322 EPISTOLA
2162 1004 2434 1301 AEXD
2550 1154 3493 1303 ROMANOS

1938 1395 2196 1492 ll‘ilm'
2270 1424 2493 1492 unus
2570 1386 2680 1494 (⁸).

3405 195 3902 217 ἡ

1825 1596 2664 1645 ...Μν-

1783 1616 2812 1640 ..Μνα-

2323 1804 2590 1869 egerunt,
2617 1796 2733 1855 hoc
2759 1801 2939 1870 caput
2969 1800 3056 1854 est
3086 1798 3329 1871 peccati,
3362 1797 3438 1856 de
3468 1814 3581 1872 quo
3610 1797 3809 1854 dictum
3835 1802 3926 1864 est,

2323 1887 2575 1944 Initium
2605 1886 2795 1945 omnis
2841 1887 3073 1957 peccati
3096 1889 3374 1959 superbia
3407 1888 3611 1961 (Eccli.
3635 1904 3689 1954 ι,
3714 1887 3810 1959 15).
3839 1887 3924 1953 Qui

2323 1977 2375 2033 si
2404 1977 2628 2047 gratias
2660 1976 2925 2047 egissent
2952 1977 3094 2044 Deo,
3146 1978 3252 2050 qui
3290 1977 3539 2035 dederat
3565 1978 3711 2034 hanc
3737 1976 3925 2048 sapien-

2323 2066 2618 2134 tiam,uon
2631 2065 2743 2122 sibi
2755 2064 2982 2137 aliquid
2996 2066 3340 2123 tribuissent
3357 2065 3791 2139 cogitationibus
3806 2066 3922 2120 suis.

2319 2154 2695 2227 Quapropter
2727 2155 2788 2211 in
2835 2154 3133 2213 desideria
3164 2155 3361 2212 cordis
3411 2156 3503 2212 sui
3535 2154 3719 2212 traditi
3761 2157 3875 2209 sunt
3897 2168 3923 2209 a

2322 2243 2597 2310 Domino,
2632 2247 2694 2301 ut
2722 2242 2983 2300 facerent
3010 2259 3147 2316 quas
3174 2259 3295 2301 non
3324 2244 3719 2301 convenirent.

2392 2360 2453 2415 V.
2483 2358 2598 2433 [lb.
2633 2375 2671 2425 1,
2703 2358 2817 2433 24].
2851 2358 3020 2425 Quod
3045 2366 3246 2417 autem
3277 2360 3447 2427 dicit,
3480 2359 3757 2427 Tradidit,
3788 2356 3922 2414 intel-

2316 2448 2770 2520 ligitur,dimisit
2784 2448 2845 2505 in
2859 2448 3159 2507 desideria
3175 2449 3372 2507 cordis
3400 2466 3628 2508 eorum.
3648 2446 3921 2505 Mercedem

2316 2542 2517 2595 autem
2543 2543 2816 2596 mutuam
2846 2536 2988 2595 dicit
3017 2539 3318 2611 recepisse
3371 2539 3452 2597 de
3509 2540 3645 2608 Deo,
3682 2544 3742 2594 ut
3766 2534 3919 2592 trade-

2314 2630 2521 2685 rentur
2553 2627 2616 2683 in
2641 2626 2937 2686 desideria
2966 2627 3162 2685 cordis
3188 2630 3301 2685 sui.

2387 2752 2474 2805 Vl.
2528 2749 2706 2821 [1b.1,
2762 2753 2852 2819 28,
2903 2751 3015 2821 29].
3072 2749 3242 2816 Quod
3274 2756 3482 2808 autem
3533 2749 3764 2807 demum
3790 2743 3918 2807 dicit,

2318 2838 2593 2896 Tradidit
2633 2838 2771 2895 illos
2823 2840 2977 2895 Deus
3023 2838 3087 2895 in
3136 2839 3456 2908 reprobam
3508 2844 3762 2901 mentem,
3811 2839 3917 2894 etc»

2308 2929 2578 2996 repletos,
2612 2928 2713 2997 ait,
2744 2927 2907 2984 omni
2958 2927 3295 2999 iniquitate,
3332 2927 3517 2986 datur
3572 2925 3816 2997 intelligi,
3861 2919 3920 2975 ad

2308 3016 2651 3073 nocendum
2681 3018 2973 3089 pertinere
3002 3016 3115 3072 ista
3143 3032 3277 3089 qua
3310 3032 3478 3074 nunc
3503 3015 3658 3082 dicit,
3684 3013 3740 3069 id
3760 3016 3836 3068 est
3858 3009 3921 3064 fa-

2306 3105 2532 3162 cinora.
2564 3106 2844 3178 Superius
2871 3109 3073 3162 autem
3097 3104 3337 3162 dicebat
3360 3105 3441 3163 de
3464 3102 3793 3177 corruptelis
3809 3112 3917 3172 quae

646 1803 865 1860 Sensus
880 1796 943 1856 hi
967 1801 1104 1857 sunt
1120 1798 1178 1855 in
1200 1796 1460 1870 Epistola
1479 1797 1559 1856 ad
1581 1800 1882 1856 Romanos
1899 1798 2061 1857 Pauli
2079 1812 2218 1870 apo-

569 1892 721 1949 stoli.
758 1889 957 1947 Primo
983 1888 1254 1945 omnium
1288 1891 1348 1942 ut
1389 1888 1648 1960 quisque
1692 1887 1983 1958 intelligat
2013 1888 2074 1943 in
2104 1887 2218 1943 hac

566 1980 831 2053 Epistola
842 1979 1238 2050 quaestionem
1250 1975 1471 2032 versari
1485 1991 1726 2047 operum
1740 1976 1906 2049 Legis
1920 1980 1974 2032 et
1987 1975 2214 2046 gratiae.

637 2074 1177 2126 Paorosmormus.
1204 2066 1376 2136 [Βοιι.
1403 2078 1591 2134 cap.1,
1618 2064 1679 2127 ῒ.
1700 2064 1782 2139 4.]
1826 2065 1999 2132 Quod
2014 2069 2216 2121 autem

563 2160 663 2227 ait,
694 2156 1021 2215 Secundum
1052 2154 1340 2224 Spiritum
1370 2153 1865 2223 sanctiﬁcationis
1914 2168 1989 2211 ea:
2018 2168 2214 2210 resur-

560 2249 821 2306 rectione
847 2251 1236 2308 mortuorum,
1266 2243 1327 2299 id
1357 2246 1463 2309 est,
1522 2244 1665 2316 quia
1697 2243 1949 2316 Spiritus
1982 2242 2214 2299 donum

558 2340 918 2410 acceperunt
947 2338 1084 2406 post
1110 2334 1238 2404 ejus
1263 2334 1759 2391 resurrectionem
1792 2348 1805 2387 :
1838 2336 2213 2389 mortuorum

553 2442 692 2483 vero
721 2423 1217 2481 resurrectionem
1244 2426 1558 2489 memorat,
1585 2421 1730 2493 quia
1754 2421 1816 2477 in
1843 2420 1974 2494 ipso
2000 2434 2213 2477 omnes

552 2513 821 2569 cruciﬁxi
853 2527 1085 2575 sumus,
1119 2515 1175 2567 et
1204 2509 1658 2565 resurreximus.

623 2603 689 2656 ll.
717 2600 826 2672 [1b.
851 2616 888 2665 1,
921 2600 1029 2673 ll].
1058 2597 1231 2666 Quod
1253 2602 1455 2653 autem
1476 2597 1637 2663 dicit,
1669 2596 1738 2654 Ut
1763 2595 2026 2668 gratiam
2049 2595 2209 2653 vobis

549 2691 921 2763 spiritualem
947 2688 1264 2755 impertiar
1311 2702 1329 2741 :
1369 2684 1745 2742 dilectionem
1778 2685 1996 2741 scilicet
2028 2686 2127 2742 Dei
2153 2690 2207 2742 et

546 2778 821 2853 proximi,
874 2781 936 2832 ut
972 2791 1079 2848 per
1134 2774 1481 2832 charitatem
1537 2774 1745 2830 Christi
1800 2772 2087 2830 Gentibus
2144 2773 2204 2829 in

545 2863 939 2935 Evangelium
967 2861 1196 2919 vocatis
1224 2862 1469 2917 minime
1494 2860 1842 2919 inviderent.

618 2954 708 3009 III.
741 2954 902 3025 [1b.1,
937 2952 1045 3027 l8].
1063 2951 1232 3018 Quod
1256 2955 1457 3008 autem
1476 2950 1638 3017 dicit,
1659 2952 1972 3008 Revelatur
1986 2950 2084 3008 ira
2096 2951 2205 3007 Dei

544 3043 617 3100 de
628 3043 767 3099 cwlo
779 3057 957 3112 super
967 3056 1193 3098 omnem
1206 3039 1585 3111 impietatem,
1601 3046 1716 3097 etc.
1733 3040 2201 3106 ,aitetSalomon

542 3133 617 3188 de
648 3130 1013 3203 sapientibus
1040 3129 1250 3187 mundi
1279 3128 1385 3186 :Si
1412 3130 1565 3186 enim
1614 3135 1843 3186 tantum
1877 3134 2199 3197 potuerunt

540 3222 710 3292 scire,
727 3226 793 3277 ut
801 3225 1037 3290 possent
1060 3219 1355 3276 astimare
1379 3217 1693 3283 saeculum;
1714 3218 2000 3290 quomodo
2012 3218 2199 3286 ipsius

539 3310 751 3368 mundi
779 3308 1093 3365 Dominum
1107 3311 1161 3365 et
1184 3306 1524 3364 Creatorem
1554 3322 1673 3363 non
1693 3305 1943 3377 facilius
1966 3306 2197 3363 invene-

538 3407 684 3458 runt
703 3399 868 3472 (Sap.
899 3414 1018 3469 χιιι,
1049 3398 1103 3467 9)
1130 3409 1157 3453 ?
1180 3396 1299 3452 Sed
1328 3411 1481 3469 quos
1512 3396 1706 3467 arguit
1730 3394 2040 3462 Salomon,
2074 3410 2195 3452 non

540 3492 949 3561 cognoverunt
968 3502 1074 3560 per
1084 3489 1421 3543 creaturam
1435 3486 1770 3541 Creatorem
1788 3501 1800 3540 :
1817 3499 1970 3557 quos
1992 3489 2193 3541 autem

540 3579 734 3650 arguit
759 3577 1105 3651 Apostolus,
1119 3578 1551 3646 cognoverunt;
1572 3576 1678 3630 sed
1691 3575 1912 3644 gratias
1928 3588 2050 3629 non
2062 3589 2193 3645 ege-

539 3674 699 3733 runt,
732 3672 788 3723 et
815 3668 1073 3727 dicentes
1096 3681 1158 3721 se
1188 3680 1320 3720 esse
1338 3664 1661 3737 sapientes,
1684 3662 1843 3719 stulti
1867 3661 2005 3719 facti
2029 3667 2188 3735 sunt,

540 3765 596 3813 et
625 3757 703 3812 ad
734 3756 984 3812 colenda
1010 3754 1336 3811 simulacra
1354 3752 1907 3825 deciderunt(Rom.
1924 3767 1962 3822 1,
1982 3753 2188 3824 21-23).

537 3845 689 3901 Nam
703 3845 1002 3915 sapientes
1015 3842 1287 3899 Gentium
1303 3840 1468 3914 quod
1482 3840 1815 3897 invenirent
1829 3842 2185 3907 Creatorem,

540 3931 851 3990 manifeste
876 3930 1037 3987 idem
1069 3930 1396 4002 apostolus,
1429 3944 1568 3985 cum
1614 3929 2076 3985 Atheniensibus
2103 3929 2189 3987 lo-

536 4024 838 4096 queretur,
870 4018 1151 4077 ostendit.
1178 4019 1498 4075 Cumenim
1530 4017 2039 4085 dixisset,Quiain
2057 4019 2185 4089 ipso

535 4112 806 4178 vivimus,
838 4116 894 4167 et
918 4122 1241 4172 movemur,
1274 4111 1326 4164 et
1350 4121 1552 4162 sumus
1577 4126 1601 4177 ;
1630 4106 1881 4173 addidit,
1913 4108 2075 4163 Sicut
2130 4115 2183 4165 et

531 4202 774 4275 quidam
791 4198 1115 4257 secundum
1146 4212 1244 4254 vos
1272 4196 1557 4253 dixerunt
1580 4196 1733 4264 (Act.
1764 4210 1905 4261 xvu,
1932 4197 2045 4269 28).
2066 4199 2184 4255 Hac

530 4298 732 4349 autem
762 4288 1088 4346 intentione
1109 4286 1273 4358 prius
1287 4285 1482 4355 arguit
1504 4285 1869 4357 impietatem
1886 4286 2178 4360 Gentium,

530 4388 592 4438 ut
622 4397 695 4438 ex
722 4378 1055 4451 hacprobet
1084 4377 1263 4432 etiam
1277 4374 1354 4432 ad
1384 4373 1641 4446 gratiam
1654 4388 1830 4445 posse
1844 4375 2182 4446 pertingere

524 4485 866 4529 conversos.
898 4466 1183 4539 lnjustum
1213 4470 1301 4520 est
1328 4464 1488 4523 enim
1541 4479 1601 4519 ιιι
1631 4477 1877 4536 poenam
1927 4466 2181 4523 subeant

522 4559 869 4631 impietatis,
902 4564 959 4612 et
986 4555 1304 4628 praemium
1334 4552 1473 4610 fidei
1502 4568 1625 4610 non
1654 4551 1969 4624 accipiant.

595 4641 680 4694 1V.
718 4640 735 4709 [
764 4639 847 4694 Ib.
882 4656 919 4702 1,
952 4634 1064 4708 21].
1094 4634 1268 4701 Quod
1298 4639 1499 4693 autem
1557 4633 1720 4697 dicit,
1753 4633 2175 4704 Cognoscentes

426 4781 435 4793 ,
525 4727 722 4791 Deum,
753 4741 873 4782 non
898 4732 962 4780 ut
1016 4725 1205 4780 Deum
1234 4722 1747 4794 gloriﬁcaverunt,
1779 4728 1886 4779 aut
1942 4724 2173 4794 gratias

2304 3193 2532 3265 ﬂagitia
2559 3194 2965 3259 nominantur,
2989 3209 3059 3251 ex
3088 3195 3312 3266 quibus
3339 3195 3424 3251 ad
3448 3195 3711 3251 facinora
3758 3201 3919 3263 perve-

2304 3284 2492 3354 nitur;
2523 3283 2815 3356 quouiam
2845 3283 3108 3356 quisque
3140 3283 3549 3355 perniciosam
3581 3278 3914 3339 dulcedinem

2302 3370 2665 3442 ﬂagitiorum
2717 3386 2997 3443 sequens,
3049 3371 3197 3427 dum
3245 3372 3644 3444 impedientes
3676 3378 3918 3442 personas

2299 3469 2605 3516 removere
2631 3465 2901 3525 conatur,
2930 3460 3120 3531 pergit
3146 3460 3207 3516 in
3239 3458 3502 3517 facinus.
3533 3461 3625 3516 Sic
3648 3456 3918 3514 distinctus

2300 3555 2391 3605 est
2416 3550 2593 3606 etiam
2609 3548 2704 3605 ille
2726 3547 2893 3604 locus
2916 3548 2977 3603 in
2998 3548 3301 3621 Sapientia
3321 3549 3682 3614 Salomonis,
3708 3545 3915 3601 ubicum

2297 3642 2709 3694 enumerasset
2734 3636 3045 3709 superiora
3072 3636 3318 3709 ﬂagitia,
3357 3640 3445 3696 ait
3477 3656 3491 3695 :
3527 3630 3916 3696 Circumvenia-

2296 3743 2427 3784 mus
2450 3741 2767 3800 pauperem
2784 3729 3041 3797 justum,
3073 3714 3357 3799 quoniam
3409 3727 3647 3787 inutilis
3680 3727 3757 3783 est
3782 3719 3916 3778 nobis

2297 3816 2460 3887 (Sap.
2494 3832 2555 3885 11,
2592 3818 2700 3887 l2),
2735 3821 2844 3872 etc.

2369 3923 2624 3979 VII-VIII.
2656 3921 2767 3996 [1b,
2802 3938 2841 3989 1,
2874 3926 2980 3996 32;
3015 3939 3076 3988 11,
3108 3922 3185 3997 1].
3216 3925 3395 3991 Quod
3424 3928 3626 3983 autem
3655 3921 3801 3983 dicit,
3818 3918 3913 3975 Non

2292 4013 2601 4085 solumqui
2610 4027 2679 4070 ea
2710 4012 2969 4082 faciunt,
3002 4013 3292 4071 sedetiam
3327 4016 3438 4087 qui
3472 4006 3915 4077 consentiuntfa-

2291 4100 2598 4169 cientibus,
2621 4101 2923 4172 signiﬁcat
2941 4102 3087 4174 quia
3110 4118 3514 4178 quaecumque
3530 4102 3797 4164 fecerunt,
3817 4108 3913 4151 non

2290 4189 2457 4247 inviti
2479 4190 2521 4257 ί,
2546 4191 2653 4248 sed
2681 4207 2819 4248 cum
2849 4191 2928 4249 ad
2964 4190 3126 4248 mala
3150 4191 3309 4251 facta
3341 4194 3738 4257 consentiunt,
3763 4186 3911 4245 etiam

2290 4277 2390 4337 illa
2419 4296 2553 4352 qua;
2578 4279 2846 4337 fecerunt
2871 4280 3289 4353 'approbant:
3319 4287 3379 4340 et
3409 4282 3547 4339 ideo
3579 4281 3652 4337 de
3678 4272 3911 4352 perfectis

2283 4368 2413 4439 jam
2444 4369 2703 4441 peccatis
2734 4368 2877 4425 dicit
2903 4373 2944 4440 ³,
3001 4369 3322 4440 Propterea
3354 4367 3771 4429 inexcusabilis
3793 4378 3861 4429 es,
3884 4374 3909 4415 ο

2288 4456 2459 4514 homo
2481 4458 2671 4514 omnis
2719 4457 2824 4529 qui
2840 4457 3106 4527 judicas.
3143 4457 3348 4516 Omnis
3377 4466 3584 4517 autem
3615 4473 3745 4514 cum
3771 4451 3909 4514 dicit,

2286 4546 2584 4603 subintrat
2599 4547 2727 4617 jam
2748 4554 2809 4602 ut
2829 4552 3119 4604 monstret
3142 4563 3262 4605 non
3286 4549 3486 4606 solum
3506 4546 3803 4612 Gentilem,
3820 4537 3908 4595 sed

2282 4635 2462 4692 etiarn
2491 4634 2761 4692 Judteum
2789 4637 2895 4709 qui
2915 4637 3246 4694 secundum
3274 4638 3499 4711 Legem
3526 4635 3758 4696 volebat
3778 4627 3912 4704 judi-

2279 4739 2417 4781 care
2449 4724 2523 4781 de
2550 4725 2855 4782 Gentibus.

1645 4845 2009 4897 ADMONlTIO
2069 4848 2167 4897 PP.
2225 4847 2816 4901 BENEDICTINORUM.

586 4942 786 4995 Collata
813 4949 893 5008 est
909 4941 1575 5008 (prtesens_E_xpositio)_ad
1590 4941 2023 5008 Mss.Victorinos
2047 4945 2275 5002 duos,ad
2294 4961 2461 4996 unum
2485 4948 2823 5006 Vaticanum,
2844 4949 2911 4998 ad
2952 4948 3288 5008 Thuaneum,
3303 4950 3700 5004 Corbeiensem,
3721 4946 3903 5008 Germ!-

520 5005 1916 5077 nensem,Colbertinumﬁlolyensem,Navarricum,et
1929 5010 2573 5077 u_numAB_ernardinorum
2590 5011 2902 5077 Parisiensis
2918 5012 3146 5077 collegii;
3163 5012 3230 5062 ad
3246 5005 3517 5065 variantes
3530 5013 3777 5077 lectiones
3795 5006 3901 5077 [αρν.

521 5071 781 5141 extribus
813 5069 1035 5141 Belgicis
1056 5066 1328 5141 codicibus
1356 5085 1370 5128 ς
1399 5068 1466 5117 ad
1498 5067 1757 5141 editiones
1954 5072 2035 5141 lir.
2067 5075 2119 5120 et
2154 5074 2283 5141 Lov.
2316 5073 2518 5132 Quibus
2544 5074 2598 5141 in
2634 5073 2959 5141 editionibus
2997 5066 3347 5141 observamus
3373 5076 3792 5141 propositionum
3816 5066 3903 5141 dis:

519 5134 848 5204 tinctionem
879 5130 1024 5204 haud
1059 5145 1174 5204 esse
1200 5131 1469 5204 idoneam,
1498 5142 1607 5180 una
1655 5130 1905 5202 videlicet
1929 5136 2089 5204 atque
2117 5130 2706 5204 eadempropositione
2734 5137 2788 5204 in
2818 5137 2953 5204 duas
2991 5137 3237 5201 pluresve
3263 5130 3721 5204 passim'dissecta
3745 5148 3755 5191 ;
3781 5137 3903 5180 nunc

513 5208 674 5260 porro
704 5196 810 5246 alia
838 5195 1020 5245 induci
1047 5194 1317 5244 distinctio
1344 5207 1467 5242 cum
1492 5194 1890 5243 numericarum
1919 5194 2173 5245 notarum
2218 5194 2517 5248 mutatione
2552 5212 2660 5247 non
2697 5200 2888 5262 potuit,
2922 5194 3227 5263 ne'pareret
3254 5194 3649 5251 confusionem.

602 5284 1170 5377 Comparavimus
1200 5296 1548 5374 praeterea
1579 5306 1806 5351 omnes
1833 5282 2163 5353 editiones
2195 5284 2394 5353 initio
2429 5286 2614 5354 Retr.
2652 5294 2718 5354 et
2744 5286 3052 5357 Confess.
3087 5302 3137 5357 ί.
3174 5291 3235 5373 1,
3270 5303 3707 5357 memoratas.
3740 5282 3819 5354 M.

571 5401 642 5460 (α)
666 5400 902 5464 Scriptus
936 5402 1145 5451 circiter
1170 5400 1359 5450 Christi
1388 5412 1477 5449 an.
1509 5401 1598 5448 394
1624 5414 1635 5448 :
1663 5399 1864 5449 scilicet
1885 5401 2185 5464 Augustino
2215 5401 2391 5452 adhuc
2416 5401 2747 5466 presbytero,
2774 5416 2842 5453 ex
2876 5402 2968 5453 lib.
3000 5405 3024 5452 1
3061 5387 3316 5466 Retract,
3337 5418 3460 5470 cap.
3488 5407 3568 5463 23,
3596 5419 3656 5462 ιι,
3691 5404 3736 5454 1.

564 5489 575 5516 ¹
606 5487 767 5551 Editi:
800 5503 904 5537 non
935 5489 1356 5551 inviti/cccrunt.
1381 5488 1513 5539 Nam
1540 5503 1650 5537 cum
1671 5488 1737 5536 ad
1766 5489 1925 5542 mala.
1949 5490 2017 5539 At
2036 5503 2147 5539 om-

498 5562 592 5614 nes
610 5548 713 5614 Mss
726 5587 737 5597 .
752 5587 763 5606 ,
780 5565 886 5597 non
908 5552 1083 5608 inviti,
1100 5548 1185 5599 sed
1203 5566 1330 5607 cum,
1362 5556 1483 5609 etc.,
1508 5555 1727 5614 excepto
1744 5565 1852 5601 uno
1872 5552 2144 5603 Victorino

495 5610 929 5679 qu_i_i_1q_b_c_3t,_v_r_on
964 5613 1122 5662 inviti
1139 5614 1388 5679 fecerunt,
1424 5614 1509 5679 sed
1538 5610 1673 5664 cuni.

551 5677 571 5716 ³
602 5672 743 5730 Editi
767 5687 778 5722 :
799 5672 897 5723 illa
917 5688 1026 5739 qua:
1044 5672 1152 5725 non
1173 5675 1416 5738 fecerunt.
1438 5674 1618 5735 Abest,
1636 5689 1762 5740 non,
1793 5677 1862 5729 ab
1878 5680 1999 5730 octo
2019 5678 2144 5729 Mss.

2256 5552 2376 5602 Mss.
2402 5552 2586 5604 carent
2632 5552 2744 5605 istis
2785 5555 2979 5613 verbis,

2254 5615 2469 5682 initium
2506 5621 2633 5666 sunt
2658 5609 3044 5682 Propositionis
3088 5622 3307 5671 octavae.
3360 5609 3685 5670 Sed'contra
3719 5616 3766 5682 in
3795 5609 3889 5682 Βίεὲ

2255 5677 2420 5731 verba
2439 5680 2723 5745 sequentia
2749 5672 2819 5734 ad
2847 5682 3272 5748 Propositionem
3295 5684 3585 5750 septimam
3628 5672 3887 5746 pertinent

3076 5493 3221 5554 Quod
3231 5500 3403 5545 autem
3423 5495 3521 5553 ait,
3540 5484 3892 5554 Proptcrsq.st

2318 5491 2335 5519 ⁸
2352 5490 2507 5547 Editi,
2532 5493 2645 5554 jam
2667 5493 2883 5555 peccatis
2900 5493 3044 5547 dicit.
3076 5493 3403 5554 Quodautcm
3423 5495 3521 5553 ait,
3540 5494 3824 5556 Propterea.-
3839 5490 3889 5553 si

2318 5566 2376 5620 is.
2402 5557 2586 5604 carent
2632 5556 2744 5620 is_tis
2785 5555 2979 5620 verbis,
3011 5556 3155 5617 Quod
3177 5562 3342 5607 autem
3368 5559 3448 5609 ait
3471 5572 3491 5619 ,'
3523 5570 3640 5620 quae
3675 5554 3731 5620 in_
3754 5547 3889 5620 et!!!“

3011 5556 3155 5617 Quod
3177 5562 3342 5607 autem
3368 5559 3448 5609 ait
3471 5572 3491 5619 ,'
