4182 6198
262 195 405 251 2065

333 321 422 378 1X.
455 316 567 391 [lb.
601 330 662 379 ιι,
697 311 775 386 5.]
805 307 974 376 Quod
1003 309 1202 364 autem
1234 303 1397 365 dicit,
1429 295 1816 391 T/iesaurizas
1843 294 1918 348 ti-

264 411 324 468 bi
351 386 505 465 iram
532 406 594 460 in
627 403 722 459 die
748 403 875 462 ira,
905 398 1057 453 iram
1091 394 1192 449 Dei
1247 393 1469 463 ubique
1496 386 1759 460 loquitur
1809 399 1916 455 pro

261 497 549 555 vindicta.
574 492 800 548 Idcirco
825 488 907 544 ait
929 486 1081 558 justi
1120 481 1344 554 judicii
1393 479 1516 536 Dei.
1575 473 1914 532 Notandum

261 590 466 644 autem
489 582 634 656 quia
662 581 750 636 ira
772 577 870 634 Dei
894 575 1202 648 ponituret
1222 573 1281 626 in
1312 573 1471 627 Novo
1497 568 1872 622 Testamento

260 675 428 751 quod
444 650 581 729 cum
603 671 663 726 in
694 669 903 724 Vetere
935 661 1424 735 leguntbomines
1446 658 1549 730 qui
1573 654 1710 725 Legi
1736 650 1915 708 veteri

259 743 656 823 adversantur
678 760 778 830 (a),
803 754 1168 827 culpandam
1182 767 1315 807 eam
1340 751 1582 820 putant;
1605 759 1740 799 cum
1762 743 1915 797 Deus

259 855 487 926 utique,
521 850 694 906 sicuti
722 863 854 912 nos,
879 840 1400 918 pertubationibus
1429 852 1551 893 non
1584 834 1911 904 subjaceat,

260 925 495 1002 dicente
526 939 868 1002 Salomone,
907 937 991 990 Tu
1043 937 1261 996 autem,
1309 927 1554 984 Domine
1600 925 1910 985 virtutum,

263 1049 397 1091 cum
426 1028 868 1101 tranquillitate
888 1025 1131 1095 judicas
1159 1020 1315 1093 (Sap.
1372 1034 1464 1086 xu,
1503 1015 1603 1087 18).
1657 1012 1774 1067 Sed
1804 1011 1912 1075 ira,

262 1127 328 1178 ut
356 1122 579 1177 dictum
607 1121 713 1183 est,
759 1117 818 1171 in
867 1113 1145 1169 vindictae
1176 1106 1608 1179 signiﬁcatione
1648 1101 1906 1174 ponitur.

339 1241 396 1294 X.
445 1235 547 1303 [1b.
590 1251 648 1299 ιι,
693 1230 806 1304 15.]
865 1227 1037 1296 Quod
1082 1230 1280 1281 autem
1321 1221 1477 1285 dicit,
1542 1219 1919 1276 Contestante

265 1326 621 1384 conscientia
646 1324 915 1384 illorum,
948 1315 1278 1372 secundum
1313 1309 1727 1380 illudloquitur
1743 1308 1918 1362 Joan-

264 1417 360 1472 nis
411 1412 668 1486 apostoli
706 1427 823 1483 quo
858 1408 957 1470 ait,
998 1402 1396 1466 Dilectissimi,
1431 1400 1480 1456 si
1509 1414 1612 1455 cor
1650 1401 1916 1452 nostrum

263 1521 369 1562 nos
405 1485 874 1572 reprehenderit,
907 1498 1103 1566 major
1133 1499 1210 1550 est
1240 1492 1392 1548 Deus
1420 1485 1776 1546 conscientia
1793 1499 1919 1539 nos-

267 1601 387 1663 tra,
421 1599 554 1656 etc.,
590 1592 631 1661 (l
655 1591 829 1646 Joan.
866 1601 949 1652 ιιι,
977 1586 1094 1655 20).

335 1710 431 1765 Χῐ.
463 1709 569 1780 [11).
598 1723 655 1771 ιι,
700 1704 818 1778 29.]
851 1701 1021 1769 Quod
1053 1704 1253 1755 autem
1285 1695 1447 1759 dicit,
1507 1691 1751 1762 Spiritu,
1803 1706 1919 1746 non

269 1802 488 1866 littera,
524 1797 636 1852 hoc
662 1800 768 1859 est,
804 1789 1221 1848 utsecundum
1249 1785 1682 1857 spiritum,non
1712 1795 1920 1835 secun-

264 1890 413 1946 dum
447 1885 613 1959 quod
643 1882 825 1940 habet
882 1881 1097 1946 littera,
1160 1879 1270 1932 Lex
1323 1872 1724 1942 intelligatur:
1754 1866 1920 1940 quod

271 1978 478 2048 utique
504 1970 876 2043 contigitillis
903 1968 1008 2042 qui
1035 1963 1553 2022 circumcisionem
1575 1959 1765 2029 magis
1795 1973 1920 2013 car-

267 2066 481 2122 naliter
505 2078 691 2135 quam
709 2057 1092 2132 spiritualiter
1113 2054 1490 2125 acceperunt.

341 2183 449 2238 XII.
478 2180 588 2254 [lb.
618 2197 671 2243 ιι,
691 2175 807 2250 29.]
830 2173 997 2241 Quod
1016 2176 1215 2229 autem
1242 2169 1402 2236 dicit,
1433 2167 1610 2238 Cujus
1641 2167 1774 2221 laus
1800 2178 1918 2254 non

265 2287 342 2330 ea:
367 2253 719 2334 hominibus,
751 2267 852 2323 sed
881 2280 956 2322 ex
1002 2264 1131 2327 Deo,
1194 2259 1277 2316 illi
1321 2257 1598 2315 convenit
1630 2255 1793 2327 quod
1816 2253 1918 2318 ait,

271 2363 388 2427 Qui
416 2361 479 2417 in
517 2365 734 2417 secreto
755 2357 995 2414 Iudaeus
1022 2359 1126 2411 est.

340 2477 672 2533 XIII-XVIII.
708 2474 817 2549 [1b.
853 2489 933 2536 ιιι,
966 2471 1077 2541 20.]
1108 2467 1270 2536 Quod
1307 2469 1508 2522 autem
1555 2461 1718 2524 dicit,
1771 2459 1921 2526 Quia

265 2584 387 2624 non
401 2564 840 2636 justiﬁcabitur
865 2562 926 2616 in
961 2562 1107 2630 Lege
1137 2557 1324 2614 omnis
1357 2570 1493 2611 caro
1532 2567 1733 2608 coram
1761 2551 1870 2606 illo
1901 2564 1918 2603 :

265 2672 376 2726 per
415 2655 591 2726 legem
621 2654 774 2709 enim
803 2649 1058 2722 cognitio
1088 2647 1332 2717 peccati,
1365 2646 1648 2699 etctetera
1679 2639 1916 2706 similia,

271 2761 406 2817 quae
438 2742 690 2815 quidam
718 2745 929 2812 putant
961 2740 1020 2792 in
1070 2733 1494 2793 contumeliam
1548 2732 1715 2800 Legis
1769 2728 1919 2800 obji-

268 2833 503 2898 cienda,
523 2831 768 2887 sollicite
796 2829 935 2883 satis
965 2825 1220 2896 legenda
1252 2828 1408 2887 sunt,
1429 2827 1491 2876 ut
1520 2835 1712 2892 neque
1735 2819 1828 2876 lex
1846 2817 1919 2874 ab

265 2921 550 2994 Apostolo
582 2918 920 2990 improbata
951 2915 1244 2980 videatur,
1272 2925 1465 2982 neque
1497 2908 1722 2964 homini
1757 2906 1920 2962 arbi-

269 3010 445 3067 trium
479 3009 734 3065 liberum
757 3008 838 3062 sit
881 3006 1170 3061 ablatum.
1222 3005 1424 3072 Itaque
1477 3003 1736 3070 quatuor
1773 2996 1916 3051 istos

262 3098 492 3171 gradus
523 3097 785 3153 hominis
819 3095 1260 3162 distinguamus
1289 3108 1304 3158 ;
1336 3094 1472 3144 ante
1519 3089 1752 3155 Legem,
1801 3083 1914 3138 sub

263 3190 438 3258 Lege,
472 3189 587 3242 sub
619 3186 828 3256 gratia,
862 3184 922 3238 in
954 3198 1123 3254 pace.
1151 3184 1296 3235 Ante
1340 3180 1573 3249 Legem;
1605 3172 1914 3244 sequimur

259 3276 813 3348 concupiscentiam
846 3274 1082 3328 carnis:
1129 3268 1240 3324 sub
1294 3268 1462 3336 Lege,
1512 3264 1803 3321 trahimur
1833 3261 1910 3317 ab

254 3382 330 3421 ea
365 3384 378 3418 :
416 3366 531 3421 sub
563 3365 772 3435 gratia,
805 3377 915 3418 nec
947 3358 1255 3432 sequimur
1276 3372 1432 3420 eam,
1467 3370 1575 3410 nec
1619 3352 1912 3408 trahimur

255 3453 337 3509 ab
362 3469 472 3510 ea:
516 3454 575 3508 in
624 3467 790 3523 pace,
820 3449 984 3505 nulla
1023 3453 1112 3503 est
1143 3444 1626 3516 concupiscentia
1687 3440 1908 3497 carnis.

252 3545 404 3599 Ante
435 3543 650 3611 Legem
694 3555 835 3608 ergo
868 3553 987 3594 non
1030 3551 1417 3608 pugnamus;
1472 3533 1615 3603 quia
1655 3545 1775 3585 non
1818 3545 1915 3583 so-

247 3629 376 3686 lum
404 3629 892 3700 concupiscimus
907 3632 962 3681 et
987 3639 1327 3707 peccamus,
1359 3623 1464 3676 sed
1491 3621 1667 3676 etiam
1696 3633 1912 3689 appro-

252 3721 468 3776 bamus
485 3724 758 3791 peccata:
790 3717 903 3772 sub
925 3716 1073 3784 Lege
1096 3728 1459 3785 pugnamus,
1477 3709 1579 3765 sed
1597 3708 1908 3772 vincimur;

249 3809 511 3865 fatemur
542 3808 701 3864 enim
727 3805 889 3862 mala
915 3819 1042 3860 esse
1075 3819 1209 3875 quae
1250 3801 1527 3864 facimus,
1571 3801 1628 3852 et
1665 3795 1908 3853 fatendo

249 3898 412 3954 mala
429 3912 582 3961 esse,
604 3896 805 3968 utique
823 3894 1108 3950 nolumus
1125 3890 1451 3954 facere,sed
1469 3887 1613 3960 quia
1635 3884 1906 3941 nondum

243 3990 336 4042 est
374 3986 584 4056 gratia,
620 3998 1003 4056 superamur.
1052 3982 1118 4035 In
1155 3980 1266 4036 isto
1329 3977 1516 4051 gradu
1573 3974 1907 4031 ostenditur

247 4073 428 4129 nobis
443 4074 1103 4146 quomodojaceamus,
1129 4069 1343 4124 etdum
1359 4081 1602 4136 surgere
1624 4065 1904 4120 volumus

246 4162 614 4227 etcadimus,
639 4163 877 4232 gravius
891 4159 1233 4230 afﬂigimur.
1255 4157 1392 4212 inde
1407 4157 1504 4212 hic
1517 4155 1750 4219 dicitur,
1781 4155 1903 4210 Lex

246 4252 630 4322 subintravit,
663 4258 724 4308 ut
766 4251 1098 4307 abundaret
1134 4247 1415 4303 delictum
1460 4246 1646 4309 (Rom.
1674 4259 1728 4306 v,
1771 4243 1890 4312 20).

248 4341 395 4396 Inde
423 4347 478 4396 et
498 4342 659 4413 quod
687 4355 848 4395 nunc
869 4339 1134 4410 positum
1156 4335 1390 4401 est,Per
1420 4335 1621 4403 Legem
1638 4331 1791 4388 enim
1815 4346 1900 4387 co-

245 4430 691 4500 gnitiopeccati.
713 4433 840 4486 Non
863 4428 1024 4483 enim
1053 4426 1274 4483 ablatio
1303 4422 1532 4496 peccati
1575 4426 1662 4477 est
1709 4437 1723 4487 ;
1756 4420 1900 4491 quia

251 4535 360 4590 per
391 4519 584 4574 solam
611 4518 865 4591 gratiam
903 4517 1167 4572 aufertur
1218 4518 1554 4586 peccatum.
1593 4513 1757 4567 Bona
1813 4514 1900 4564 est

250 4625 396 4679 ergo
422 4611 553 4673 Lex,
579 4608 806 4681 quiaea
826 4611 981 4662 vetat
1003 4621 1137 4677 quae
1170 4603 1427 4659 vetanda
1449 4606 1603 4666 sunt,
1633 4604 1689 4656 et
1713 4615 1782 4656 ea
1807 4600 1898 4670 ju-

251 4697 352 4753 bet
383 4713 519 4770 quae
539 4696 812 4768 jubenda
832 4700 987 4751 sunt.
1014 4694 1126 4751 Sed
1154 4708 1290 4748 cum
1308 4690 1565 4763 quisque
1587 4689 1752 4745 illam
1767 4688 1899 4744 viri-

248 4785 364 4842 bus
395 4786 518 4840 suis
549 4801 610 4840 se
639 4790 808 4856 putat.
859 4783 1123 4854 implere,
1159 4796 1277 4835 non
1312 4795 1414 4851 per
1444 4780 1696 4847 gratiam
1739 4778 1900 4832 Libe-

247 4875 464 4930 ratoris
486 4875 596 4936 sui,
621 4873 772 4929 nihil
801 4873 850 4927 ei
875 4872 1119 4944 prodest
1144 4871 1256 4925 ista
1308 4867 1698 4940 praesumptio
1728 4883 1739 4921 :
1775 4867 1897 4922 imo

245 4963 427 5019 etiam
457 4968 686 5019 tantum
718 4966 910 5025 nocet,
968 4965 1029 5016 ut
1083 4966 1138 5015 et
1190 4957 1611 5014 vehementiori
1669 4956 1897 5026 peccati

246 5051 551 5108 desiderio
572 5051 858 5123 rapiatur,
887 5054 942 5104 et
972 5049 1029 5104 in
1063 5047 1319 5120 peccatis
1342 5046 1521 5101 etiam
1553 5046 1898 5115 praevarica-

243 5145 334 5196 tor
363 5141 718 5196 inveniatur.
752 5139 859 5196 Ubi
883 5138 1033 5194 enim
1065 5153 1182 5193 non
1223 5142 1304 5192 est
1340 5137 1480 5199 Lex,
1515 5149 1620 5190 nec
1667 5148 1897 5203 praeva-

244 5230 461 5287 ricatio
490 5230 595 5300 (Id.
629 5246 704 5292 iv,
747 5231 849 5299 15).
886 5228 976 5284 Sic
994 5227 1354 5297 ergojacens
1380 5241 1519 5280 cum
1553 5241 1616 5280 se
1640 5225 1897 5296 quisque

243 5318 593 5388 cognoverit
615 5334 721 5390 per
742 5317 1006 5389 seipsum
1024 5332 1263 5385 surgere
1293 5332 1413 5371 non
1441 5315 1657 5379 valere,
1687 5315 1898 5385 implo-

240 5413 324 5464 ret
359 5408 714 5464 Liberatoris
737 5405 1052 5463 auxilium.
1109 5406 1281 5461 Venit
1319 5420 1461 5475 ergo
1523 5403 1714 5474 gratia
1759 5419 1896 5479 qum

242 5495 426 5553 donet
450 5500 696 5568 peccata
717 5496 1034 5566 praeterita,
1071 5501 1126 5551 et
1173 5500 1495 5552 conantem
1551 5493 1809 5564 adjuvet,
1843 5497 1900 5548 et

241 5585 462 5641 tribuat
508 5584 864 5641 charitatem
914 5585 1180 5655 justitiee,
1243 5590 1298 5639 et
1359 5583 1590 5640 auferat
1647 5587 1894 5640 metum.

331 5721 398 5784 (α)
429 5719 731 5772 Μαηὶοιιωι.

661 179 1125 255 QUARUMDAM
1163 171 1540 235 PBOPOSIT.
1583 171 1670 228 EX
1708 163 1936 225 EPIST.
1975 162 2074 220 AD
2115 166 2318 240 ROM.,
2363 177 2422 238 S.
2467 180 2849 238 AUGUSTINI
2889 181 3285 240 EXPOSITIO.

3540 185 3680 245 2066

2029 299 2198 364 Quod
2228 318 2365 359 cum
2393 306 2478 371 tit,
2512 312 2695 363 tamet
2725 309 2770 363 si
2814 307 3111 364 desideria
3141 310 3418 379 quaedam
3459 316 3675 384 carnis,

2027 388 2173 445 dum
2203 391 2262 446 in
2283 392 2396 449 hac
2410 396 2531 450 vita
2547 412 2773 462 sumUS,
2795 397 3085 452 adversus
3104 397 3379 469 spiritum
3402 407 3675 459 nostrum

2025 486 2317 549 pugnant,
2342 487 2406 538 ut
2444 500 2580 540 eum
2613 487 2833 542 ducant
2854 487 2911 540 in
2935 493 3246 557 peccatum
3275 504 3289 554 ;
3327 503 3442 543 non
3476 495 3675 547 tamen

2023 567 2116 622 his
2131 569 2437 627 desideriis
2457 575 2831 629 consentiens
2847 575 3397 647 spiritus,quoniam
3416 583 3502 633 est
3519 578 3674 635 ﬁxus

2024 656 2084 711 in
2111 659 2303 730 gratia
2329 666 2384 716 et
2404 662 2689 719 charitate
2705 664 2825 728 Dei,
2842 664 3061 719 desinit
3087 681 3350 736 peccare.
3375 670 3499 722 Non
3515 669 3675 724 enim

2025 745 2084 800 in
2104 746 2233 818 ipso
2259 749 2556 807 desiderio
2583 767 2790 823 pravo,
2820 753 2922 808 sed
2956 754 3013 808 in
3049 760 3252 810 nostra
3281 757 3676 813 consensione

2025 850 2365 905 peccamus.
2395 841 2482 894 Ad
2503 841 2616 896 hoc
2641 841 2962 914 valetquod
2994 843 3133 898 dicit
3162 844 3320 899 idem
3347 845 3672 916 apostolus,

2025 924 2156 979 Non
2188 941 2327 997 ergo
2359 938 2560 999 regnet
2573 938 2873 999 peccatum
2904 931 2967 985 in
2996 938 3185 988 vestro
3213 934 3454 989 mortali
3470 950 3671 1004 corpo-

2024 1028 2089 1068 re
2113 1015 2195 1069 ad
2219 1017 2602 1075 obedientium
2631 1019 2933 1075 desideriis
2965 1022 3279 1091 ejus(Rom.
3303 1037 3382 1086 v1,
3417 1023 3674 1092 t2).Hinc

2023 1103 2183 1158 enim
2213 1106 2471 1162 ostendit
2500 1124 2626 1164 esse
2652 1108 2967 1175 desideria,
2997 1110 3217 1182 quibus
3248 1127 3367 1167 non
3390 1111 3674 1168 obedien-

2025 1191 2127 1258 do,
2150 1196 2544 1263 peccatumin
2575 1197 2747 1252 nobis
2777 1213 3026 1266 regnare
3071 1214 3194 1254 non
3239 1199 3507 1254 sinimus.
3558 1200 3674 1256 Sed

2025 1280 2315 1351 quoniam
2348 1282 2459 1339 ista
2489 1284 2791 1341 desideria
2817 1286 2889 1340 de
2912 1287 3107 1341 carnis
3136 1288 3487 1344 mortalitate
3535 1306 3672 1345 nas-

2027 1374 2260 1435 cuntur,
2290 1386 2424 1443 quae
2454 1372 2743 1429 trahimus
2781 1389 2851 1429 ex
2883 1376 3079 1446 primo
3106 1381 3348 1446 peccato
3373 1379 3548 1448 primi
3570 1379 3672 1435 ho-

2027 1459 3028 1523 minis,undecarnaliternascimur
3057 1481 3069 1530 ;
3087 1479 3206 1521 non
3226 1465 3502 1521 ﬁnientur
3522 1467 3671 1533 haec,

2027 1546 2141 1601 nisi
2191 1550 2620 1606 resurrectione
2668 1552 2933 1622 corporis
2976 1552 3456 1610 immutationem
3489 1554 3671 1619 illam,

2028 1651 2163 1708 quae
2193 1637 2368 1694 nobis
2402 1641 2780 1710 promittitur,
2815 1641 3232 1708 meruerimus,
3257 1642 3359 1697 ubi
3415 1644 3677 1715 perfecta

2031 1739 2150 1796 pax
2177 1726 2302 1791 erit,
2332 1728 2540 1784 cumin
2559 1735 2776 1800 quarto
2800 1729 2993 1799 gradu
3017 1731 3447 1787 constituemur
3477 1733 3519 1789 ¹.
3539 1732 3675 1788 Ideo

2014 1818 2231 1877 ;autem
2269 1815 2530 1886 perfecta
2551 1831 2687 1888 pax,
2723 1818 2865 1888 quia
2891 1817 3036 1874 nihil
3072 1819 3247 1874 nobis
3282 1819 3507 1876 resistet
3554 1837 3675 1876 non

2028 1903 2438 1959 resistentibus
2466 1908 2608 1962 Deo.
2641 1907 2761 1962 Hoc
2801 1911 2889 1961 est
2928 1907 3092 1978 quod
3136 1908 3276 1964 dicit
3337 1909 3674 1979 Apostolus,

2029 1993 2260 2061 Corpus
2285 1995 2518 2064 quidem
2561 2000 2855 2052 mortuum
2898 2003 2983 2052 est
3041 2004 3288 2066 propter
3345 2004 3674 2066 peccatum,

2027 2084 2276 2150 spiritus
2306 2088 2500 2140 autem
2534 2084 2656 2142 vita
2687 2092 2770 2142 est
2796 2093 3041 2155 propter
3067 2087 3388 2156 justitiam.
3431 2087 3499 2142 Si
3542 2103 3678 2158 ergo

2029 2171 2286 2241 Spiritus
2314 2175 2436 2244 ejus
2466 2175 2569 2245 qui
2596 2174 2901 2230 suscitavit
2930 2176 3127 2230 Jesum
3155 2190 3190 2231 a
3215 2177 3481 2243 mortuis,
3515 2177 3673 2233 habi-

2031 2266 2119 2316 tat
2133 2261 2361 2317 invobis
2374 2263 2501 2333 ;qui
2511 2264 2816 2319 suscitavit
2833 2263 3137 2320 Christum
3142 2266 3338 2332 jesum
3353 2282 3384 2318 a
3407 2267 3674 2330 mortuis,

2031 2350 2348 2419 viviﬁcabit
2363 2359 2416 2407 et
2435 2353 2716 2409 mortalia
2737 2367 2982 2420 corpora
2998 2359 3189 2407 vestra
3205 2367 3317 2420 per
3338 2353 3680 2410 inhabitan-

2032 2444 2142 2494 tem
2164 2439 2454 2508 Spiritum
2479 2443 2606 2510 ejus
2635 2442 2697 2496 in
2731 2440 2889 2498 vobis
2913 2440 3244 2510 (ld.vm,lO,
3272 2443 3377 2512 11).
3395 2442 3674 2498 Liberum

2030 2541 2171 2596 ergo
2198 2529 2508 2584 arbitrium
2541 2531 2799 2601 perfecte
2824 2529 2931 2584 fuit
2959 2529 3018 2583 in
3070 2529 3264 2599 primo
3317 2532 3581 2597 homine,
3616 2533 3676 2587 in

2029 2617 2207 2672 nobis
2235 2623 2434 2673 autem
2468 2624 2602 2676 ante
2636 2621 2889 2690 gratiam
2917 2636 3038 2676 non
3082 2624 3169 2674 est
3218 2620 3473 2676 liberum
3523 2620 3678 2677 arbi-

2030 2705 2205 2760 trium
2222 2711 2284 2762 ut
2315 2723 2436 2762 non
2464 2724 2801 2780 peccemus,
2839 2712 2944 2767 sed
2967 2718 3201 2768 tantum
3226 2715 3548 2783 utpeccare
3576 2725 3679 2766 no-

2027 2791 2225 2850 limus.
2259 2795 2461 2853 Gratia
2492 2813 2630 2854 vero
2649 2799 2827 2856 efﬁcit
2859 2805 2919 2856 ut
2967 2817 3088 2857 non
3145 2805 3380 2856 tantum
3429 2799 3680 2853 velimus

2027 2887 2182 2938 recte
2213 2883 2426 2951 facere,
2459 2887 2563 2942 sed
2577 2889 2756 2945 etiam
2777 2891 3083 2963 possimus
3109 2908 3122 2957 ;
3150 2905 3272 2946 non
3290 2888 3515 2944 viribus
3547 2903 3679 2943 nos-

2025 2970 2149 3040 tris,
2187 2973 2291 3027 sed
2316 2974 2670 3032 Liberatoris
2696 2978 2935 3043 auxilio,
2964 2979 3069 3050 qui
3102 2979 3275 3035 nobis
3323 2978 3498 3034 etiam
3550 2993 3680 3049 per-

2023 3059 2242 3116 fectam
2274 3078 2486 3132 pacem
2512 3066 2570 3121 in
2597 3068 3029 3123 resurrectione
3077 3069 3311 3131 tribuet,
3368 3083 3500 3139 qua:
3554 3081 3673 3137 pax

2022 3149 2283 3218 perfecta
2309 3152 2536 3208 bonam
2587 3154 2954 3212 voluntatem
3009 3159 3410 3228 consequitur.
3470 3155 3675 3211 Gloria

2021 3238 2181 3294 enim
2206 3239 2268 3295 in
2301 3243 2545 3298 excelsis
2571 3244 2712 3310 Deo,
2745 3250 2798 3301 et
2859 3243 2922 3300 in
2963 3251 3122 3301 terra
3165 3259 3289 3314 pax
3345 3244 3676 3299 hominibus

2023 3326 2188 3383 bonae
2218 3331 2546 3387 voluntatis
2577 3334 2739 3404 (Luc.
2774 3348 2831 3399 ιι,
2871 3336 2976 3398 14).

2090 3417 2219 3475 XIX.
2244 3419 2352 3492 [11).
2383 3435 2460 3486 ιιι,
2496 3419 2610 3495 31.]
2646 3420 2815 3490 Quod
2849 3427 3052 3477 autem
3083 3420 3245 3485 dicit,
3298 3422 3501 3489 Legem
3537 3433 3674 3489 ergo

2023 3523 2379 3565 evacuamus
2409 3525 2516 3578 per
2537 3511 2714 3578 ﬁdem
2747 3511 2774 3565 ἵ
2802 3511 3011 3568 Absit:
3046 3511 3147 3566 sed
3206 3511 3416 3579 Legem
3463 3510 3672 3563 statui-

2021 3615 2172 3664 mus,
2209 3599 2268 3654 id
2310 3605 2414 3664 est,
2448 3599 2783 3656 ﬁrmamus.
2835 3600 2944 3657 Sed
2999 3597 3519 3673 quemadmodum
3574 3596 3672 3652 ﬁr-

2025 3687 2246 3743 manda
2285 3692 2410 3743 erat
2441 3689 2578 3754 Lex,
2611 3689 2726 3743 nisi
2757 3688 3168 3760 perjustitiam
3191 3686 3219 3741 Ῡ
3247 3685 3544 3742 Justitiam
3565 3700 3667 3740 au-

2018 3780 2130 3831 tem
2149 3783 2386 3848 quaeest
2402 3792 2505 3846 per
2517 3778 2697 3833 fidem
2713 3779 2875 3850 ;quia
2889 3793 2958 3834 ea
2972 3778 3102 3849 ipsa
3115 3792 3250 3849 quae
3263 3791 3382 3831 non
3396 3778 3671 3846 poterant

2019 3866 2251 3937 impleri
2279 3883 2384 3939 per
2403 3868 2639 3936 Legem,
2664 3882 2769 3938 per
2789 3867 2971 3923 ﬁdem
3003 3866 3246 3938 impleta
3278 3869 3436 3920 sunt.

2087 3959 2190 4013 ΧΧ.
2221 3956 2499 4030 [lb.1v,2.]
2528 3957 2698 4026 Quod
2730 3960 2929 4013 autem
2957 3957 3056 4021 ait,
3091 3954 3327 4012 Sienim
3355 3954 3663 4011 Abraham

2015 4046 2744 4116 e;coperibusjustiﬁcatus
2768 4052 2869 4114 est,
2901 4045 3365 4115 habetgloriam,
3399 4043 3500 4099 sed
3536 4059 3657 4099 non

2011 4135 2177 4204 apud
2189 4135 2372 4191 Deum
2401 4147 2423 4205 ;
2448 4135 2563 4190 hoc
2593 4135 2848 4205 est,quia
2869 4134 3169 4189 Abraham
3189 4133 3314 4187 sine
3331 4132 3480 4200 Lege
3507 4131 3655 4186 dum

2010 4239 2130 4279 non
2154 4239 2226 4278 ex
2255 4224 2536 4295 operibus
2554 4223 2723 4294 Legis
2737 4222 2990 4292 gloriam
3003 4220 3501 4292 conquirit,quasi
3535 4219 3659 4272 suis

2009 4313 2231 4369 viribus
2245 4314 2461 4382 Legem
2475 4311 2738 4383 impleat,
2755 4327 2892 4366 cum
2910 4310 3107 4366 adhuc
3120 4310 3236 4363 Lex
3249 4310 3362 4363 ista
3377 4307 3520 4362 data
3533 4321 3654 4361 non

2007 4402 2401 4467 esset,Deiilla
2413 4401 2750 4472 gloria,non
2765 4415 2874 4454 sua
2892 4401 3134 4453 est.Non
3155 4397 3316 4451 enim
3333 4395 3540 4450 merito
3558 4395 3651 4449 sui

2007 4497 2297 4564 tanquam
2311 4507 2382 4546 ex
2395 4489 2699 4560 operibus,
2719 4487 2823 4542 sed
2839 4487 2936 4542 Dei
2965 4486 3153 4555 gratia
3167 4484 3283 4539 ﬁde
3299 4484 3318 4554 j
3332 4483 3656 4539 ustiﬁcatus

2009 4587 2119 4638 est.

2080 4672 2214 4725 XXI.
2251 4667 2367 4740 [1b.
2401 4682 2477 4730 iv,
2515 4663 2595 4737 4.]
2618 4663 2788 4730 Quod
2806 4667 3006 4720 aute
3037 4663 3136 4730 ait,
3171 4662 3246 4716 Ei
3291 4667 3486 4717 autem
3551 4662 3655 4732 qui

2007 4765 2307 4830 operatur,
2337 4769 2548 4811 merces
2560 4768 2678 4808 non
2692 4751 3356 4822 imputatursecundum
3369 4750 3651 4820 gratiam,

2006 4849 2106 4905 sed
2122 4845 2435 4903 secundum
2463 4842 2747 4906 debitum,
2771 4840 3449 4912 dixitquemadmodum
3465 4839 3654 4895 homi-

2007 4954 2112 4994 nes
2143 4933 2493 4993 hominibus
2520 4931 2774 4988 reddant
2799 4931 3157 4986 mercedem.
3185 4932 3332 4985 Nam
3361 4931 3512 4983 Deus
3548 4942 3653 4998 per

2007 5026 2261 5097 gratiam
2275 5023 2456 5089 dedit,
2481 5022 2624 5094 quia
2639 5021 3054 5091 peccatoribus
3067 5018 3248 5083 dedit,
3266 5022 3326 5072 ut
3354 5031 3457 5087 per
3469 5015 3649 5070 ﬁdem

2003 5114 2157 5184 juste
2183 5113 2461 5178 viverent,
2487 5110 2548 5166 id
2577 5115 2668 5165 est
2690 5109 2843 5164 bene
2863 5111 3270 5178 operarentur.
3297 5104 3466 5169 Quod
3507 5118 3649 5172 ergo

2005 5203 2158 5257 bene
2179 5215 2502 5271 operamur
2522 5199 2650 5269 jam
2679 5201 2924 5266 accepta
2948 5196 3158 5264 gratia,
3190 5208 3310 5248 non
3331 5191 3525 5256 nobis,
3544 5191 3653 5247 sed

2007 5289 2084 5346 illi
2125 5289 2503 5345 tribuendum
2535 5293 2642 5349 est,
2671 5286 2775 5357 qui
2795 5299 2900 5356 per
2937 5284 3194 5352 gratiam
3227 5296 3339 5337 nos
3366 5280 3652 5350 justiﬁca-

2005 5381 2106 5434 vit.
2141 5381 2287 5434 Nam
2312 5377 2363 5430 si
2393 5375 2656 5430 debitam
2672 5371 3008 5428 mercedem
3033 5369 3207 5425 vellet
3231 5369 3500 5435 reddere,
3533 5384 3655 5441 pae-

2007 5484 2149 5525 nam
2176 5465 2450 5522 redderet
2472 5463 2738 5518 debitam
2764 5459 3198 5532 peccatoribus.

2069 5554 2345 5627 XXll.[Ib.
2389 5568 2465 5618 iv,
2493 5551 2570 5624 5.]
2599 5548 2768 5616 Quod
2804 5552 3004 5604 autem
3045 5548 3145 5613 ait,
3200 5547 3311 5615 Qui
3362 5549 3658 5618 justiﬁcat

2015 5722 2034 5762 ι
2062 5717 2465 5784 Αω.θιΕι·.,ραω
2481 5715 2579 5769 erit
2597 5726 2746 5782 quam
2768 5713 2824 5767 in
2848 5715 3031 5780 quarto
3041 5712 3209 5779 gradu
3221 5710 3593 5766 constituimus.
