4182 6198
485 165 624 225 2067

487 294 877 365 impium,hoc
891 294 1269 366 esteximpio
1291 295 1633 366 piumfacit,
1659 296 1807 351 utde
1836 298 2049 351 caetero
2082 294 2143 348 in

484 385 618 456 ipsa
646 385 854 455 pietate
883 388 1233 455 permaneat
1257 388 1437 454 atque
1469 384 1702 455 justitia
1756 402 1770 441 :
1819 384 1963 455 quia
2008 383 2143 439 ideo

484 473 844 545 justiﬁcatus
874 477 958 527 est
993 477 1054 527 ut
1077 473 1275 541 justus
1311 474 1402 536 sit,
1439 488 1559 529 non
1616 477 1680 529 ut
1721 489 1969 545 peccare
2032 472 2147 527 sibi

486 562 660 618 licere
694 561 1031 617 arbitretur.

559 650 756 705 XXIII.
794 650 897 721 [Ib.
934 650 1156 722 1v,15.]
1214 650 1385 717 Quod
1438 657 1639 707 autem
1686 652 1789 718 ait,
1837 653 1958 707 Lex
1992 651 2147 707 enim

488 742 643 795 iram
668 744 971 807 operatur,
1006 738 1341 794 vindictam
1392 740 1709 809 signiﬁcat,
1770 746 1825 796 et
1858 740 1937 795 ad
1980 739 2147 794 illum

492 829 747 901 gradum
776 828 1049 899 pertinet,
1087 844 1221 881 cum
1258 832 1346 883 est
1371 829 1629 900 quisque
1649 829 1763 883 sub
1800 832 1966 897 Lege.

567 916 744 972 XXIV.
774 916 885 987 [Ib.
920 933 997 980 IV,
1022 917 1131 986 17.]
1172 917 1343 981 Quod
1375 924 1577 973 autem
1615 918 1715 982 ait,
1774 920 1909 973 Ante
1962 919 2148 973 Deum

491 1006 586 1060 cui
614 1006 880 1069 credidit,
914 1006 1271 1075 signiﬁcavit
1301 1006 1481 1061 ﬁdem
1521 1010 1578 1061 in
1604 1007 1880 1063 interiore
1908 1007 2149 1062 homine

491 1110 624 1149 esse
658 1094 717 1148 in
747 1099 1073 1165 conspectu
1101 1095 1232 1165 Dei;
1269 1111 1386 1149 non
1427 1096 1484 1150 in
1517 1097 1913 1153 ostentatione
1960 1096 2150 1152 homi-

492 1199 661 1247 num,
699 1185 867 1238 sicuti
892 1191 977 1238 est
998 1184 1195 1238 carnis
1224 1185 1620 1240 circumcisio.

568 1274 719 1328 XXV.
750 1272 859 1343 [Ib.
891 1288 965 1337 iv,
997 1274 1123 1343 20.]
1160 1274 1330 1340 Quod
1355 1279 1555 1329 autem
1587 1275 1666 1329 ait
1707 1274 1779 1329 de
1822 1274 2145 1337 Abraham,

496 1364 655 1418 Dans
698 1362 956 1431 gloriam
995 1364 1133 1427 Deo,
1187 1362 1479 1417 adversus
1544 1362 1675 1418 illos
1732 1364 1995 1434 positum
2035 1367 2144 1427 est,

494 1451 596 1522 qui
630 1449 885 1518 gloriam
912 1465 1087 1504 suam
1115 1450 1189 1505 de
1222 1451 1502 1521 operibus
1536 1451 1703 1521 Legis
1736 1468 1939 1507 coram
1956 1451 2148 1507 homi-

492 1538 671 1593 nibus
702 1538 1073 1608 quaerebant.

564 1626 743 1682 XXVI.
798 1627 903 1697 [Ib.
938 1644 990 1691 v,
1034 1627 1112 1700 3.]
1138 1629 1306 1693 Quod
1372 1633 1570 1685 autem
1622 1629 1721 1695 ait,
1777 1631 1911 1685 Non
1954 1631 2145 1685 solum

494 1723 712 1781 autem,
746 1717 848 1771 sed
876 1718 1284 1787 etgloriamur
1313 1719 1372 1773 in
1413 1718 1919 1783 tribulationibus,
1950 1723 2003 1773 et
2037 1735 2147 1774 cae-

494 1809 619 1860 tera
650 1805 940 1873 gradatim
972 1806 1241 1876 perducit
1275 1824 1461 1879 usque
1492 1808 1569 1863 ad
1619 1808 1968 1863 charitatem
1994 1808 2094 1863 Dei
2125 1822 2146 1879 ;

491 1910 674 1966 quam
707 1894 1056 1950 charitatem
1090 1896 1234 1950 dum
1250 1896 1387 1951 dicit
1414 1912 1521 1952 nos
1536 1896 1754 1952 habere
1790 1913 1895 1968 per
1912 1897 2142 1953 donum

494 1982 761 2053 Spiritus,
792 1989 1084 2039 monstrat
1116 1984 1431 2041 illaomnia
1463 2002 1597 2056 quas
1627 2002 1945 2057 possemus
1969 1986 2141 2041 nobis

490 2070 768 2135 tribuere,
801 2073 918 2126 Deo
958 2088 1091 2127 esse
1149 2073 1481 2139 tribuenda,
1549 2073 1653 2146 qui
1709 2089 1813 2145 per
1858 2074 2141 2145 Spiritum

491 2165 766 2214 sanctum
790 2160 1043 2229 gratiam
1075 2162 1219 2217 dare
1241 2162 1521 2231 dignatus
1548 2168 1653 2217 est.

565 2248 989 2305 XXVII-XXVIII.
1027 2249 1135 2320 [Ib.
1169 2267 1221 2316 v,
1260 2252 1334 2322 3.]
1361 2251 1531 2319 Quod
1555 2256 1755 2307 autem
1801 2251 1903 2317 ait,
1954 2253 2139 2323 Usque

489 2337 563 2392 ad
594 2339 793 2408 Legem
809 2339 964 2395 enim
994 2346 1303 2407 peccatum
1329 2342 1389 2395 in
1406 2341 1626 2396 mundo
1648 2340 1792 2410 fuit,
1814 2340 2138 2409 intelligen-

487 2425 633 2481 dum
657 2431 744 2482 est
772 2442 1089 2499 quousque
1116 2430 1341 2485 veniret
1370 2432 1578 2499 gratia.
1607 2430 1823 2484 Contra
1844 2445 1946 2485 eos
1977 2430 2135 2485 enim

487 2515 712 2570 dictum
744 2521 853 2579 est,
888 2517 988 2588 qui
1018 2516 1381 2573 arbitrantur
1409 2534 1515 2589 per
1543 2519 1758 2587 Legem
1786 2518 2007 2573 auferri
2033 2534 2135 2589 po-

487 2602 672 2656 tuisse
703 2609 971 2673 peccata.
1000 2605 1143 2659 Dicit
1168 2610 1365 2660 autem
1401 2608 1715 2677 Apostolus
1754 2606 2135 2663 manifestata

482 2705 615 2745 esse
645 2696 893 2762 peccata
924 2707 1030 2761 per
1058 2692 1296 2763 Legem,
1327 2710 1445 2749 non
1472 2699 1673 2749 autem
1720 2694 1940 2757 ablata,
1993 2711 2131 2750 cum

482 2778 642 2843 dicit,
672 2781 981 2835 Peccatum
1005 2787 1198 2836 autem
1235 2798 1355 2836 non
1394 2783 1819 2851 deputabatur,
1853 2798 1986 2839 cum
2010 2786 2133 2841 Lex

478 2882 591 2921 non
621 2874 782 2923 esset.
810 2867 935 2922 Non
960 2868 1119 2923 enim
1152 2869 1253 2934 ait,
1288 2886 1408 2926 non
1424 2878 1550 2927 erat
1586 2890 1599 2939 ;
1641 2871 1766 2935 sed,
1800 2888 1917 2926 non
1949 2872 2131 2941 depu-

479 2955 738 3010 tabatur.
762 2958 963 3026 Neque
978 2972 1113 3011 cum
1148 2958 1261 3012 Lex
1283 2959 1426 3016 data
1456 2966 1560 3026 est,
1592 2960 1856 3016 ablatum
1883 2964 2001 3026 est;
2024 2961 2129 3017 sed

478 3043 753 3114 deputari
786 3045 983 3115 cmpit,
1018 3045 1077 3099 id
1100 3050 1207 3113 est,
1242 3063 1554 3119 apparere.
1608 3052 1734 3105 Non
1786 3063 1923 3118 ergo
1966 3055 2129 3120 pute-

477 3147 635 3197 mus,
666 3149 850 3204 usque
874 3134 954 3189 ad
983 3135 1214 3205 Legem,
1244 3137 1323 3192 ita
1343 3138 1569 3193 dictum
1602 3154 1755 3207 esse,
1788 3138 1962 3209 quasi
2001 3138 2128 3208 jam

475 3222 590 3277 sub
618 3223 767 3291 Lege
797 3238 919 3278 non
947 3229 1101 3279 esset
1132 3231 1443 3296 peccatum
1479 3244 1491 3283 :
1517 3227 1620 3283 sed
1652 3227 1732 3282 sic
1759 3226 1987 3282 dictum
2015 3233 2124 3292 est,

472 3326 657 3381 usque
680 3312 760 3366 ad
776 3313 1009 3382 Legem,
1046 3318 1107 3367 ut
1138 3318 1325 3369 totum
1348 3316 1515 3387 Legis
1570 3322 1807 3385 tempus
1833 3330 2128 3371 annume-

471 3412 565 3455 res
606 3416 794 3472 usque
821 3401 898 3456 ad
926 3400 1106 3457 ﬁnem
1138 3403 1327 3471 Legis,
1360 3404 1524 3475 quod
1556 3410 1646 3459 est
1678 3403 1964 3460 Christus.

546 3490 723 3544 XXIX.
758 3489 865 3561 [Ib.
892 3492 1075 3560 ν,14.]
1105 3490 1273 3559 Quod
1305 3498 1505 3551 autem
1535 3495 1636 3561 ait,
1685 3496 1799 3553 Sed
1854 3498 2123 3565 regnavit

471 3594 628 3635 mors
659 3579 733 3635 ab
772 3578 954 3635 Adam
982 3594 1163 3651 usque
1194 3582 1274 3636 ad
1307 3582 1571 3652 Moysen,
1604 3592 1656 3641 et
1683 3586 1745 3641 in
1786 3588 1856 3643 iis
1880 3588 1981 3659 qui
2005 3602 2125 3642 non

468 3676 862 3738 peccaverunt
877 3670 935 3724 in
953 3670 1395 3728 similitudinem
1409 3675 1977 3741 pi'wvaricationt'sA
1988 3678 2121 3735 daal.

472 3756 711 3811 duobus
763 3757 959 3811 modis
1008 3757 1393 3826 distinguitur
1454 3767 1622 3829 :aut,
1668 3764 1736 3820 In
1784 3764 2125 3821 similitudi-

474 3859 606 3899 nem
634 3845 1135 3911 praevaricationis
1175 3848 1317 3902 Atla:
1359 3855 1632 3920 regnavit
1659 3870 1811 3909 mors
1840 3867 1863 3925 ;
1891 3854 2033 3927 quia
2068 3859 2125 3910 et

475 3931 579 4002 qui
601 3946 723 3985 non
755 3938 1167 4001 peccaverunt,
1189 3950 1259 3990 ex
1285 3938 1516 4006 origine
1533 3942 1901 4001 mortalitatis
1932 3944 2122 3999 Adam

475 4019 690 4076 mortui
724 4025 883 4077 sunt.
916 4022 1030 4077 Aut
1059 4027 1232 4087 certe,
1289 4025 1579 4095 Regnavit
1627 4046 1781 4086 mors
1843 4039 1895 4089 et
1931 4035 1990 4088 in
2033 4032 2121 4088 his

485 4108 589 4181 qui
622 4124 744 4164 non
805 4109 867 4164 in
914 4110 1361 4169 similitudinem
1413 4118 1921 4183 pravaricationis
1976 4122 2122 4177 Ade:

470 4204 887 4267 peccaverunt,
923 4199 1027 4254 sed
1057 4204 1191 4255 ante
1241 4201 1454 4273 Legem
1496 4214 1920 4276 peccaverunt:
1958 4216 2019 4265 ut
2042 4210 2121 4265 illi

470 4302 749 4359 peccasse
785 4287 1195 4359 intelligantur
1223 4291 1284 4345 in
1343 4292 1793 4352 similitudinem
1843 4300 2122 4369 praevari-

472 4377 722 4433 cationis
735 4376 895 4442 Adae,
921 4380 1024 4450 qui
1044 4379 1257 4449 Legem
1274 4389 1658 4453 acceperunt;
1676 4386 1819 4457 quia
1834 4391 1889 4442 et
1909 4388 2093 4443 Adam
2105 4431 2119 4457 ,

469 4472 715 4539 accepta
738 4467 1156 4539 praeceptilege
1175 4471 1459 4540 peccavit.
1483 4474 1634 4529 Sane
1664 4474 1839 4531 etiam
1865 4474 1925 4530 id
1956 4476 2120 4546 quod

468 4555 687 4612 dictum
711 4561 815 4623 est,
846 4572 1029 4628 usque
1060 4559 1141 4614 ad
1170 4560 1432 4630 Moysen,
1470 4566 1657 4618 totum
1684 4568 1917 4635 tempus
1950 4565 2118 4634 Legis

466 4643 919 4714 intelligendum
962 4653 1073 4703 est.
1105 4648 1323 4705 Forma
1352 4656 1552 4708 autem
1572 4653 1775 4721 futuri
1803 4652 1993 4709 dictus
2031 4660 2120 4710 est

467 4732 680 4798 Adam,
714 4734 816 4789 sed
848 4751 884 4790 a
912 4737 1249 4793 contrario:
1309 4743 1371 4795 ut
1422 4742 1731 4812 quomodo
1793 4759 1899 4815 per
1950 4744 2116 4800 illum

466 4837 649 4886 mors,
681 4822 766 4878 sic
797 4839 901 4893 per
932 4825 1253 4882 Dominum
1281 4833 1552 4884 nOStrum
1586 4830 1731 4887 vita.

541 4910 651 4983 [Ib.
686 4927 741 4976 v,
780 4913 982 4986 15-19.]
1002 4914 1172 4978 Quod
1187 4919 1385 4971 autem
1409 4917 1507 4987 ait,
1529 4918 1773 4974 Sednon
1802 4921 1954 4976 sicut
1972 4921 2115 4977 deli-

464 5007 645 5068 ctum,
672 5001 758 5058 ita
771 5006 851 5057 est
869 5008 922 5059 et
937 5002 1200 5069 donatio,
1217 5003 1457 5061 duobus
1482 5006 1677 5062 modis
1694 5008 1939 5064 donatio
1963 5026 2116 5081 prae-

460 5091 616 5149 cellit
649 5109 661 5147 :
691 5090 784 5147 vel
813 5091 976 5163 quod
1006 5091 1190 5149 multo
1225 5094 1415 5164 magis
1448 5094 1720 5153 abundat
1749 5098 2113 5170 gratia,quia

459 5182 661 5255 utique
692 5182 751 5237 in
781 5185 1073 5238 aeternum
1100 5197 1207 5254 per
1234 5182 1400 5240 illam
1423 5184 1634 5241 vivitur
1662 5202 1675 5254 ;
1706 5188 2113 5259 temporaliter

518 5314 639 5380 {Ad
672 5315 854 5366 isthmc
882 5316 1062 5371 verba,
1102 5317 1157 5365 in
1211 5318 1602 5367 similitudinem
1656 5320 2109 5380 praevaricationis

454 5376 602 5447 4dw._
629 5379 772 5447 apud
791 5383 918 5447 ΔΑ-ω.
953 5383 1005 5427 et
1042 5380 1121 5447 Er.
1156 5382 1479 5447 omittuntur
1507 5376 1719 5447 versus
1746 5384 1955 5447 circiter
1978 5398 2110 5447 qua-

457 5437 720 5509 draginta,
754 5444 804 5509 et
834 5441 1310 5509 lacunabistribus
1340 5445 1594 5509 impletur
1616 5445 1809 5500 verbis,
1835 5446 1913 5494 hic
1939 5437 2108 5495 minus

455 5497 752 5571 habet,qu
786 5502 1147 5571 hauddubiec
1181 5497 1433 5571 margine.
1456 5497 1859 5571 irrepserunt-in
1879 5513 2105 5558 textum.

988 164 1454 233 QUARUMDAM
1492 164 2081 226 PROPOSITIONUM
2121 163 2482 223 EX-EPIST.
2523 165 2619 222 AD
2660 164 2859 233 ROM.,
2902 164 2966 223 S.
3007 162 3410 222 AUGUSTINI.
3548 116 3557 119 ’
3761 57 3987 269 I

2254 298 2454 349 autem
2487 308 2592 365 per
2623 298 2874 350 mortem
2899 292 3039 348 Adae
3057 307 3223 348 mors
3254 291 3525 361 regnavit
3554 309 3566 348 :
3599 291 3696 348 vel
3742 290 3918 365 quod

2254 383 2432 437 unius
2461 382 2659 438 delicti
2686 382 3188 438 condemnatione
3209 396 3373 436 mors
3399 380 3722 437 multorum
3750 380 3917 437 facta

2257 476 2345 525 est
2378 486 2482 541 per
2500 470 2697 526 Adam
2728 487 2742 536 ;
2784 486 2889 541 per
2917 470 3238 527 Dominum
3269 475 3470 525 autem
3519 473 3794 526 nostrum
3824 471 3923 526 Je-

2258 576 2388 613 sum
2412 559 2707 616 Christum
2729 559 3054 615 multorum
3069 558 3418 614 delictorum
3431 557 3756 615 donatione
3773 558 3926 615 data

2258 649 2450 718 gratia
2476 649 2535 703 in
2557 650 2739 705 vitam
2772 653 3077 704 aeternam.
3108 646 3299 703 Aliam
3332 663 3469 703 vero
3512 647 3926 703 differentiam

2260 737 2345 792 sic
2364 738 2624 809 explicat
2652 738 2889 794 dicens:
2919 738 2997 793 Et
3022 753 3140 793 non
3160 737 3303 792 sicut
3328 753 3437 806 per
3461 753 3645 793 unum
3665 752 3928 807 peccan-

2258 834 2369 883 tem
2400 829 2415 862 ¹
2451 828 2536 883 ita
2566 833 2647 883 est
2670 833 2722 883 et
2756 827 2999 883 donum.
3025 827 3183 882 Nam
3233 826 3532 895 judicium
3568 826 3806 897 quidem
3846 841 3928 882 ex

2258 932 2379 971 uno
2402 914 2465 971 in
2495 916 3041 972 condemnationem
3073 930 3091 966 :
3122 915 3321 985 gratia
3352 921 3550 971 autem
3590 930 3666 971 ea:
3713 914 3928 970 multis

2256 1004 2509 1070 delictis,
2547 1006 2628 1061 ad
2648 1005 3155 1077 justiﬁealionem.
3190 1006 3288 1061 Ea:
3314 1020 3433 1060 uno
3450 1018 3593 1073 ergo
3617 1004 3784 1076 quod
3798 1004 3927 1059 dic-

2256 1100 2384 1150 tum
2404 1101 2511 1161 est,
2543 1093 3149 1157 subauditur,delicto
3180 1111 3193 1160 ;
3219 1094 3363 1164 quia
3414 1092 3921 1164 sequitur,gratia

2259 1191 2454 1241 autem
2479 1199 2552 1241 ea:
2584 1184 2781 1240 multis
2807 1184 3051 1239 delictis.
3086 1185 3237 1253 Ergo
3277 1182 3405 1238 haec
3427 1182 3766 1238 differentia
3802 1186 3919 1252 est,

2258 1274 2421 1345 quod
2450 1273 2510 1328 in
2536 1274 2725 1329 Adam
2759 1289 2945 1328 unum
2979 1272 3261 1327 delictum
3322 1271 3682 1327 damnatum
3742 1276 3855 1337 est,
3886 1286 3925 1326 a

2258 1362 2512 1418 Domino
2543 1368 2743 1418 autem
2780 1362 2969 1417 multa
2994 1361 3221 1417 donata
3250 1366 3415 1418 sunt.
3453 1361 3625 1426 Quod
3658 1375 3803 1430 ergo
3821 1376 3923 1416 se-

2256 1453 2475 1524 quitur,
2519 1451 2729 1507 ambas
2763 1451 2906 1506 istas
2932 1450 3297 1505 differentias
3345 1453 3521 1519 tenet,
3567 1454 3632 1504 ut
3664 1448 3925 1521 explice-

2258 1546 2350 1595 tur
2381 1542 2502 1595 sic:
2539 1542 2610 1597 Si
2639 1542 2790 1596 enim
2824 1540 2894 1595 ob
2927 1539 3103 1594 unius
3134 1539 3418 1595 delictum
3451 1554 3611 1594 mors
3638 1539 3921 1609 regnavit

2254 1647 2362 1700 per
2390 1646 2599 1701 unum,
2627 1631 2813 1685 multo
2842 1629 3029 1699 magis
3066 1629 3173 1701 qui
3222 1628 3657 1685 abundantiam
3688 1628 3913 1698 gratiae

2255 1727 2305 1775 et
2321 1720 2573 1790 justitize
2601 1719 2925 1787 accipiunt,
2952 1721 3012 1773 in
3042 1719 3165 1773 vita
3198 1718 3537 1788 regnabant
3567 1732 3677 1785 per
3722 1732 3915 1772 unum

2251 1810 2442 1864 Jesum
2473 1808 2798 1864 Christum.
2835 1807 3007 1871 Quod
3064 1822 3207 1876 ergo
3259 1806 3428 1877 dixit,
3484 1806 3673 1864 Multo
3717 1806 3915 1875 magis

2252 1898 2611 1967 regnabunt,
2646 1897 2722 1953 ad
2752 1896 2937 1951 vitam
2970 1901 3254 1951 aeternam
3282 1896 3536 1967 pertinet
3567 1912 3578 1948 :
3606 1894 3773 1968 quod
3802 1910 3914 1951 au-

2252 1990 2367 2041 tem
2400 1986 2566 2050 dixit,
2599 1985 3043 2041 Abundantium
3069 1984 3285 2056 gratiae
3329 1984 3657 2054 accipiunt,
3695 1984 3772 2040 ad
3799 1984 3912 2039 do-

2250 2074 2559 2130 nationem
2595 2075 2919 2129 multorum
2951 2074 3205 2145 pertinet
3234 2073 3609 2129 delictorum.
3645 2074 3778 2128 Post
3804 2087 3909 2127 ex-

2248 2164 2497 2235 plicatas
2517 2168 2718 2219 autem
2739 2162 2849 2218 bas
2879 2162 3262 2229 differentias,
3312 2162 3465 2219 redit
3517 2162 3597 2217 ad
3645 2161 3908 2217 formam

2249 2253 2405 2307 unde
2434 2256 2713 2323 cmperat,
2748 2252 2920 2321 cujus
2971 2251 3243 2307 ordinem
3286 2251 3701 2324 suspenderat,
3763 2266 3908 2306 cum

2245 2341 2465 2397 diceret
2495 2362 2514 2398 .·
2543 2341 2702 2397 Sicut
2743 2341 2895 2396 enim
2917 2356 3025 2410 per
3054 2357 3240 2397 unum
3266 2342 3560 2397 hominem
3590 2347 3906 2410 peccatum

2246 2431 2487 2486 intravit
2526 2431 2588 2486 in
2618 2431 2775 2487 hunc
2802 2430 3110 2491 mundum,
3145 2436 3197 2486 et
3226 2445 3335 2499 per
3383 2436 3692 2499 peccatum
3744 2444 3907 2484 mors

2244 2522 2437 2592 (Rom.
2466 2537 2518 2587 v,
2555 2522 2661 2590 I2).
2695 2519 2781 2573 Ad
2808 2518 2968 2591 quod
2993 2533 3151 2573 nunc
3185 2519 3351 2583 redit,
3386 2535 3523 2575 cum
3559 2518 3734 2573 dicit:
3774 2519 3906 2574 Ita-

2241 2610 2515 2681 quesicut
2538 2624 2647 2678 per
2677 2608 2850 2663 unius
2882 2608 3157 2663 delictum
3179 2608 3240 2662 in
3271 2623 3469 2663 omnes
3511 2608 3772 2665 homines
3821 2608 3910 2663 ad

2242 2699 2787 2755 condemnationem
2812 2721 2830 2768 ,-
2848 2699 2931 2753 ita
2946 2705 2996 2754 et
3008 2713 3119 2767 per
3142 2698 3320 2752 unius
3337 2698 3823 2767 iustiﬁcationem
3844 2700 3905 2755 in

2240 2804 2433 2846 omnes
2448 2788 2705 2845 homines
2720 2788 2799 2844 ad
2801 2789 2835 2857 j
2840 2794 2925 2842 ust
2938 2787 3281 2857 iﬁcationem
3294 2787 3619 2843 vita3.Sicut
3632 2787 3781 2842 enim
3794 2803 3907 2855 per

2238 2878 2684 2934 inobedientiam
2726 2877 2902 2932 unius
2942 2876 3187 2932 hominis
3224 2882 3559 2946 peccatores
3596 2878 3907 2933 constituti

2238 2974 2375 3023 sunt
2406 2967 2620 3035 multi;
2640 2966 2726 3021 ita
2757 2973 2809 3023 et
2838 2982 2946 3035 per
2970 2966 3146 3021 unius
3162 2965 3547 3022 obedientiam
3569 2967 3721 3035 iusti
3738 2982 3909 3022 cons-

2238 3058 2529 3114 tituentur
2545 3057 2734 3113 multi.
2764 3058 2893 3111 Haec
2920 3060 3005 3111 est
3033 3054 3223 3111 forma
3245 3054 3421 3110 futuri
3444 3055 3751 3122 Adam,de
3776 3072 3903 3128 qua

2236 3145 2513 3218 superius
2540 3146 2704 3217 loqui
2732 3150 3008 3215 coeperat,
3046 3148 3101 3199 et
3124 3145 3252 3215 ejus
3265 3144 3497 3216 aliquas
3523 3143 3900 3200 differentias

2236 3236 2621 3307 interponens
2662 3234 2972 3289 distulerat
3016 3233 3310 3299 ordinem,
3371 3232 3447 3289 ad
3502 3248 3687 3305 quem
3730 3249 3894 3289 nunc

2234 3324 2542 3380 redeundo
2561 3324 2868 3389 conclusit,
2901 3324 3129 3390 dicens,
3164 3324 3366 3395 Itaque
3394 3324 3541 3379 sicut
3562 3338 3679 3393 per
3710 3323 3892 3380 unius

2234 3413 2517 3470 delictum
2548 3412 2609 3467 in
2652 3428 2848 3468 omnes
2876 3412 3160 3476 homines,
3195 3416 3304 3466 etc.

2300 3503 2450 3557 XXX.
2481 3500 2589 3573 [Ib.
2620 3516 2675 3566 v,
2700 3500 2815 3573 20.]
2837 3499 3009 3568 Quod
3041 3507 3243 3555 autem
3275 3500 3376 3565 ait,
3425 3500 3545 3555 Lex
3574 3499 3894 3555 subintra-

2229 3591 2311 3647 vit
2328 3589 2737 3646 utabundaret
2757 3590 3059 3654 delictum,
3077 3590 3201 3660 ipso
3216 3590 3399 3645 verbo
3424 3589 3565 3643 satis
3590 3588 3897 3657 signiﬁca-

2230 3680 2310 3735 vit
2329 3678 2847 3734 nescisseJudreos
2861 3694 2981 3751 qua
3000 3678 3446 3750 dispensatione
3472 3680 3585 3733 Lex
3617 3677 3767 3733 data
3786 3678 3885 3735 sit.

2229 3772 2354 3825 Non
2369 3768 2531 3824 enim
2544 3768 2684 3823 data
2697 3772 2781 3821 est
2794 3783 2927 3839 quae
2947 3772 3148 3837 posset
3172 3767 3468 3822 viviﬁcare
3496 3786 3507 3831 ;
3541 3767 3686 3838 quia
3700 3768 3896 3837 gratia

2231 3857 2482 3911 viviticat
2496 3871 2599 3927 per
2612 3855 2789 3910 tidem
2813 3872 2824 3907 :
2844 3855 2948 3910 sed
2967 3854 3208 3911 dataest
3222 3856 3335 3910 Lex
3351 3858 3427 3910 ad
3442 3854 3891 3911 ostendendum

2230 3946 2471 4017 quantis
2493 3959 2799 4017 quamque
2825 3944 2999 3999 arctis
3028 3943 3281 4000 vinculis
3301 3949 3683 4016 peccatorum
3714 3960 3894 4000 cons-

2232 4034 2647 4104 tringerentur,
2680 4033 2782 4105 qui
2808 4032 2882 4087 de
2922 4032 3049 4087 suis
3106 4032 3332 4088 viribus
3384 4033 3457 4088 ad
3509 4033 3889 4104 implendam

2228 4121 2513 4193 justitiam
2552 4121 3021 4193 praesumebant.
3057 4122 3148 4178 Sic
3179 4122 3508 4178 abundavit
3549 4127 3887 4193 peccatum,

2232 4227 2369 4267 cum
2383 4210 2930 4281 etconcupiscentia
2943 4226 3015 4266 ex
3030 4210 3427 4282 prohibitione
3443 4210 3747 4266 ardentior
3771 4212 3891 4267 fac-

2232 4304 2290 4354 ta
2306 4304 2411 4363 est,
2431 4303 2487 4356 et
2508 4300 2894 4371 peccantibus
2913 4304 3117 4355 contra
3135 4300 3348 4368 Legem
3373 4299 3886 4371 praevaricationis

2230 4388 2454 4443 crimen
2478 4387 2924 4452 accessit.Quod
2951 4387 3223 4457 intelligit
3251 4388 3353 4460 qui
3382 4388 3721 4443 secundum
3749 4404 3888 4458 gra-

2229 4476 2374 4531 dum
2406 4478 2465 4531 in
2492 4476 2602 4531 illis
2633 4481 2892 4547 quatuor
2916 4476 3205 4545 gradibus
3221 4475 3557 4532 considerat
3582 4477 3690 4546 (α).

2302 4567 2472 4621 XXXI.
2509 4565 2701 4634 [Ib.vr,
2741 4570 2786 4629 1,
2816 4564 2906 4638 2.]
2940 4564 3111 4633 Quod
3142 4570 3343 4621 autem
3376 4565 3476 4633 ait,
3536 4564 3693 4632 Quid
3742 4582 3885 4637 ergo

2225 4653 2479 4710 dicemus
2514 4654 2542 4709 ‘l
2591 4653 3065 4723 permanebimus
3122 4653 3183 4708 in
3234 4662 3494 4723 peccato,
3557 4660 3622 4709 ut
3676 4657 3886 4725 gratia

2226 4742 2485 4811 abundet
2508 4744 2536 4800 ?
2566 4743 2748 4797 Absit.
2781 4743 2892 4809 Qui
2916 4744 3136 4798 mortui
3162 4758 3364 4798 sumus
3410 4749 3669 4811 peccato,
3730 4759 3883 4815 quo-

2226 4832 2395 4888 modo
2425 4832 2681 4888 vivemus
2714 4832 2774 4886 in
2798 4846 2859 4887 e0
2893 4831 3081 4889 ?hinc
3129 4832 3389 4887 ostendit
3442 4832 3515 4887 de
3569 4834 3885 4903 praeteritis

2224 4921 2480 4992 peccatis
2511 4919 2733 4975 factum
2762 4936 2892 4976 esse
2918 4926 2979 4975 ut
3000 4921 3388 4991 donarentur,
3426 4926 3481 4976 et
3508 4920 3568 4975 in
3591 4936 3663 4976 eo
3698 4939 3883 4993 supe—

2222 5009 2599 5065 rabundasse
2626 5010 2901 5079 gratiam,
2933 5014 2994 5064 ut
3026 5010 3317 5081 praeterita
3344 5015 3591 5080 peccata
3621 5009 3883 5066 dimitte-

2224 5105 2424 5154 rentur
2451 5100 2505 5155 ?.
2551 5100 2701 5168 Ergo
2731 5098 3008 5171 quisquis
3040 5097 3238 5153 adhuc
3289 5098 3501 5170 quaerit
3550 5104 3883 5169 augmenta

2223 5186 2473 5257 peccati,
2507 5192 2981 5257 utaugmentum
3014 5187 3211 5258 gratiae
3233 5188 3464 5253 sentiat,
3494 5203 3615 5242 non
3674 5188 3886 5245 intelli-

2222 5276 2303 5345 git
2325 5292 2384 5330 se
2404 5276 2462 5329 id
2495 5291 2691 5345 agere,
2724 5281 2781 5330 ut
2805 5275 2948 5331 nihil
2975 5276 3032 5331 in
3064 5292 3134 5331 eo
3166 5276 3356 5348 gratia
3380 5281 3679 5348 Operetur.
3714 5279 3879 5349 Opus

2221 5365 2377 5420 enim
2410 5366 2611 5436 gratiaa
2644 5368 2731 5420 est
2763 5370 2821 5420 ut
2854 5365 3179 5420 moriamur
3213 5371 3482 5437 peccato.

2281 5512 2291 5541 ¹
2324 5509 2405 5557 Sic
2440 5508 2555 5557 Mss.
2575 5508 2733 5570 juxta
2769 5522 3020 5572 graecum,
3058 5508 3284 5558 di’henbs
3343 5510 3773 5562 hamartésantos.
3814 5514 3877 5562 At

454 5560 624 5633 Atque
650 5560 770 5633 inde
794 5567 1030 5633 ‘contigit
1062 5572 1253 5617 utcuui
1281 5560 1645 5633 Propositidne
1681 5572 1937 5633 vigesima
1964 5584 2109 5620 nona.
2217 5571 2341 5619 editi
2378 5586 2468 5631 per
2504 5560 2658 5619 αηῖιηι
2681 5560 2952 5632 ρεσῖαιιιηι.

457 5620 1072 5697 cpnfundereturalt’cra
1098 5620 1534 5697 qureincip‘iebat
1599 5634 1664 5683 ab
1705 5620 1820 5683 isutis
1876 5635 2051 5685 verbis
2090 5649 2101 5683 :

460 5683 613 5746 Quod
633 5689 801 5738 autem
824 5688 913 5750 ait,
941 5691 1027 5740 sed
1056 5683 1160 5767 non
1188 5695 1316 5771 sicut
1342 5683 1595 5775 delictum,
1630 5700 1728 5748 etc.

2280 5634 2296 5661 ³
2318 5634 2462 5696 Mss,
2486 5638 2539 5681 ut
2576 5636 2918 5695 prcevaricata
2940 5639 3145 5696 peccata
3169 5635 3567 5685 dimitterentur.

2279 5703 2350 5756 (α)
2381 5694 2587 5765 Supra,
2606 5696 2762 5764 Prop.
2788 5698 2865 5748 13.
