4164 6184
260 139 299 195 2
309 140 415 198 069

332 262 767 320 XXXII-XXXIV.
822 260 933 335 [Ib.
960 276 1040 330 v1,
1071 261 1153 332 6].
1194 261 1367 328 Quod
1406 264 1606 319 autem
1648 262 1749 327 ait,
1793 262 1921 319 Hoc

256 352 673 425 scientes,quia
689 358 852 409 vetus
868 351 1038 408 homo
1052 358 1252 408 noster
1269 352 1447 408 simul
1470 353 1803 420 cruxiﬁxus
1818 356 1920 417 est,

258 450 326 500 ut
351 448 746 500 evacuaretur
758 456 972 511 corpus
983 442 1233 511 peccati,
1249 442 1496 497 refertur
1508 442 1585 497 ad
1600 442 1743 496 illud
1758 441 1923 513 quod

255 548 365 605 per
378 534 615 603 Moysen
629 531 853 586 dictum
868 535 976 597 est,
991 530 1349 587 Maledictus
1361 530 1551 587 omnis
1567 533 1670 601 qui
1680 530 1739 586 in
1760 530 1923 600 ligno

252 620 600 689 pependerit
616 620 809 690 (Deut.
828 635 949 685 xxi,
972 619 1084 690 23).
1103 620 1321 675 Veteris
1337 620 1495 675 enim
1517 619 1779 675 hominis
1795 634 1924 673 cru-

257 709 456 765 ciﬁxio
488 709 824 778 signiﬁcata
856 714 945 763 est
984 708 1045 763 in
1082 724 1255 764 cruce
1294 708 1549 773 Domini,
1607 709 1757 764 sicut
1784 707 1922 763 novi

256 797 524 853 hominis
547 798 897 853 instauratio
922 798 985 853 in
1002 798 1430 854 resurrectione
1463 798 1799 867 significata
1811 801 1918 852 est.

258 885 636 942 Manifestum
649 891 949 941 estautem
964 886 1295 941 secundum
1310 902 1447 942 eum
1462 902 1570 942 nos
1583 901 1758 955 agere
1773 890 1923 940 veto-

256 991 385 1031 rem
417 974 743 1040 hominem,
776 975 879 1047 qui
920 974 1273 1030 maledictus
1305 980 1421 1034 est:
1462 981 1708 1047 propter
1736 989 1920 1047 quem

258 1068 574 1135 peccatum
606 1063 749 1119 etde
765 1062 1016 1119 Domino
1037 1064 1265 1120 dictum
1281 1080 1412 1119 esse
1441 1079 1622 1119 nemo
1645 1063 1918 1133 ambigit,

259 1155 429 1224 quod
448 1157 691 1224 peccata
704 1158 905 1208 nostra
919 1152 1350 1224 portavit(lsai.
1370 1169 1484 1217 Llll,
1514 1155 1620 1223 tt),
1642 1158 1699 1207 et
1712 1168 1919 1224 peccao

262 1246 396 1297 tum
416 1257 520 1313 pro
541 1241 715 1297 nobis
732 1241 863 1297 fecit
886 1242 952 1311 (II
982 1243 1117 1297 Cor.
1138 1259 1191 1311 v,
1220 1242 1333 1311 2|),
1357 1242 1500 1297 etde
1526 1247 1770 1313 peccato
1784 1256 1922 1296 con-

259 1329 570 1385 damnavit
601 1336 912 1402 peccatum
934 1329 1123 1401 (Rom.
1158 1346 1271 1397 vni,
1301 1330 1378 1401 3).
1426 1330 1579 1395 Quid
1604 1334 1691 1384 est
1719 1335 1920 1385 autem

259 1434 556 1475 evacuare
568 1434 784 1490 corpus
798 1422 1021 1490 peccati
1037 1420 1063 1475 ?
1080 1419 1207 1489 Ipse
1220 1421 1495 1491 exposuit
1511 1420 1602 1476 :Ut
1619 1420 1785 1475 ultra
1801 1434 1920 1474 non

258 1507 588 1565 serviamus
632 1513 894 1576 peccato.
931 1510 994 1562 Et
1031 1507 1176 1563 illud
1229 1508 1393 1580 quod
1436 1508 1534 1572 ait,
1583 1508 1651 1564 Si
1702 1508 1924 1563 mortui

259 1612 462 1653 sumus
487 1612 620 1652 cum
636 1596 886 1662 Christo,
917 1597 1153 1661 hocest,
1180 1597 1230 1651 si
1262 1597 1527 1652 cruciﬁxi
1552 1613 1761 1651 sumus
1783 1613 1921 1653 cum

265 1685 515 1742 Christo.
546 1685 695 1741 Dicit
717 1686 873 1741 enim
903 1685 1020 1741 alio
1041 1685 1201 1741 loco:
1236 1686 1348 1752 Qui
1376 1688 1530 1742 enim
1552 1686 1923 1743 ChristiJesu

263 1779 427 1843 sunt,
445 1789 684 1831 carnem
713 1790 882 1831 suam
911 1775 1351 1843 cruxiﬁxerunt
1379 1791 1507 1831 cum
1538 1775 1694 1831 vitiis
1706 1781 1758 1831 et
1786 1792 1925 1831 con-

268 1865 647 1934 cupiscentiis
679 1864 899 1937 (Galat.
931 1881 984 1929 v,
1011 1865 1124 1934 24).
1149 1867 1273 1920 Non
1289 1880 1429 1936 ergo
1460 1865 1711 1921 Domino
1739 1864 1924 1920 male-

268 1953 420 2009 dixit
453 1955 702 2025 Moyses,
738 1953 843 2010 sed
870 1953 1017 2025 quid
1054 1954 1395 2010 ostenderet
1438 1955 1567 2025 ejus
1619 1952 1926 2009 cruciﬁxio

269 2042 666 2114 prophetavit.

343 2133 536 2187 XXXV.
589 2129 696 2204 [Ib.
730 2146 806 2197 vx,
845 2130 953 2203 14].
1004 2124 1180 2196 Quod
1228 2135 1428 2186 autem
1460 2131 1560 2196 ait,
1612 2131 1926 2187 Peccatum

270 2226 429 2281 enim
446 2223 507 2279 in
536 2223 687 2279 vobis
713 2239 831 2280 non
858 2224 1302 2279 dominabitur:
1334 2239 1452 2279 non
1482 2224 1637 2279 enim
1665 2224 1795 2279 estis
1821 2224 1929 2279 sub

271 2315 447 2383 Lege,
461 2312 563 2369 sed
576 2313 683 2369 sub
694 2314 918 2383 gratia,
936 2312 1137 2385 utique
1153 2313 1230 2368 ad
1245 2313 1479 2368 tertium
1492 2312 1655 2367 illum
1672 2312 1927 2382 gradum

269 2403 401 2473 jam
428 2403 696 2474 pertinet,
723 2402 824 2458 ubi
852 2402 1179 2472 homojam
1213 2408 1406 2457 mente
1439 2402 1619 2456 servit
1642 2402 1781 2470 Legi
1806 2402 1927 2469 Dei,

272 2491 555 2563 quamvis
585 2506 763 2546 carne
805 2491 1017 2546 serviat
1046 2491 1159 2560 legi
1198 2490 1423 2562 peccati
1454 2491 1643 2561 (Rom.
1680 2506 1776 2559 vn,
1816 2492 1925 2559 25).

274 2581 402 2635 Non
416 2579 572 2635 enim
593 2578 1147 2635 obauditdesiderio
1166 2580 1408 2650 peccati,
1430 2578 1711 2651 quamvis
1733 2578 1931 2634 adhuc

268 2668 586 2724 sollicitent
616 2668 1137 2740 concupiscentiae,
1166 2674 1222 2723 et
1242 2673 1567 2740 provocent
1590 2667 1665 2723 ad
1681 2684 1930 2723 consen-

267 2756 727 2822 sionem,donec
743 2757 1257 2812 viviﬁceturetiam
1281 2773 1519 2828 corpus,
1536 2756 1928 2812 etabsorbea-

268 2851 365 2902 tur
390 2862 551 2901 mors
573 2845 632 2900 in
658 2836 933 2901 vitoriam
963 2846 1005 2916 (Ι
1033 2846 1166 2901 Cor.
1202 2862 1299 2909 xv,
1333 2846 1444 2915 54).
1475 2846 1624 2911 Quia
1648 2860 1789 2915 ergo
1807 2861 1927 2901 non

263 2935 673 2990 consentimus
705 2934 1013 2989 desideriis
1037 2934 1261 3005 pravis,
1296 2934 1355 2989 in
1390 2934 1579 3003 gratia
1608 2950 1840 2999 sumus,
1872 2939 1927 2989 et

265 3038 389 3079 non
412 3028 618 3094 regnat
642 3027 955 3095 peccatum
980 3023 1036 3077 in
1073 3027 1278 3079 nostro
1299 3022 1531 3077 mortali
1564 3037 1846 3093 corpore:
1873 3027 1927 3078 et

264 3112 514 3168 omnino
528 3128 598 3167 ex
612 3112 710 3167 illo
728 3112 859 3167 loco
876 3112 975 3166 ubi
990 3112 1209 3178 ait,0ui
1222 3113 1652 3167 mortuisumus
1664 3120 1925 3180 peccato,

260 3202 553 3272 quomodo
586 3202 845 3257 vivemus
876 3201 940 3255 in
972 3216 1035 3256 eo
1062 3200 1253 3271 (Rom.
1292 3216 1368 3261 vn,
1402 3201 1487 3265 12,
1523 3203 1575 3271 2)
1597 3200 1625 3256 ?
1656 3215 1793 3254 eum
1826 3200 1923 3254 de-

262 3290 485 3354 scribit,
517 3290 619 3362 qui
651 3295 737 3345 est
776 3289 891 3345 sub
924 3290 1119 3360 gratia
1151 3290 1532 3345 constitutus.
1573 3287 1677 3344 Cui
1723 3292 1925 3345 autem

260 3379 610 3435 dominatur
635 3384 967 3451 peccatum,
1002 3378 1278 3449 quamvis
1298 3378 1435 3432 velit
1469 3383 1713 3448 peccato
1753 3378 1925 3432 resis-

260 3474 384 3525 tere
416 3468 614 3523 adhuc
636 3468 749 3523 sub
779 3468 929 3537 Lege
960 3472 1070 3531 est,
1107 3466 1378 3522 nondum
1410 3466 1522 3522 sub
1558 3468 1771 3536 gratia.

334 3558 553 3613 XXXVI.
585 3555 694 3629 [Ib.
718 3572 808 3622 vu,
834 3555 1101 3628 2.]Quod
1129 3556 1496 3621 autemdicit,
1518 3556 1739 3611 Mulier
1762 3556 1916 3611 enim

258 3646 371 3703 sub
398 3646 545 3713 viro,
562 3645 690 3701 vivo
715 3645 953 3709 marito,
977 3644 1173 3701 vincta
1198 3650 1279 3699 est
1310 3645 1459 3715 legi;
1483 3646 1538 3700 si
1553 3652 1748 3701 autem
1765 3660 1919 3699 mor-

264 3740 405 3791 tuus
437 3733 624 3803 fuerit
650 3734 744 3790 vir
773 3736 920 3803 ejus,
950 3739 1241 3790 evacuata
1272 3742 1351 3789 est
1384 3749 1419 3788 a
1460 3735 1586 3802 lege
1612 3732 1747 3796 viri,
1781 3737 1915 3799 etc.,

262 3823 866 3880 animadvertendum
898 3829 986 3878 est
1019 3822 1193 3878 istam
1227 3822 1679 3877 similitudinem
1711 3824 1771 3876 in
1803 3822 1917 3877 hoc

261 3911 468 3967 differe
490 3911 567 3966 ab
590 3927 658 3966 ea
680 3926 739 3966 re
754 3916 996 3983 propter
1019 3926 1202 3982 quam
1219 3911 1488 3966 adhibita
1513 3915 1623 3975 est,
1643 3910 1808 3981 quod
1822 3910 1918 3965 hic

257 4001 459 4056 virum
484 4000 625 4055 dicit
652 4001 821 4064 mori,
848 4006 902 4056 et
920 4001 1131 4055 mulier
1157 4000 1452 4055 nubatcui
1470 3999 1645 4063 volet,
1669 3999 1919 4054 liberata

260 4090 467 4160 utique
481 4105 515 4144 a
530 4089 657 4158 lege
677 4088 811 4144 viri:
839 4088 921 4144 ibi
944 4094 1140 4145 autem
1159 4105 1297 4144 cum
1310 4088 1628 4144 constituat
1650 4090 1917 4143 animam

258 4178 435 4250 quasi
464 4178 794 4243 mulierem,
820 4178 1009 4233 virum
1036 4184 1235 4233 autem
1257 4176 1764 4249 quasifpassiones
1788 4191 1919 4247 pec-

262 4272 556 4332 catorum,
589 4282 723 4336 quae
771 4272 1095 4339 operantur
1124 4266 1182 4321 in
1212 4266 1514 4330 membris,
1553 4270 1613 4319 ut
1658 4264 1916 4319 fructum

261 4355 456 4411 ferant
491 4357 683 4421 morti,
718 4356 777 4410 id
805 4361 915 4424 est,
956 4360 1016 4410 ut
1046 4355 1146 4410 tali
1184 4354 1465 4425 conjugio
1501 4353 1697 4424 proles
1729 4354 1917 4423 digna

260 4450 579 4509 nascatur;
623 4450 679 4500 et
712 4447 822 4500 Lex
854 4444 931 4515 (a)
954 4459 1090 4516 quae
1117 4443 1260 4499 data
1282 4449 1507 4498 estnon
1536 4441 1612 4498 ad
1649 4441 1917 4497 auferen-

259 4533 411 4588 dum
444 4539 775 4603 peccatum,
802 4533 893 4587 vel
917 4533 992 4588 ad
1025 4532 1440 4588 liberationem
1460 4547 1495 4587 a
1517 4537 1781 4602 peccato,
1811 4529 1916 4585 sed

259 4621 342 4677 ad
373 4622 810 4677 ostendendum
828 4628 1139 4693 peccatum
1166 4626 1300 4677 ante
1317 4620 1567 4691 gratiam
1592 4637 1605 4685 ;
1635 4635 1737 4691 per
1750 4618 1915 4691 quod

258 4709 489 4765 factum
523 4714 609 4765 est
641 4714 703 4764 ut
728 4709 840 4765 sub
866 4710 1013 4779 Lege
1041 4710 1215 4780 positi
1245 4708 1668 4764 vehementiori
1689 4708 1917 4762 deside-

256 4798 351 4853 rio
383 4798 666 4869 peccandi
690 4805 1060 4869 raperentur,
1076 4802 1133 4853 et
1158 4798 1416 4863 amplius
1434 4798 1611 4852 etiam
1640 4796 1916 4868 praevari-

258 4888 827 4958 cationepeccarent
856 4905 867 4942 :
898 4903 1034 4942 cum
1062 4902 1204 4955 ergo
1232 4892 1287 4941 et
1307 4886 1387 4941 ibi
1410 4886 1520 4940 tria
1543 4887 1679 4947 sint,
1711 4886 1914 4941 anima

256 4982 552 5047 tanquam
594 4976 823 5041 mulier,
853 4977 1164 5047 passiones
1198 4979 1581 5046 peccatorum
1622 4978 1915 5044 tanquam

254 5065 444 5133 vir,‘et
465 5065 579 5120 Lex
598 5070 884 5136 tanquam
913 5065 1002 5119 lex
1020 5065 1143 5127 viri,
1170 5063 1410 5119 nonibit
1434 5068 1630 5119 tamen
1653 5062 1913 5134 peccatis

256 5154 535 5217 mortuis,
570 5160 860 5224 tanquam
897 5153 1021 5209 viro
1055 5160 1311 5217 mortuo,
1358 5152 1597 5207 liberari
1644 5151 1913 5206 animam

254 5242 401 5298 dicit
427 5258 439 5308 ;
474 5243 576 5298 sed
607 5244 806 5313 ipsam
836 5242 1105 5298 animam
1127 5243 1273 5297 mori
1307 5245 1574 5311 peccato,
1603 5246 1658 5295 et
1678 5239 1915 5295 liberari

258 5330 482 5400 aLege,
510 5336 569 5385 ut
590 5330 913 5386 sitalterius
937 5330 1063 5395 viri,
1081 5330 1138 5385 id
1166 5336 1251 5385 est
1270 5330 1497 5393 Christi,
1525 5344 1663 5384 cum
1683 5332 1918 5383 mortua

258 5420 438 5476 fuerit
467 5425 732 5491 peccato.
765 5420 1042 5491 Quamvis
1079 5419 1277 5475 adhuc
1307 5419 1483 5491 quasi
1527 5419 1755 5473 vivente
1786 5417 1917 5488 ipso

256 5513 539 5582 peccato:
573 5508 737 5581 quod
757 5506 822 5563 ﬁt
854 5525 989 5564 cum
1016 5508 1214 5565 adhuc
1238 5507 1621 5564 manentibus
1649 5507 1709 5562 in
1741 5504 1919 5562 nobis

325 5658 401 5722 (a)
433 5657 602 5718 Forte,
626 5664 670 5709 et
702 5658 855 5721 legem
886 5658 990 5708 viri
1014 5658 1161 5722 quasi
1191 5658 1342 5720 legem
1376 5670 1507 5719 quia.

1777 134 2177 194 EXPOSITIO.

3542 142 3692 200 2070

2036 260 2344 318 desideriis
2370 266 2427 319 et
2452 263 2855 321 incitamentis
2898 263 3264 336 quibusdam
3314 266 3390 323 ad
3440 283 3691 339 peccan-

2034 351 2202 418 dum,
2244 369 2364 408 non
2387 353 2704 410 obedimus
2754 359 2973 422 tamen,
3009 370 3205 426 neque
3256 356 3686 423 consentimus,

2034 446 2232 497 mente
2263 442 2579 497 servientes
2607 442 2719 512 legi
2746 442 2848 497 Dei
2883 442 3056 514 ;quia
3076 443 3293 499 mortui
3322 460 3529 498 sumus
3556 460 3689 516 pec-

2034 536 2188 585 cato.
2214 530 2489 586 Morietur
2506 538 2702 587 autem
2729 538 2783 585 et
2812 538 3149 603 peccatum,
3178 547 3315 587 cum
3344 531 3690 588 reformatio

2034 620 2299 691 corporis
2330 619 2387 674 in
2419 621 2849 675 resurrectione
2881 620 3036 676 facta
3069 621 3259 684 fuerit,
3293 621 3366 675 de
3398 636 3519 693 qua
3549 624 3690 692 post

2034 706 2196 771 dicit,
2243 709 2568 775 Viviﬁcabit
2598 716 2646 764 et
2692 712 2977 765 mortalia
3008 725 3255 780 corpora
3296 716 3512 775 vestra,
3555 726 3691 779 pro-

2030 803 2167 866 pter
2193 798 2482 867 Spiritum
2516 806 2844 855 manentem
2878 800 2936 853 in
2966 799 3124 854 vobis
3152 800 3338 871 (Rom.
3363 815 3479 865 Vill,
3505 800 3611 869 11).

2108 904 2358 961 XXXVII.
2386 904 2489 978 [Ib.
2519 922 2615 971 vn,
2651 909 2702 969 8,
2743 906 2849 976 13.]
2881 906 3049 970 Quod
3078 911 3277 962 autem
3307 906 3469 969 dicit,
3505 906 3689 962 Occa-

2030 995 2193 1050 sione
2205 1002 2399 1050 autem
2413 1002 2985 1064 accepta,peccatum
3004 1010 3112 1064 per
3128 995 3459 1051 mandatum
3476 1011 3689 1064 opera-

2033 1089 2151 1138 tum
2164 1089 2244 1138 est
2258 1083 2319 1138 in
2338 1100 2428 1140 me
2438 1100 2664 1141 omnem
2680 1084 3685 1155 concupiscentiam,intelligendum

2031 1176 2117 1227 est
2147 1187 2267 1227 non
2290 1188 2531 1227 omnem
2564 1173 2741 1229 fuisse
2768 1173 3333 1245 concupiscentiam,
3360 1179 3682 1245 antequam

2030 1260 2428 1333 prohibitione
2447 1266 2623 1317 aucta
2636 1267 2817 1317 esset.
2839 1266 3100 1331 Augetur
3112 1262 3271 1317 enim
3288 1261 3681 1332 prohibitione

2032 1350 2535 1422 concupiscentia,
2587 1351 2834 1422 quando
2874 1352 3039 1407 deest
3069 1351 3259 1421 gratia
3302 1351 3609 1407 liberantis
3666 1368 3679 1406 :

2031 1439 2165 1495 ideo
2211 1439 2481 1495 nondum
2542 1445 2628 1496 est
2660 1440 2847 1495 omnis
2877 1444 3202 1511 antequam
3231 1440 3621 1511 prohibeatur
3660 1458 3677 1509 ;

2032 1545 2170 1585 cum
2188 1534 2384 1585 autem
2410 1529 2713 1601 prohibita
2734 1528 2930 1593 fuerit,
2954 1528 3289 1593 desistente,
3313 1533 3373 1583 ut
3400 1528 3682 1595 diximus,

2034 1619 2241 1687 gratia,
2285 1622 2515 1673 tantum
2547 1618 2759 1674 crescit
2816 1618 3321 1689 concupiscentia,
3368 1621 3433 1672 ut
3488 1617 3567 1672 ita
3622 1618 3682 1674 in

2035 1722 2145 1761 suo
2164 1721 2378 1776 genere
2397 1706 2615 1771 omnis,
2642 1706 2694 1760 id
2719 1710 2805 1761 est
2826 1711 3247 1761 consummata
3274 1708 3394 1769 ﬁat,
3423 1710 3485 1760 ut
3506 1706 3684 1761 etiam

2034 1801 2240 1850 contra
2274 1798 2483 1864 Legem
2512 1795 2635 1862 ﬁat,
2659 1799 2714 1849 et
2746 1794 3232 1867 praevaricatione
3254 1794 3479 1849 crimen
3510 1810 3684 1850 accu-

2037 1883 2237 1942 mulet.
2286 1884 2455 1949 Quod
2485 1888 2685 1939 autem
2736 1884 2893 1948 dicit,
2939 1884 3080 1939 Sine
3111 1886 3259 1953 Lege
3285 1884 3440 1939 enim
3478 1899 3684 1952 pecca-

2034 1980 2156 2027 tum
2178 1977 2470 2028 mortuum
2497 1977 2600 2038 est,
2628 1987 2749 2029 non
2775 1972 2919 2045 quia
2951 1988 3071 2028 non
3092 1977 3197 2039 est,
3216 1971 3680 2029 dixitmortuum

2036 2067 2140 2127 est,
2165 2062 2268 2116 sed
2302 2061 2444 2134 quia
2472 2061 2612 2117 latet
2644 2077 2655 2113 :
2687 2060 2851 2133 quod
2884 2062 2943 2116 in
2975 2060 3478 2133 consequentibus
3500 2063 3689 2118 mani-

2037 2149 2229 2217 festat,
2258 2151 2392 2205 cum
2425 2150 2586 2216 dicit,
2614 2150 2733 2205 Sed
2745 2157 3068 2219 peccatum,
3096 2156 3159 2205 ut
3181 2156 3466 2221 appareat
3478 2166 3689 2220 pecea-

2040 2246 2178 2304 tum,
2210 2254 2319 2309 per
2350 2240 2566 2295 bonum
2596 2238 2738 2295 mihi
2777 2244 3086 2308 operatum
3117 2247 3199 2294 est
3230 2247 3491 2295 mortem.
3530 2242 3690 2297 Bona

2037 2334 2126 2384 est
2158 2329 2313 2383 enim
2343 2329 2455 2383 Lex
2490 2346 2503 2395 ;
2534 2329 2634 2383 sed
2657 2328 2784 2383 sine
2808 2328 2999 2399 gratia
3020 2327 3279 2383 ostendit
3325 2332 3690 2385 tantummo-

2037 2417 2115 2473 do
2146 2422 2412 2489 peccata,
2447 2432 2569 2472 non
2592 2416 2760 2473 tollit.

2109 2523 2390 2581 XXXVIII.
2416 2522 2518 2594 [Ib.
2551 2539 2642 2587 vn,
2672 2525 2722 2586 9,
2756 2520 2867 2594 10.]
2895 2520 3065 2585 Quod
3089 2526 3288 2577 autem
3308 2521 3407 2587 ait,
3436 2522 3564 2592 Ego
3586 2538 3689 2579 au-

2040 2618 2151 2668 tem
2170 2612 2431 2667 vivebam
2444 2610 2772 2683 aliquando
2783 2612 2908 2665 sine
2924 2612 3089 2679 Lege,
3107 2608 3559 2679 intelligendum
3580 2617 3686 2675 est,

2041 2700 2235 2756 vivere
2258 2699 2400 2755 mihi
2430 2699 2675 2755 videbar
2709 2715 2721 2764 ;
2757 2699 2899 2770 quia
2922 2702 3058 2753 ante
3092 2699 3444 2754 mandatum
3472 2698 3694 2756 latebat

2037 2794 2371 2862 peccatum.
2392 2790 2456 2843 Et
2480 2787 2644 2859 quod
2673 2788 2773 2853 ait,
2802 2786 3165 2843 Adveniente
3186 2793 3379 2843 autem
3404 2787 3691 2856 mandato,

2034 2885 2332 2948 peccatum
2377 2878 2647 2943 revixit;
2688 2892 2793 2947 ego
2833 2882 3029 2933 autem
3068 2883 3338 2932 mortuus
3380 2892 3569 2943 suum,
3605 2878 3692 2932 in-

2038 2967 2423 3037 telligendum
2446 2970 2548 3036 est,
2570 2971 2884 3037 peccatum
2913 2981 3201 3036 apparere
3217 2966 3396 3037 coapit
3422 2983 3434 3031 ;
3461 2982 3570 3037 ego
3585 2982 3690 3022 au-

2037 3062 2154 3113 tem
2183 3060 2484 3110 mortuum
2522 3070 2614 3109 me
2641 3070 2772 3109 esse
2812 3054 3081 3124 cognovi.

2108 3160 2340 3217 XXXIX.
2378 3159 2487 3230 [Ib.
2528 3174 2623 3228 v11,
2662 3158 2775 3231 IL]
2806 3158 2973 3223 Quod
3014 3162 3212 3213 autem
3246 3159 3343 3223 ait,
3380 3159 3687 3216 Peccatum

2034 3252 2210 3314 enim,
2244 3252 2535 3306 occasione
2561 3254 2805 3317 accepta
2825 3262 2934 3315 per
2951 3246 3307 3311 mandatum,
3334 3248 3550 3317 fefellit
3576 3264 3686 3319 me,

2034 3346 2085 3397 et
2114 3355 2225 3408 per
2244 3338 2391 3394 illud
2422 3338 2651 3401 occidit,
2682 3336 2815 3391 ideo
2842 3335 3066 3390 dictum
3092 3340 3201 3403 est,
3234 3336 3376 3407 quia
3406 3335 3685 3391 desiderii

2036 3428 2310 3502 prohibiti
2340 3427 2566 3483 fructus
2594 3425 2826 3481 dulcior
2850 3429 2955 3480 est.
2985 3424 3151 3480 Unde
3178 3424 3355 3479 etiam
3382 3439 3685 3495 quiscum-

2026 3534 2143 3591 que
2161 3522 2407 3589 peccata
2437 3515 2666 3572 occulte
2694 3515 2864 3578 ﬁunt,
2888 3513 3157 3569 dulciora
3183 3516 3321 3568 sunt
3354 3528 3366 3567 :
3401 3513 3682 3584 quamvis

2028 3606 2330 3663 mortifera
2354 3607 2465 3660 ista
2494 3604 2749 3660 dulcedo
2776 3603 2875 3660 sit.
2916 3602 3057 3657 Inde
3088 3606 3176 3657 est
3196 3601 3359 3673 quod
3386 3602 3548 3673 apud
3583 3604 3683 3658 Sa-

2024 3697 2329 3753 Iomonem
2344 3693 2570 3749 fallacis
2583 3693 2867 3748 doctrinae
2884 3691 3144 3761 imagine
3160 3690 3372 3745 sedens
3386 3691 3681 3755 mulier,et

2027 3785 2285 3840 invitans
2300 3788 2359 3838 ut
2373 3782 2451 3838 ad
2466 3798 2528 3837 se
2545 3780 3447 3851 veniantinsipientes,scribitur
3460 3780 3677 3837 dicere:

2024 3876 2218 3929 Panes
2233 3874 2488 3928 occultos
2504 3871 2752 3927 libenter
2764 3870 2993 3933 edite,et
3008 3884 3225 3941 aquam
3236 3869 3532 3938 furtivam
3546 3869 3679 3924 dul-

2026 3976 2145 4019 cem
2180 3962 2351 4017 bibite
2379 3963 2581 4031 (Prov.
2618 3975 2694 4025 ιχ,
2733 3960 2835 4027 17).
2873 3958 2991 4014 Ista
3033 3957 3284 4013 dulcedo
3316 3961 3406 4013 est
3435 3958 3676 4015 occasio

2026 4067 2131 4123 per
2160 4050 2516 4106 mandatum
2548 4050 2787 4104 inventa
2818 4047 3041 4119 peccati
3070 4062 3082 4101 :
3118 4062 3254 4118 quae
3286 4063 3425 4102 cum
3452 4046 3678 4119 appeti-

2025 4146 2140 4210 tur,
2177 4140 2374 4211 utique
2406 4137 2569 4204 fallit,
2594 4142 2649 4193 et
2678 4138 2737 4192 in
2756 4136 3014 4207 majores
3033 4136 3463 4191 amaritudines
3481 4136 3672 4191 vertit.

2098 4244 2203 4298 XL.
2236 4244 2341 4316 [Ib.
2366 4260 2459 4308 vu,
2498 4242 2600 4313 t3.]
2627 4241 2799 4307 Quod
2829 4247 3031 4297 autem
3062 4240 3163 4305 ait,
3195 4240 3358 4308 Quod
3404 4254 3546 4309 ergo
3580 4241 3675 4294 bo-

2023 4349 2165 4389 num
2187 4338 2291 4398 est,
2308 4332 2456 4389 mihi
2473 4332 2697 4400 factum
2719 4337 2799 4386 est
2821 4346 2969 4385 mors
2992 4329 3017 4382 ‘l
3037 4328 3203 4383 Absit
3225 4327 3671 4397 :sedpeccatum

2024 4430 2084 4477 ut
2107 4425 2397 4491 appareat
2418 4426 2848 4489 peccatum,per
2869 4418 3075 4473 bonum
3099 4416 3247 4472 mihi
3266 4424 3575 4485 operatum
3589 4422 3671 4473 est

2022 4518 2285 4574 mortem,
2322 4510 2415 4564 hic
2442 4509 2745 4563 evidenter
2771 4505 3050 4570 ostendit,
3084 4504 3249 4575 quod
3278 4505 3553 4575 superius
3584 4505 3669 4559 di-

2021 4599 2356 4665 xerat,Sine
2377 4598 2525 4667 Lege
2545 4598 2697 4653 enim
2722 4600 3025 4664 peccatum
3052 4596 3347 4649 mortuum
3371 4600 3451 4648 est
3479 4592 3671 4664 (Rom.

2024 4706 2119 4757 vn,
2138 4689 2212 4758 8),
2238 4687 2372 4741 ideo
2398 4685 2636 4750 dixisse,
2652 4683 2945 4755 quialatet
2960 4698 2972 4737 :
2988 4681 3482 4754 quandoquidem
3510 4698 3671 4739 nunc

2023 4778 2180 4842 dicit,
2213 4792 2327 4831 non
2354 4773 2497 4830 illud
2527 4774 2778 4842 bonum,
2811 4772 2871 4826 id
2901 4775 3009 4839 est,
3042 4772 3257 4841 Legem
3288 4771 3505 4827 factam
3559 4772 3672 4829 sibi

2023 4882 2151 4922 esse
2174 4869 2448 4933 mortem,
2473 4862 2574 4919 sed
2596 4866 2909 4935 peccatum
2922 4866 3233 4931 operatum
3263 4876 3390 4917 esse
3420 4866 3673 4917 mortem

2023 4972 2129 5029 per
2154 4956 2383 5011 bonum
2414 4953 2606 5023 Legis,
2653 4952 2709 5008 id
2742 4956 2849 5017 est,
2901 4958 2963 5007 ut
3010 4956 3324 5022 appareret
3356 4955 3672 5023 peccatum

2024 5045 2188 5117 quod
2228 5044 2449 5099 latebat
2488 5042 2617 5098 sine
2648 5041 2827 5110 Lege.
2864 5041 3026 5095 Tunc
3076 5039 3239 5095 enim
3274 5055 3335 5094 se
3365 5043 3671 5093 mortuum

2024 5136 2278 5207 quisque
2293 5132 2617 5202 cognoscit,
2634 5148 2769 5186 cum
2786 5130 2930 5186 illud
2953 5129 3116 5201 quod
3131 5133 3283 5184 recte
3308 5131 3675 5198 praeceptum

2024 5238 2155 5278 esse
2180 5222 2509 5289 conﬁtetur,
2538 5220 2782 5291 implere
2809 5234 2930 5274 non
2968 5223 3166 5289 potest
3194 5239 3205 5282 ;
3240 5221 3295 5272 et
3323 5215 3679 5286 praevarica-

2026 5311 2204 5367 tionis
2230 5309 2476 5365 crimine
2498 5308 2755 5379 amplius
2777 5310 3001 5378 peccat,
3033 5320 3219 5376 quam
3249 5305 3300 5359 si
3322 5319 3445 5360 non
3472 5304 3678 5376 prohi-

2025 5402 2280 5457 beretur.
2314 5398 2432 5453 Hoc
2460 5402 2547 5452 est
2576 5396 2741 5468 quod
2768 5395 2827 5450 in
2862 5394 3368 5465 consequentibus
3400 5394 3565 5465 dicit,
3600 5394 3673 5451 Ut

2024 5491 2132 5559 ﬁat
2152 5479 2591 5558 supra‘modum
2605 5491 2879 5555 peccator
2898 5490 3001 5540 aut
3018 5489 3329 5553 peccatum
3351 5485 3365 5519 ¹
3386 5499 3494 5553 per
3514 5499 3681 5541 man-

2100 5653 2115 5685 ί
2150 5650 2306 5709 Editi,
2336 5653 2569 5715 peccator
2586 5661 2812 5711 peccans.
2842 5647 2965 5697 Mss.
2993 5660 3139 5707 vero,
3158 5652 3392 5710 peccator
3407 5654 3497 5699 aut
3514 5661 3685 5711 pecca-
