  <div class='ocr_page' id='page_1' title='image "/cluster/home/n/w/nwhite01/storage/ocr_20150623/35/hvd.32044054170956/385.png"; bbox 0 0 4182 6198; ppageno 0'>
   <div class='ocr_carea' id='block_1_1' title="bbox 588 116 725 177">
    <p class='ocr_par' dir='ltr' id='par_1_1' title="bbox 588 116 725 177">
     <span class='ocr_line' id='line_1_1' title="bbox 588 116 725 177; baseline 0.022 -3"><span class='ocrx_word' id='word_1_1' title='bbox 588 116 725 177; x_wconf 78' lang='grc'>2071</span> 
     </span>
    </p>
   </div>
   <div class='ocr_carea' id='block_1_2' title="bbox 591 245 2243 321">
    <p class='ocr_par' dir='ltr' id='par_1_2' title="bbox 591 245 2243 321">
     <span class='ocr_line' id='line_1_2' title="bbox 591 245 2243 321; baseline 0.002 -18"><span class='ocrx_word' id='word_1_2' title='bbox 591 247 799 304; x_wconf 87' lang='lat' dir='ltr'>datum</span> <span class='ocrx_word' id='word_1_3' title='bbox 817 265 837 304; x_wconf 86' lang='lat'><strong><em>:</em></strong></span> <span class='ocrx_word' id='word_1_4' title='bbox 861 246 1027 319; x_wconf 89' lang='lat' dir='ltr'>quod</span> <span class='ocrx_word' id='word_1_5' title='bbox 1041 249 1177 303; x_wconf 83' lang='lat' dir='ltr'>ante</span> <span class='ocrx_word' id='word_1_6' title='bbox 1197 245 1555 304; x_wconf 91' lang='lat' dir='ltr'>mandatum</span> <span class='ocrx_word' id='word_1_7' title='bbox 1573 248 1771 304; x_wconf 89' lang='lat' dir='ltr'>minus</span> <span class='ocrx_word' id='word_1_8' title='bbox 1798 253 1951 321; x_wconf 86' lang='lat' dir='ltr'>erat;</span> <span class='ocrx_word' id='word_1_9' title='bbox 1980 249 2243 321; x_wconf 89' lang='lat' dir='ltr'>quiaubi</span> 
     </span>
    </p>
   </div>
   <div class='ocr_carea' id='block_1_3' title="bbox 591 335 1529 407">
    <p class='ocr_par' dir='ltr' id='par_1_3' title="bbox 591 335 1529 407">
     <span class='ocr_line' id='line_1_3' title="bbox 591 335 1529 407; baseline 0 -16"><span class='ocrx_word' id='word_1_10' title='bbox 591 351 715 391; x_wconf 93' lang='lat' dir='ltr'>non</span> <span class='ocrx_word' id='word_1_11' title='bbox 742 336 953 401; x_wconf 87' lang='lat' dir='ltr'>estlex,</span> <span class='ocrx_word' id='word_1_12' title='bbox 970 351 1079 391; x_wconf 93' lang='lat' dir='ltr'>nec</span> <span class='ocrx_word' id='word_1_13' title='bbox 1104 335 1529 407; x_wconf 81' lang='lat' dir='ltr'>praevaricatio.</span> 
     </span>
    </p>
   </div>
   <div class='ocr_carea' id='block_1_4' title="bbox 659 424 2245 498">
    <p class='ocr_par' dir='ltr' id='par_1_4' title="bbox 659 424 2245 498">
     <span class='ocr_line' id='line_1_4' title="bbox 659 424 2245 498; baseline 0.003 -17"><span class='ocrx_word' id='word_1_14' title='bbox 659 426 788 481; x_wconf 85' lang='lat' dir='ltr'>XLI.</span> <span class='ocrx_word' id='word_1_15' title='bbox 803 424 914 497; x_wconf 93' lang='lat' dir='ltr'>[lb.</span> <span class='ocrx_word' id='word_1_16' title='bbox 930 440 1027 489; x_wconf 89' lang='lat' dir='ltr'>v11,</span> <span class='ocrx_word' id='word_1_17' title='bbox 1055 424 1180 497; x_wconf 74' lang='lat'>14.]</span> <span class='ocrx_word' id='word_1_18' title='bbox 1199 424 1371 490; x_wconf 87' lang='lat' dir='ltr'>Quod</span> <span class='ocrx_word' id='word_1_19' title='bbox 1388 430 1585 480; x_wconf 92' lang='lat' dir='ltr'>autem</span> <span class='ocrx_word' id='word_1_20' title='bbox 1601 426 1709 490; x_wconf 90' lang='lat' dir='ltr'>ait,</span> <span class='ocrx_word' id='word_1_21' title='bbox 1723 426 1951 482; x_wconf 79' lang='lat' dir='ltr'>Scimus</span> <span class='ocrx_word' id='word_1_22' title='bbox 1965 427 2107 498; x_wconf 85' lang='lat' dir='ltr'>quia</span> <span class='ocrx_word' id='word_1_23' title='bbox 2124 430 2245 485; x_wconf 72' lang='lat' dir='ltr'>Lex</span> 
     </span>
    </p>
   </div>
   <div class='ocr_carea' id='block_1_5' title="bbox 588 514 2244 585">
    <p class='ocr_par' dir='ltr' id='par_1_5' title="bbox 588 514 2244 585">
     <span class='ocr_line' id='line_1_5' title="bbox 588 514 2244 585; baseline 0.003 -17"><span class='ocrx_word' id='word_1_24' title='bbox 588 514 912 585; x_wconf 84' lang='lat' dir='ltr'>spiritualis</span> <span class='ocrx_word' id='word_1_25' title='bbox 944 520 1046 578; x_wconf 86' lang='lat' dir='ltr'>est,</span> <span class='ocrx_word' id='word_1_26' title='bbox 1071 529 1173 584; x_wconf 86' lang='lat' dir='ltr'>ego</span> <span class='ocrx_word' id='word_1_27' title='bbox 1196 519 1392 569; x_wconf 81' lang='lat' dir='ltr'>autem</span> <span class='ocrx_word' id='word_1_28' title='bbox 1417 515 1683 570; x_wconf 84' lang='lat' dir='ltr'>carnalis</span> <span class='ocrx_word' id='word_1_29' title='bbox 1701 530 1853 581; x_wconf 88' lang='lat' dir='ltr'>sum,</span> <span class='ocrx_word' id='word_1_30' title='bbox 1880 516 2021 571; x_wconf 81' lang='lat' dir='ltr'><strong>satis</strong></span> <span class='ocrx_word' id='word_1_31' title='bbox 2047 522 2244 573; x_wconf 87' lang='lat' dir='ltr'>osten-</span> 
     </span>
    </p>
   </div>
   <div class='ocr_carea' id='block_1_6' title="bbox 590 602 2242 676">
    <p class='ocr_par' dir='ltr' id='par_1_6' title="bbox 590 602 2242 676">
     <span class='ocr_line' id='line_1_6' title="bbox 590 602 2242 676; baseline 0.002 -19"><span class='ocrx_word' id='word_1_32' title='bbox 590 602 675 657; x_wconf 93' lang='lat' dir='ltr'>dit</span> <span class='ocrx_word' id='word_1_33' title='bbox 705 618 825 658; x_wconf 94' lang='lat' dir='ltr'>non</span> <span class='ocrx_word' id='word_1_34' title='bbox 844 618 1019 675; x_wconf 88' lang='lat' dir='ltr'>posse</span> <span class='ocrx_word' id='word_1_35' title='bbox 1039 602 1267 674; x_wconf 90' lang='lat' dir='ltr'>impleri</span> <span class='ocrx_word' id='word_1_36' title='bbox 1298 603 1537 671; x_wconf 85' lang='lat' dir='ltr'>Legem,</span> <span class='ocrx_word' id='word_1_37' title='bbox 1562 603 1674 658; x_wconf 87' lang='lat' dir='ltr'>nisi</span> <span class='ocrx_word' id='word_1_38' title='bbox 1702 604 1779 659; x_wconf 93' lang='lat' dir='ltr'>ab</span> <span class='ocrx_word' id='word_1_39' title='bbox 1806 604 2242 676; x_wconf 91' lang='lat' dir='ltr'>spiritualibus,</span> 
     </span>
    </p>
   </div>
   <div class='ocr_carea' id='block_1_7' title="bbox 590 690 2243 767">
    <p class='ocr_par' dir='ltr' id='par_1_7' title="bbox 590 690 2243 767">
     <span class='ocr_line' id='line_1_7' title="bbox 590 690 2243 767; baseline 0.003 -22"><span class='ocrx_word' id='word_1_40' title='bbox 590 691 799 762; x_wconf 81' lang='lat' dir='ltr'>quales</span> <span class='ocrx_word' id='word_1_41' title='bbox 830 692 968 747; x_wconf 84' lang='lat' dir='ltr'>facit</span> <span class='ocrx_word' id='word_1_42' title='bbox 1020 692 1211 760; x_wconf 88' lang='lat' dir='ltr'>gratia</span> <span class='ocrx_word' id='word_1_43' title='bbox 1242 690 1341 746; x_wconf 88' lang='lat' dir='ltr'>Dei</span> <span class='ocrx_word' id='word_1_44' title='bbox 1390 692 1494 761; x_wconf 89' lang='lat' dir='ltr'>(a).</span> <span class='ocrx_word' id='word_1_45' title='bbox 1546 692 1762 748; x_wconf 86' lang='lat' dir='ltr'>Similis</span> <span class='ocrx_word' id='word_1_46' title='bbox 1795 694 1952 748; x_wconf 90' lang='lat' dir='ltr'>enim</span> <span class='ocrx_word' id='word_1_47' title='bbox 1983 694 2243 767; x_wconf 90' lang='lat' dir='ltr'>quisque</span> 
     </span>
    </p>
   </div>
   <div class='ocr_carea' id='block_1_8' title="bbox 588 780 2245 854">
    <p class='ocr_par' dir='ltr' id='par_1_8' title="bbox 588 780 2245 854">
     <span class='ocr_line' id='line_1_8' title="bbox 588 780 2245 854; baseline 0.002 -18"><span class='ocrx_word' id='word_1_48' title='bbox 588 780 781 837; x_wconf 90' lang='lat' dir='ltr'>factus</span> <span class='ocrx_word' id='word_1_49' title='bbox 812 780 921 850; x_wconf 90' lang='lat' dir='ltr'>ipsi</span> <span class='ocrx_word' id='word_1_50' title='bbox 966 780 1123 849; x_wconf 82' lang='lat' dir='ltr'>Legi,</span> <span class='ocrx_word' id='word_1_51' title='bbox 1158 780 1327 835; x_wconf 81' lang='lat' dir='ltr'>facile</span> <span class='ocrx_word' id='word_1_52' title='bbox 1359 780 1569 852; x_wconf 78' lang='lat' dir='ltr'>implet</span> <span class='ocrx_word' id='word_1_53' title='bbox 1599 782 1763 853; x_wconf 93' lang='lat' dir='ltr'>quod</span> <span class='ocrx_word' id='word_1_54' title='bbox 1796 783 2056 854; x_wconf 76' lang='lat' dir='ltr'>praecipit</span> <span class='ocrx_word' id='word_1_55' title='bbox 2088 801 2101 852; x_wconf 89' lang='lat'><strong>;</strong></span> <span class='ocrx_word' id='word_1_56' title='bbox 2136 799 2245 840; x_wconf 89' lang='lat' dir='ltr'>nec</span> 
     </span>
    </p>
   </div>
   <div class='ocr_carea' id='block_1_9' title="bbox 592 867 2245 943">
    <p class='ocr_par' dir='ltr' id='par_1_9' title="bbox 592 867 2245 943">
     <span class='ocr_line' id='line_1_9' title="bbox 592 867 2245 943; baseline 0.003 -19"><span class='ocrx_word' id='word_1_57' title='bbox 592 868 826 925; x_wconf 87' lang='lat' dir='ltr'>eritsub</span> <span class='ocrx_word' id='word_1_58' title='bbox 844 867 961 938; x_wconf 90' lang='lat' dir='ltr'>illa,</span> <span class='ocrx_word' id='word_1_59' title='bbox 987 868 1091 923; x_wconf 91' lang='lat' dir='ltr'>sed</span> <span class='ocrx_word' id='word_1_60' title='bbox 1115 868 1371 924; x_wconf 90' lang='lat' dir='ltr'>cumilla</span> <span class='ocrx_word' id='word_1_61' title='bbox 1392 886 1404 921; x_wconf 88' lang='lat'>:</span> <span class='ocrx_word' id='word_1_62' title='bbox 1428 870 1476 924; x_wconf 90' lang='lat' dir='ltr'>is</span> <span class='ocrx_word' id='word_1_63' title='bbox 1495 874 1582 925; x_wconf 91' lang='lat' dir='ltr'>est</span> <span class='ocrx_word' id='word_1_64' title='bbox 1612 875 1813 926; x_wconf 90' lang='lat' dir='ltr'>autem</span> <span class='ocrx_word' id='word_1_65' title='bbox 1840 871 1945 942; x_wconf 88' lang='lat' dir='ltr'>qui</span> <span class='ocrx_word' id='word_1_66' title='bbox 1971 872 2100 943; x_wconf 88' lang='lat' dir='ltr'>jam</span> <span class='ocrx_word' id='word_1_67' title='bbox 2123 888 2245 929; x_wconf 92' lang='lat' dir='ltr'>non</span> 
     </span>
    </p>
   </div>
   <div class='ocr_carea' id='block_1_10' title="bbox 593 956 2248 1033">
    <p class='ocr_par' dir='ltr' id='par_1_10' title="bbox 593 956 2248 1033">
     <span class='ocr_line' id='line_1_10' title="bbox 593 956 2248 1033; baseline 0.004 -20"><span class='ocrx_word' id='word_1_68' title='bbox 593 958 820 1027; x_wconf 81' lang='lat' dir='ltr'>capitur</span> <span class='ocrx_word' id='word_1_69' title='bbox 851 956 1277 1029; x_wconf 82' lang='lat' dir='ltr'>temporalibus</span> <span class='ocrx_word' id='word_1_70' title='bbox 1315 958 1513 1023; x_wconf 93' lang='lat' dir='ltr'>bonis,</span> <span class='ocrx_word' id='word_1_71' title='bbox 1537 974 1647 1014; x_wconf 91' lang='lat' dir='ltr'>nec</span> <span class='ocrx_word' id='word_1_72' title='bbox 1682 963 1929 1015; x_wconf 91' lang='lat' dir='ltr'>terretur</span> <span class='ocrx_word' id='word_1_73' title='bbox 1953 967 2248 1033; x_wconf 85' lang='lat' dir='ltr'>tempora-</span> 
     </span>
    </p>
   </div>
   <div class='ocr_carea' id='block_1_11' title="bbox 590 1045 975 1101">
    <p class='ocr_par' dir='ltr' id='par_1_11' title="bbox 590 1045 975 1101">
     <span class='ocr_line' id='line_1_11' title="bbox 590 1045 975 1101; baseline -0.005 -1"><span class='ocrx_word' id='word_1_74' title='bbox 590 1046 750 1101; x_wconf 90' lang='lat' dir='ltr'>libus</span> <span class='ocrx_word' id='word_1_75' title='bbox 782 1045 975 1101; x_wconf 90' lang='lat' dir='ltr'>malis.</span> 
     </span>
    </p>
   </div>
   <div class='ocr_carea' id='block_1_12' title="bbox 664 1135 2246 1209">
    <p class='ocr_par' dir='ltr' id='par_1_12' title="bbox 664 1135 2246 1209">
     <span class='ocr_line' id='line_1_12' title="bbox 664 1135 2246 1209; baseline 0.004 -19"><span class='ocrx_word' id='word_1_76' title='bbox 664 1135 817 1190; x_wconf 86' lang='lat' dir='ltr'>XLII.</span> <span class='ocrx_word' id='word_1_77' title='bbox 852 1135 961 1205; x_wconf 89' lang='lat' dir='ltr'>[lb.</span> <span class='ocrx_word' id='word_1_78' title='bbox 992 1151 1092 1201; x_wconf 89' lang='lat' dir='ltr'>vu,</span> <span class='ocrx_word' id='word_1_79' title='bbox 1128 1136 1240 1209; x_wconf 71' lang='lat'>14.]</span> <span class='ocrx_word' id='word_1_80' title='bbox 1272 1137 1439 1201; x_wconf 88' lang='lat' dir='ltr'>Quod</span> <span class='ocrx_word' id='word_1_81' title='bbox 1473 1141 1673 1193; x_wconf 91' lang='lat' dir='ltr'>autem</span> <span class='ocrx_word' id='word_1_82' title='bbox 1702 1139 1799 1205; x_wconf 92' lang='lat' dir='ltr'>ait,</span> <span class='ocrx_word' id='word_1_83' title='bbox 1849 1138 2246 1197; x_wconf 86' lang='lat' dir='ltr'>Venumdatus</span> 
     </span>
    </p>
   </div>
   <div class='ocr_carea' id='block_1_13' title="bbox 590 1223 2247 1301">
    <p class='ocr_par' dir='ltr' id='par_1_13' title="bbox 590 1223 2247 1301">
     <span class='ocr_line' id='line_1_13' title="bbox 590 1223 2247 1301; baseline 0.003 -22"><span class='ocrx_word' id='word_1_84' title='bbox 590 1224 696 1279; x_wconf 87' lang='lat' dir='ltr'>sub</span> <span class='ocrx_word' id='word_1_85' title='bbox 720 1230 980 1291; x_wconf 85' lang='lat' dir='ltr'>peccato,</span> <span class='ocrx_word' id='word_1_86' title='bbox 1016 1223 1473 1295; x_wconf 89' lang='lat' dir='ltr'>intelligendum</span> <span class='ocrx_word' id='word_1_87' title='bbox 1506 1231 1593 1281; x_wconf 91' lang='lat' dir='ltr'>est</span> <span class='ocrx_word' id='word_1_88' title='bbox 1633 1228 1798 1298; x_wconf 90' lang='lat' dir='ltr'>quod</span> <span class='ocrx_word' id='word_1_89' title='bbox 1831 1229 2247 1301; x_wconf 89' lang='lat' dir='ltr'>unusquisque</span> 
     </span>
    </p>
   </div>
   <div class='ocr_carea' id='block_1_14' title="bbox 588 1313 2247 1388">
    <p class='ocr_par' dir='ltr' id='par_1_14' title="bbox 588 1313 2247 1388">
     <span class='ocr_line' id='line_1_14' title="bbox 588 1313 2247 1388; baseline 0.004 -21"><span class='ocrx_word' id='word_1_90' title='bbox 588 1315 899 1385; x_wconf 88' lang='lat' dir='ltr'>peccando</span> <span class='ocrx_word' id='word_1_91' title='bbox 912 1314 1167 1368; x_wconf 85' lang='lat' dir='ltr'>animam</span> <span class='ocrx_word' id='word_1_92' title='bbox 1184 1330 1358 1369; x_wconf 90' lang='lat' dir='ltr'>suam</span> <span class='ocrx_word' id='word_1_93' title='bbox 1377 1313 1617 1369; x_wconf 89' lang='lat' dir='ltr'>diabolo</span> <span class='ocrx_word' id='word_1_94' title='bbox 1634 1315 2107 1388; x_wconf 91' lang='lat' dir='ltr'>vendit,accepta</span> <span class='ocrx_word' id='word_1_95' title='bbox 2123 1323 2247 1373; x_wconf 90' lang='lat' dir='ltr'>tan-</span> 
     </span>
    </p>
   </div>
   <div class='ocr_carea' id='block_1_15' title="bbox 590 1402 2248 1476">
    <p class='ocr_par' dir='ltr' id='par_1_15' title="bbox 590 1402 2248 1476">
     <span class='ocr_line' id='line_1_15' title="bbox 590 1402 2248 1476; baseline 0.004 -20"><span class='ocrx_word' id='word_1_96' title='bbox 590 1418 776 1473; x_wconf 86' lang='lat' dir='ltr'>quam</span> <span class='ocrx_word' id='word_1_97' title='bbox 797 1402 983 1472; x_wconf 90' lang='lat' dir='ltr'>pretio</span> <span class='ocrx_word' id='word_1_98' title='bbox 1002 1402 1318 1458; x_wconf 91' lang='lat' dir='ltr'>dulcedine</span> <span class='ocrx_word' id='word_1_99' title='bbox 1343 1404 1688 1474; x_wconf 85' lang='lat' dir='ltr'>temporalis</span> <span class='ocrx_word' id='word_1_100' title='bbox 1713 1404 2056 1476; x_wconf 86' lang='lat' dir='ltr'>voluptatis.</span> <span class='ocrx_word' id='word_1_101' title='bbox 2087 1409 2248 1463; x_wconf 88' lang='lat' dir='ltr'>Unde</span> 
     </span>
    </p>
   </div>
   <div class='ocr_carea' id='block_1_16' title="bbox 593 1491 2249 1568">
    <p class='ocr_par' dir='ltr' id='par_1_16' title="bbox 593 1491 2249 1568">
     <span class='ocr_line' id='line_1_16' title="bbox 593 1491 2249 1568; baseline 0.005 -25"><span class='ocrx_word' id='word_1_102' title='bbox 593 1495 649 1544; x_wconf 91' lang='lat' dir='ltr'>et</span> <span class='ocrx_word' id='word_1_103' title='bbox 681 1491 965 1544; x_wconf 90' lang='lat' dir='ltr'>Dominus</span> <span class='ocrx_word' id='word_1_104' title='bbox 994 1491 1354 1563; x_wconf 79' lang='lat' dir='ltr'>Redemptor</span> <span class='ocrx_word' id='word_1_105' title='bbox 1380 1498 1579 1548; x_wconf 83' lang='lat' dir='ltr'>noster</span> <span class='ocrx_word' id='word_1_106' title='bbox 1604 1494 1798 1549; x_wconf 91' lang='lat' dir='ltr'>dictus</span> <span class='ocrx_word' id='word_1_107' title='bbox 1829 1499 1936 1559; x_wconf 92' lang='lat' dir='ltr'>est,</span> <span class='ocrx_word' id='word_1_108' title='bbox 1969 1495 2110 1568; x_wconf 91' lang='lat' dir='ltr'>quia</span> <span class='ocrx_word' id='word_1_109' title='bbox 2136 1496 2249 1552; x_wconf 89' lang='lat' dir='ltr'>hoc</span> 
     </span>
    </p>
   </div>
   <div class='ocr_carea' id='block_1_17' title="bbox 592 1578 1864 1649">
    <p class='ocr_par' dir='ltr' id='par_1_17' title="bbox 592 1578 1864 1649">
     <span class='ocr_line' id='line_1_17' title="bbox 592 1578 1864 1649; baseline 0.003 -17"><span class='ocrx_word' id='word_1_110' title='bbox 592 1578 774 1633; x_wconf 90' lang='lat' dir='ltr'>modo</span> <span class='ocrx_word' id='word_1_111' title='bbox 804 1594 925 1649; x_wconf 90' lang='lat' dir='ltr'>quo</span> <span class='ocrx_word' id='word_1_112' title='bbox 956 1579 1179 1635; x_wconf 91' lang='lat' dir='ltr'>dictum</span> <span class='ocrx_word' id='word_1_113' title='bbox 1211 1586 1321 1649; x_wconf 90' lang='lat' dir='ltr'>est,</span> <span class='ocrx_word' id='word_1_114' title='bbox 1352 1582 1573 1637; x_wconf 87' lang='lat' dir='ltr'>venditi</span> <span class='ocrx_word' id='word_1_115' title='bbox 1605 1598 1864 1639; x_wconf 85' lang='lat' dir='ltr'>eramus.</span> 
     </span>
    </p>
   </div>
   <div class='ocr_carea' id='block_1_18' title="bbox 671 1666 2247 1743">
    <p class='ocr_par' dir='ltr' id='par_1_18' title="bbox 671 1666 2247 1743">
     <span class='ocr_line' id='line_1_18' title="bbox 671 1666 2247 1743; baseline 0.006 -23"><span class='ocrx_word' id='word_1_116' title='bbox 671 1666 850 1721; x_wconf 81' lang='lat' dir='ltr'>XLIII.</span> <span class='ocrx_word' id='word_1_117' title='bbox 868 1666 979 1738; x_wconf 85' lang='lat' dir='ltr'>[lb.</span> <span class='ocrx_word' id='word_1_118' title='bbox 999 1684 1099 1732; x_wconf 87' lang='lat' dir='ltr'>vu,</span> <span class='ocrx_word' id='word_1_119' title='bbox 1120 1670 1208 1733; x_wconf 82' lang='lat'>15,</span> <span class='ocrx_word' id='word_1_120' title='bbox 1232 1669 1340 1743; x_wconf 74' lang='lat'>13.]</span> <span class='ocrx_word' id='word_1_121' title='bbox 1363 1671 1531 1735; x_wconf 90' lang='lat' dir='ltr'>Quod</span> <span class='ocrx_word' id='word_1_122' title='bbox 1555 1676 1755 1727; x_wconf 91' lang='lat' dir='ltr'>autem</span> <span class='ocrx_word' id='word_1_123' title='bbox 1780 1672 1881 1738; x_wconf 87' lang='lat' dir='ltr'>ait,</span> <span class='ocrx_word' id='word_1_124' title='bbox 1909 1673 2076 1738; x_wconf 84' lang='lat' dir='ltr'>Quod</span> <span class='ocrx_word' id='word_1_125' title='bbox 2095 1675 2247 1731; x_wconf 87' lang='lat' dir='ltr'>enim</span> 
     </span>
    </p>
   </div>
   <div class='ocr_carea' id='block_1_19' title="bbox 594 1757 2247 1832">
    <p class='ocr_par' dir='ltr' id='par_1_19' title="bbox 594 1757 2247 1832">
     <span class='ocr_line' id='line_1_19' title="bbox 594 1757 2247 1832; baseline 0.005 -23"><span class='ocrx_word' id='word_1_126' title='bbox 594 1769 825 1821; x_wconf 78' lang='lat' dir='ltr'>operor,</span> <span class='ocrx_word' id='word_1_127' title='bbox 850 1757 1082 1824; x_wconf 85' lang='lat' dir='ltr'>ignoro,</span> <span class='ocrx_word' id='word_1_128' title='bbox 1108 1763 1303 1828; x_wconf 89' lang='lat' dir='ltr'>potest</span> <span class='ocrx_word' id='word_1_129' title='bbox 1326 1759 1506 1815; x_wconf 87' lang='lat' dir='ltr'>videri</span> <span class='ocrx_word' id='word_1_130' title='bbox 1531 1760 1730 1816; x_wconf 90' lang='lat' dir='ltr'>minus</span> <span class='ocrx_word' id='word_1_131' title='bbox 1759 1761 2247 1832; x_wconf 91' lang='lat' dir='ltr'>intelligentibus,</span> 
     </span>
    </p>
   </div>
   <div class='ocr_carea' id='block_1_20' title="bbox 593 1844 2251 1921">
    <p class='ocr_par' dir='ltr' id='par_1_20' title="bbox 593 1844 2251 1921">
     <span class='ocr_line' id='line_1_20' title="bbox 593 1844 2251 1921; baseline 0.004 -22"><span class='ocrx_word' id='word_1_132' title='bbox 593 1844 958 1900; x_wconf 89' lang='lat' dir='ltr'>contrarium</span> <span class='ocrx_word' id='word_1_133' title='bbox 974 1861 1104 1900; x_wconf 88' lang='lat' dir='ltr'>esse</span> <span class='ocrx_word' id='word_1_134' title='bbox 1118 1846 1198 1901; x_wconf 92' lang='lat' dir='ltr'>illi</span> <span class='ocrx_word' id='word_1_135' title='bbox 1212 1849 1516 1905; x_wconf 77' lang='lat' dir='ltr'>sententiae</span> <span class='ocrx_word' id='word_1_136' title='bbox 1530 1866 1652 1921; x_wconf 91' lang='lat' dir='ltr'>qua</span> <span class='ocrx_word' id='word_1_137' title='bbox 1664 1850 1832 1915; x_wconf 88' lang='lat' dir='ltr'>dixit,</span> <span class='ocrx_word' id='word_1_138' title='bbox 1862 1851 2165 1907; x_wconf 84' lang='lat' dir='ltr'>Peccatum</span> <span class='ocrx_word' id='word_1_139' title='bbox 2186 1856 2251 1906; x_wconf 87' lang='lat' dir='ltr'>ut</span> 
     </span>
    </p>
   </div>
   <div class='ocr_carea' id='block_1_21' title="bbox 595 1938 2250 2008">
    <p class='ocr_par' dir='ltr' id='par_1_21' title="bbox 595 1938 2250 2008">
     <span class='ocr_line' id='line_1_21' title="bbox 595 1938 2250 2008; baseline 0.005 -20"><span class='ocrx_word' id='word_1_140' title='bbox 595 1940 884 2000; x_wconf 79' lang='lat' dir='ltr'>appareat</span> <span class='ocrx_word' id='word_1_141' title='bbox 924 1942 1247 2003; x_wconf 84' lang='lat' dir='ltr'>peccatum,</span> <span class='ocrx_word' id='word_1_142' title='bbox 1280 1952 1383 2007; x_wconf 84' lang='lat' dir='ltr'>per</span> <span class='ocrx_word' id='word_1_143' title='bbox 1415 1938 1629 1993; x_wconf 87' lang='lat' dir='ltr'>bonum</span> <span class='ocrx_word' id='word_1_144' title='bbox 1656 1939 1808 1995; x_wconf 82' lang='lat' dir='ltr'>mihi</span> <span class='ocrx_word' id='word_1_145' title='bbox 1830 1947 2137 2008; x_wconf 82' lang='lat' dir='ltr'>Operatum</span> <span class='ocrx_word' id='word_1_146' title='bbox 2169 1948 2250 1996; x_wconf 87' lang='lat' dir='ltr'>est</span> 
     </span>
    </p>
   </div>
   <div class='ocr_carea' id='block_1_22' title="bbox 592 2021 2249 2096">
    <p class='ocr_par' dir='ltr' id='par_1_22' title="bbox 592 2021 2249 2096">
     <span class='ocr_line' id='line_1_22' title="bbox 592 2021 2249 2096; baseline 0.005 -19"><span class='ocrx_word' id='word_1_147' title='bbox 592 2028 860 2078; x_wconf 85' lang='lat' dir='ltr'>mortem.</span> <span class='ocrx_word' id='word_1_148' title='bbox 878 2021 1192 2089; x_wconf 89' lang='lat' dir='ltr'>Quomodo</span> <span class='ocrx_word' id='word_1_149' title='bbox 1206 2024 1365 2080; x_wconf 91' lang='lat' dir='ltr'>enim</span> <span class='ocrx_word' id='word_1_150' title='bbox 1380 2031 1649 2096; x_wconf 89' lang='lat' dir='ltr'>apparet,</span> <span class='ocrx_word' id='word_1_151' title='bbox 1669 2028 1719 2082; x_wconf 92' lang='lat' dir='ltr'>si</span> <span class='ocrx_word' id='word_1_152' title='bbox 1749 2028 2058 2096; x_wconf 81' lang='lat' dir='ltr'>ignoratur</span> <span class='ocrx_word' id='word_1_153' title='bbox 2082 2028 2110 2084; x_wconf 73' lang='lat' dir='ltr'>‘l</span> <span class='ocrx_word' id='word_1_154' title='bbox 2134 2030 2249 2085; x_wconf 90' lang='lat' dir='ltr'>Sed</span> 
     </span>
    </p>
   </div>
   <div class='ocr_carea' id='block_1_23' title="bbox 597 2110 2249 2187">
    <p class='ocr_par' dir='ltr' id='par_1_23' title="bbox 597 2110 2249 2187">
     <span class='ocr_line' id='line_1_23' title="bbox 597 2110 2249 2187; baseline 0.004 -21"><span class='ocrx_word' id='word_1_155' title='bbox 597 2110 827 2178; x_wconf 82' lang='lat' dir='ltr'>ignoro,</span> <span class='ocrx_word' id='word_1_156' title='bbox 846 2110 931 2165; x_wconf 86' lang='lat' dir='ltr'>sic</span> <span class='ocrx_word' id='word_1_157' title='bbox 952 2111 1176 2167; x_wconf 89' lang='lat' dir='ltr'>dictum</span> <span class='ocrx_word' id='word_1_158' title='bbox 1197 2118 1284 2167; x_wconf 89' lang='lat' dir='ltr'>est</span> <span class='ocrx_word' id='word_1_159' title='bbox 1307 2113 1422 2169; x_wconf 90' lang='lat' dir='ltr'>hoc</span> <span class='ocrx_word' id='word_1_160' title='bbox 1440 2116 1592 2179; x_wconf 92' lang='lat' dir='ltr'>loco,</span> <span class='ocrx_word' id='word_1_161' title='bbox 1624 2122 1687 2171; x_wconf 91' lang='lat' dir='ltr'>ut</span> <span class='ocrx_word' id='word_1_162' title='bbox 1716 2116 2100 2187; x_wconf 83' lang='lat' dir='ltr'>intelligatur,</span> <span class='ocrx_word' id='word_1_163' title='bbox 2127 2134 2249 2175; x_wconf 94' lang='lat' dir='ltr'>non</span> 
     </span>
    </p>
   </div>
   <div class='ocr_carea' id='block_1_24' title="bbox 597 2198 2248 2276">
    <p class='ocr_par' dir='ltr' id='par_1_24' title="bbox 597 2198 2248 2276">
     <span class='ocr_line' id='line_1_24' title="bbox 597 2198 2248 2276; baseline 0.007 -24"><span class='ocrx_word' id='word_1_164' title='bbox 597 2198 886 2268; x_wconf 88' lang='lat' dir='ltr'>approbo.</span> <span class='ocrx_word' id='word_1_165' title='bbox 920 2200 1234 2264; x_wconf 89' lang='lat' dir='ltr'>Quomodo</span> <span class='ocrx_word' id='word_1_166' title='bbox 1273 2202 1429 2258; x_wconf 90' lang='lat' dir='ltr'>enim</span> <span class='ocrx_word' id='word_1_167' title='bbox 1474 2204 1729 2260; x_wconf 68' lang='lat' dir='ltr'>tenebrae</span> <span class='ocrx_word' id='word_1_168' title='bbox 1773 2222 1895 2261; x_wconf 91' lang='lat' dir='ltr'>non</span> <span class='ocrx_word' id='word_1_169' title='bbox 1950 2206 2248 2276; x_wconf 89' lang='lat' dir='ltr'>videntur,</span> 
     </span>
    </p>
   </div>
   <div class='ocr_carea' id='block_1_25' title="bbox 598 2285 2247 2360">
    <p class='ocr_par' dir='ltr' id='par_1_25' title="bbox 598 2285 2247 2360">
     <span class='ocr_line' id='line_1_25' title="bbox 598 2285 2247 2360; baseline 0.007 -20"><span class='ocrx_word' id='word_1_170' title='bbox 598 2285 703 2341; x_wconf 92' lang='lat' dir='ltr'>sed</span> <span class='ocrx_word' id='word_1_171' title='bbox 731 2285 881 2342; x_wconf 91' lang='lat' dir='ltr'>lucis</span> <span class='ocrx_word' id='word_1_172' title='bbox 906 2290 1356 2359; x_wconf 87' lang='lat' dir='ltr'>comparatione</span> <span class='ocrx_word' id='word_1_173' title='bbox 1376 2293 1712 2349; x_wconf 91' lang='lat' dir='ltr'>sentiuntur</span> <span class='ocrx_word' id='word_1_174' title='bbox 1746 2310 1760 2360; x_wconf 90' lang='lat'><strong>;</strong></span> <span class='ocrx_word' id='word_1_175' title='bbox 1792 2294 1906 2350; x_wconf 88' lang='lat' dir='ltr'>hoc</span> <span class='ocrx_word' id='word_1_176' title='bbox 1930 2299 2015 2350; x_wconf 90' lang='lat' dir='ltr'>est</span> <span class='ocrx_word' id='word_1_177' title='bbox 2045 2300 2247 2351; x_wconf 91' lang='lat' dir='ltr'>autem</span> 
     </span>
    </p>
   </div>
   <div class='ocr_carea' id='block_1_26' title="bbox 597 2375 2250 2456">
    <p class='ocr_par' dir='ltr' id='par_1_26' title="bbox 597 2375 2250 2456">
     <span class='ocr_line' id='line_1_26' title="bbox 597 2375 2250 2456; baseline 0.007 -26"><span class='ocrx_word' id='word_1_178' title='bbox 597 2375 808 2431; x_wconf 90' lang='lat' dir='ltr'>sentire</span> <span class='ocrx_word' id='word_1_179' title='bbox 831 2377 1131 2445; x_wconf 87' lang='lat' dir='ltr'>tenebras,</span> <span class='ocrx_word' id='word_1_180' title='bbox 1150 2380 1312 2451; x_wconf 88' lang='lat' dir='ltr'>quod</span> <span class='ocrx_word' id='word_1_181' title='bbox 1337 2384 1559 2437; x_wconf 90' lang='lat' dir='ltr'>estnon</span> <span class='ocrx_word' id='word_1_182' title='bbox 1592 2383 1791 2439; x_wconf 90' lang='lat' dir='ltr'>videre</span> <span class='ocrx_word' id='word_1_183' title='bbox 1817 2402 1829 2442; x_wconf 90' lang='lat'><strong>:</strong></span> <span class='ocrx_word' id='word_1_184' title='bbox 1852 2384 1935 2440; x_wconf 90' lang='lat' dir='ltr'>sic</span> <span class='ocrx_word' id='word_1_185' title='bbox 1958 2388 2014 2439; x_wconf 87' lang='lat' dir='ltr'>et</span> <span class='ocrx_word' id='word_1_186' title='bbox 2045 2400 2250 2456; x_wconf 87' lang='lat' dir='ltr'>pecca-</span> 
     </span>
    </p>
   </div>
   <div class='ocr_carea' id='block_1_27' title="bbox 597 2464 2249 2540">
    <p class='ocr_par' dir='ltr' id='par_1_27' title="bbox 597 2464 2249 2540">
     <span class='ocr_line' id='line_1_27' title="bbox 597 2464 2249 2540; baseline 0.005 -20"><span class='ocrx_word' id='word_1_187' title='bbox 597 2468 745 2529; x_wconf 89' lang='lat' dir='ltr'>tum,</span> <span class='ocrx_word' id='word_1_188' title='bbox 773 2464 915 2535; x_wconf 91' lang='lat' dir='ltr'>quia</span> <span class='ocrx_word' id='word_1_189' title='bbox 944 2481 1067 2522; x_wconf 93' lang='lat' dir='ltr'>non</span> <span class='ocrx_word' id='word_1_190' title='bbox 1096 2466 1418 2524; x_wconf 85' lang='lat' dir='ltr'>illustratur</span> <span class='ocrx_word' id='word_1_191' title='bbox 1446 2469 1575 2524; x_wconf 92' lang='lat' dir='ltr'>luce</span> <span class='ocrx_word' id='word_1_192' title='bbox 1593 2471 1853 2540; x_wconf 73' lang='lat' dir='ltr'>justitim,</span> <span class='ocrx_word' id='word_1_193' title='bbox 1888 2488 2009 2528; x_wconf 92' lang='lat' dir='ltr'>non</span> <span class='ocrx_word' id='word_1_194' title='bbox 2040 2472 2249 2530; x_wconf 87' lang='lat' dir='ltr'>intelli-</span> 
     </span>
    </p>
   </div>
   <div class='ocr_carea' id='block_1_28' title="bbox 596 2553 2249 2623">
    <p class='ocr_par' dir='ltr' id='par_1_28' title="bbox 596 2553 2249 2623">
     <span class='ocr_line' id='line_1_28' title="bbox 596 2553 2249 2623; baseline 0.006 -16"><span class='ocrx_word' id='word_1_195' title='bbox 596 2553 793 2623; x_wconf 91' lang='lat' dir='ltr'>gendo</span> <span class='ocrx_word' id='word_1_196' title='bbox 806 2553 1194 2623; x_wconf 88' lang='lat' dir='ltr'>dignoscitur,</span> <span class='ocrx_word' id='word_1_197' title='bbox 1212 2557 1377 2612; x_wconf 87' lang='lat' dir='ltr'>sicuti</span> <span class='ocrx_word' id='word_1_198' title='bbox 1395 2558 1669 2615; x_wconf 89' lang='lat' dir='ltr'>tenebras</span> <span class='ocrx_word' id='word_1_199' title='bbox 1683 2559 1909 2616; x_wconf 92' lang='lat' dir='ltr'>dictum</span> <span class='ocrx_word' id='word_1_200' title='bbox 1927 2568 2016 2617; x_wconf 89' lang='lat' dir='ltr'>est</span> <span class='ocrx_word' id='word_1_201' title='bbox 2029 2577 2149 2617; x_wconf 91' lang='lat' dir='ltr'>non</span> <span class='ocrx_word' id='word_1_202' title='bbox 2169 2561 2249 2617; x_wconf 90' lang='lat' dir='ltr'>vi-</span> 
     </span>
    </p>
   </div>
   <div class='ocr_carea' id='block_1_29' title="bbox 596 2640 2247 2720">
    <p class='ocr_par' dir='ltr' id='par_1_29' title="bbox 596 2640 2247 2720">
     <span class='ocr_line' id='line_1_29' title="bbox 596 2640 2247 2720; baseline 0.007 -26"><span class='ocrx_word' id='word_1_203' title='bbox 596 2640 796 2696; x_wconf 92' lang='lat' dir='ltr'>dendo</span> <span class='ocrx_word' id='word_1_204' title='bbox 830 2642 1054 2697; x_wconf 90' lang='lat' dir='ltr'>sentiri.</span> <span class='ocrx_word' id='word_1_205' title='bbox 1089 2646 1153 2698; x_wconf 89' lang='lat' dir='ltr'>Et</span> <span class='ocrx_word' id='word_1_206' title='bbox 1192 2645 1269 2699; x_wconf 91' lang='lat' dir='ltr'>ad</span> <span class='ocrx_word' id='word_1_207' title='bbox 1298 2646 1413 2700; x_wconf 91' lang='lat' dir='ltr'>hoc</span> <span class='ocrx_word' id='word_1_208' title='bbox 1458 2647 1711 2715; x_wconf 86' lang='lat' dir='ltr'>pertinet</span> <span class='ocrx_word' id='word_1_209' title='bbox 1741 2649 1906 2720; x_wconf 89' lang='lat' dir='ltr'>quod</span> <span class='ocrx_word' id='word_1_210' title='bbox 1930 2650 1988 2704; x_wconf 93' lang='lat' dir='ltr'>in</span> <span class='ocrx_word' id='word_1_211' title='bbox 2016 2650 2247 2706; x_wconf 86' lang='lat' dir='ltr'>Psalmo</span> 
     </span>
    </p>
   </div>
   <div class='ocr_carea' id='block_1_30' title="bbox 596 2728 2249 2808">
    <p class='ocr_par' dir='ltr' id='par_1_30' title="bbox 596 2728 2249 2808">
     <span class='ocr_line' id='line_1_30' title="bbox 596 2728 2249 2808; baseline 0.007 -26"><span class='ocrx_word' id='word_1_212' title='bbox 596 2728 830 2797; x_wconf 90' lang='lat' dir='ltr'>dicitur,</span> <span class='ocrx_word' id='word_1_213' title='bbox 861 2730 1095 2787; x_wconf 80' lang='lat' dir='ltr'>Delicta</span> <span class='ocrx_word' id='word_1_214' title='bbox 1121 2732 1254 2802; x_wconf 90' lang='lat' dir='ltr'>quis</span> <span class='ocrx_word' id='word_1_215' title='bbox 1284 2733 1344 2788; x_wconf 87' lang='lat' dir='ltr'>in</span> <span class='ocrx_word' id='word_1_216' title='bbox 1375 2734 1658 2805; x_wconf 82' lang='lat' dir='ltr'>intelligit</span> <span class='ocrx_word' id='word_1_217' title='bbox 1690 2736 1873 2805; x_wconf 87' lang='lat' dir='ltr'>(Psal.</span> <span class='ocrx_word' id='word_1_218' title='bbox 1909 2754 2070 2802; x_wconf 87' lang='lat' dir='ltr'>xvm,</span> <span class='ocrx_word' id='word_1_219' title='bbox 2108 2740 2194 2808; x_wconf 88' lang='grc'><strong>13)</strong></span> <span class='ocrx_word' id='word_1_220' title='bbox 2218 2740 2249 2793; x_wconf 76' lang='lat' dir='ltr'>‘t</span> 
     </span>
    </p>
   </div>
   <div class='ocr_carea' id='block_1_31' title="bbox 668 2818 2245 2892">
    <p class='ocr_par' dir='ltr' id='par_1_31' title="bbox 668 2818 2245 2892">
     <span class='ocr_line' id='line_1_31' title="bbox 668 2818 2245 2892; baseline 0.008 -21"><span class='ocrx_word' id='word_1_221' title='bbox 668 2818 844 2875; x_wconf 87' lang='lat' dir='ltr'>XLIV.</span> <span class='ocrx_word' id='word_1_222' title='bbox 872 2818 981 2890; x_wconf 89' lang='lat' dir='ltr'>[lb.</span> <span class='ocrx_word' id='word_1_223' title='bbox 1016 2836 1110 2883; x_wconf 82' lang='lat' dir='ltr'>vn,</span> <span class='ocrx_word' id='word_1_224' title='bbox 1137 2821 1220 2885; x_wconf 82' lang='grc'>19,</span> <span class='ocrx_word' id='word_1_225' title='bbox 1249 2822 1359 2892; x_wconf 84' lang='grc'>20.]</span> <span class='ocrx_word' id='word_1_226' title='bbox 1395 2822 1565 2886; x_wconf 90' lang='lat' dir='ltr'>Quod</span> <span class='ocrx_word' id='word_1_227' title='bbox 1580 2830 1779 2880; x_wconf 88' lang='lat' dir='ltr'>autem</span> <span class='ocrx_word' id='word_1_228' title='bbox 1807 2826 1907 2890; x_wconf 87' lang='lat' dir='ltr'>ait,</span> <span class='ocrx_word' id='word_1_229' title='bbox 1939 2828 2072 2883; x_wconf 88' lang='lat' dir='ltr'>Non</span> <span class='ocrx_word' id='word_1_230' title='bbox 2095 2828 2245 2884; x_wconf 84' lang='lat' dir='ltr'>enim</span> 
     </span>
    </p>
   </div>
   <div class='ocr_carea' id='block_1_32' title="bbox 596 2905 2248 2983">
    <p class='ocr_par' dir='ltr' id='par_1_32' title="bbox 596 2905 2248 2983">
     <span class='ocr_line' id='line_1_32' title="bbox 596 2905 2248 2983; baseline 0.008 -24"><span class='ocrx_word' id='word_1_231' title='bbox 596 2905 751 2975; x_wconf 87' lang='lat' dir='ltr'>quod</span> <span class='ocrx_word' id='word_1_232' title='bbox 770 2907 921 2972; x_wconf 88' lang='lat' dir='ltr'>volo,</span> <span class='ocrx_word' id='word_1_233' title='bbox 948 2906 1049 2963; x_wconf 87' lang='lat' dir='ltr'>hoc</span> <span class='ocrx_word' id='word_1_234' title='bbox 1066 2921 1176 2978; x_wconf 93' lang='lat' dir='ltr'>ago</span> <span class='ocrx_word' id='word_1_235' title='bbox 1202 2931 1221 2977; x_wconf 91' lang='lat'>,-</span> <span class='ocrx_word' id='word_1_236' title='bbox 1247 2910 1348 2965; x_wconf 86' lang='lat' dir='ltr'>sed</span> <span class='ocrx_word' id='word_1_237' title='bbox 1370 2912 1529 2981; x_wconf 88' lang='lat' dir='ltr'>quod</span> <span class='ocrx_word' id='word_1_238' title='bbox 1549 2913 1705 2979; x_wconf 91' lang='lat' dir='ltr'>nolo,</span> <span class='ocrx_word' id='word_1_239' title='bbox 1737 2912 1846 2970; x_wconf 90' lang='lat' dir='ltr'>hoc</span> <span class='ocrx_word' id='word_1_240' title='bbox 1863 2915 2045 2983; x_wconf 80' lang='lat' dir='ltr'>facio.</span> <span class='ocrx_word' id='word_1_241' title='bbox 2065 2916 2134 2971; x_wconf 86' lang='lat' dir='ltr'>Si</span> <span class='ocrx_word' id='word_1_242' title='bbox 2142 2932 2248 2972; x_wconf 88' lang='lat' dir='ltr'>au-</span> 
     </span>
    </p>
   </div>
   <div class='ocr_carea' id='block_1_33' title="bbox 597 2996 2247 3076">
    <p class='ocr_par' dir='ltr' id='par_1_33' title="bbox 597 2996 2247 3076">
     <span class='ocr_line' id='line_1_33' title="bbox 597 2996 2247 3076; baseline 0.009 -29"><span class='ocrx_word' id='word_1_243' title='bbox 597 3000 710 3048; x_wconf 87' lang='lat' dir='ltr'>tem</span> <span class='ocrx_word' id='word_1_244' title='bbox 736 2996 896 3064; x_wconf 88' lang='lat' dir='ltr'>quod</span> <span class='ocrx_word' id='word_1_245' title='bbox 924 2996 1083 3061; x_wconf 86' lang='lat' dir='ltr'>nolo,</span> <span class='ocrx_word' id='word_1_246' title='bbox 1113 2996 1222 3053; x_wconf 90' lang='lat' dir='ltr'>hoc</span> <span class='ocrx_word' id='word_1_247' title='bbox 1245 2998 1430 3068; x_wconf 84' lang='lat' dir='ltr'>facio,</span> <span class='ocrx_word' id='word_1_248' title='bbox 1460 3003 1760 3057; x_wconf 81' lang='lat' dir='ltr'>consentio</span> <span class='ocrx_word' id='word_1_249' title='bbox 1787 3004 1945 3074; x_wconf 79' lang='lat' dir='ltr'>Legi.</span> <span class='ocrx_word' id='word_1_250' title='bbox 1967 3005 2247 3076; x_wconf 89' lang='lat' dir='ltr'>quoniam</span> 
     </span>
    </p>
   </div>
   <div class='ocr_carea' id='block_1_34' title="bbox 597 3082 2244 3157">
    <p class='ocr_par' dir='ltr' id='par_1_34' title="bbox 597 3082 2244 3157">
     <span class='ocr_line' id='line_1_34' title="bbox 597 3082 2244 3157; baseline 0.009 -20"><span class='ocrx_word' id='word_1_251' title='bbox 597 3082 750 3139; x_wconf 83' lang='lat' dir='ltr'>bona</span> <span class='ocrx_word' id='word_1_252' title='bbox 790 3092 890 3149; x_wconf 85' lang='lat' dir='ltr'>est,</span> <span class='ocrx_word' id='word_1_253' title='bbox 922 3085 1064 3140; x_wconf 88' lang='lat' dir='ltr'>satis</span> <span class='ocrx_word' id='word_1_254' title='bbox 1094 3086 1339 3157; x_wconf 90' lang='lat' dir='ltr'>quidem</span> <span class='ocrx_word' id='word_1_255' title='bbox 1371 3088 1489 3143; x_wconf 90' lang='lat' dir='ltr'>Lex</span> <span class='ocrx_word' id='word_1_256' title='bbox 1529 3092 1607 3145; x_wconf 90' lang='lat' dir='ltr'>ab</span> <span class='ocrx_word' id='word_1_257' title='bbox 1633 3092 1798 3147; x_wconf 87' lang='lat' dir='ltr'>omni</span> <span class='ocrx_word' id='word_1_258' title='bbox 1830 3093 2244 3150; x_wconf 88' lang='lat' dir='ltr'>criminatione</span> 
     </span>
    </p>
   </div>
   <div class='ocr_carea' id='block_1_35' title="bbox 594 3170 2242 3251">
    <p class='ocr_par' dir='ltr' id='par_1_35' title="bbox 594 3170 2242 3251">
     <span class='ocr_line' id='line_1_35' title="bbox 594 3170 2242 3251; baseline 0.01 -26"><span class='ocrx_word' id='word_1_259' title='bbox 594 3170 932 3228; x_wconf 87' lang='lat' dir='ltr'>defenditur</span> <span class='ocrx_word' id='word_1_260' title='bbox 960 3189 972 3228; x_wconf 93' lang='lat'>:</span> <span class='ocrx_word' id='word_1_261' title='bbox 1009 3174 1110 3229; x_wconf 91' lang='lat' dir='ltr'>sed</span> <span class='ocrx_word' id='word_1_262' title='bbox 1140 3176 1498 3245; x_wconf 90' lang='lat' dir='ltr'>cavendum,</span> <span class='ocrx_word' id='word_1_263' title='bbox 1541 3194 1613 3234; x_wconf 93' lang='lat' dir='ltr'>ne</span> <span class='ocrx_word' id='word_1_264' title='bbox 1640 3179 1773 3251; x_wconf 90' lang='lat' dir='ltr'>quis</span> <span class='ocrx_word' id='word_1_265' title='bbox 1805 3182 2122 3239; x_wconf 88' lang='lat' dir='ltr'>arbitretur</span> <span class='ocrx_word' id='word_1_266' title='bbox 2149 3185 2242 3242; x_wconf 90' lang='lat' dir='ltr'>his</span> 
     </span>
    </p>
   </div>
   <div class='ocr_carea' id='block_1_36' title="bbox 592 3259 2241 3340">
    <p class='ocr_par' dir='ltr' id='par_1_36' title="bbox 592 3259 2241 3340">
     <span class='ocr_line' id='line_1_36' title="bbox 592 3259 2241 3340; baseline 0.008 -25"><span class='ocrx_word' id='word_1_267' title='bbox 592 3259 785 3315; x_wconf 87' lang='lat' dir='ltr'>verbis</span> <span class='ocrx_word' id='word_1_268' title='bbox 816 3261 1034 3317; x_wconf 88' lang='lat' dir='ltr'>auferri</span> <span class='ocrx_word' id='word_1_269' title='bbox 1063 3263 1240 3319; x_wconf 89' lang='lat' dir='ltr'>nobis</span> <span class='ocrx_word' id='word_1_270' title='bbox 1270 3263 1525 3321; x_wconf 90' lang='lat' dir='ltr'>liberum</span> <span class='ocrx_word' id='word_1_271' title='bbox 1557 3267 1877 3324; x_wconf 84' lang='lat' dir='ltr'>voluntatis</span> <span class='ocrx_word' id='word_1_272' title='bbox 1906 3271 2241 3340; x_wconf 86' lang='lat' dir='ltr'>arbitrium,</span> 
     </span>
    </p>
   </div>
   <div class='ocr_carea' id='block_1_37' title="bbox 591 3350 2242 3421">
    <p class='ocr_par' dir='ltr' id='par_1_37' title="bbox 591 3350 2242 3421">
     <span class='ocr_line' id='line_1_37' title="bbox 591 3350 2242 3421; baseline 0.008 -16"><span class='ocrx_word' id='word_1_273' title='bbox 591 3350 757 3421; x_wconf 89' lang='lat' dir='ltr'>quod</span> <span class='ocrx_word' id='word_1_274' title='bbox 782 3366 903 3407; x_wconf 94' lang='lat' dir='ltr'>non</span> <span class='ocrx_word' id='word_1_275' title='bbox 925 3351 1005 3407; x_wconf 90' lang='lat' dir='ltr'>ita</span> <span class='ocrx_word' id='word_1_276' title='bbox 1025 3356 1139 3409; x_wconf 88' lang='lat' dir='ltr'>est.</span> <span class='ocrx_word' id='word_1_277' title='bbox 1170 3355 1336 3409; x_wconf 88' lang='lat' dir='ltr'>Nunc</span> <span class='ocrx_word' id='word_1_278' title='bbox 1362 3354 1522 3409; x_wconf 89' lang='lat' dir='ltr'>enim</span> <span class='ocrx_word' id='word_1_279' title='bbox 1544 3354 1728 3412; x_wconf 90' lang='lat' dir='ltr'>homo</span> <span class='ocrx_word' id='word_1_280' title='bbox 1750 3356 2104 3415; x_wconf 88' lang='lat' dir='ltr'>describitur</span> <span class='ocrx_word' id='word_1_281' title='bbox 2127 3363 2242 3419; x_wconf 92' lang='lat' dir='ltr'>sub</span> 
     </span>
    </p>
   </div>
   <div class='ocr_carea' id='block_1_38' title="bbox 588 3438 2242 3517">
    <p class='ocr_par' dir='ltr' id='par_1_38' title="bbox 588 3438 2242 3517">
     <span class='ocr_line' id='line_1_38' title="bbox 588 3438 2242 3517; baseline 0.008 -24"><span class='ocrx_word' id='word_1_282' title='bbox 588 3438 742 3510; x_wconf 83' lang='lat' dir='ltr'>Lege</span> <span class='ocrx_word' id='word_1_283' title='bbox 766 3441 991 3509; x_wconf 91' lang='lat' dir='ltr'>positus</span> <span class='ocrx_word' id='word_1_284' title='bbox 1017 3446 1153 3497; x_wconf 90' lang='lat' dir='ltr'>ante</span> <span class='ocrx_word' id='word_1_285' title='bbox 1170 3442 1441 3513; x_wconf 86' lang='lat' dir='ltr'>gratiam.</span> <span class='ocrx_word' id='word_1_286' title='bbox 1465 3446 1624 3499; x_wconf 91' lang='lat' dir='ltr'>Tunc</span> <span class='ocrx_word' id='word_1_287' title='bbox 1646 3446 1804 3500; x_wconf 90' lang='lat' dir='ltr'>enim</span> <span class='ocrx_word' id='word_1_288' title='bbox 1829 3449 2086 3517; x_wconf 89' lang='lat' dir='ltr'>peccatis</span> <span class='ocrx_word' id='word_1_289' title='bbox 2116 3451 2242 3506; x_wconf 92' lang='lat' dir='ltr'>vin-</span> 
     </span>
    </p>
   </div>
   <div class='ocr_carea' id='block_1_39' title="bbox 592 3528 2241 3601">
    <p class='ocr_par' dir='ltr' id='par_1_39' title="bbox 592 3528 2241 3601">
     <span class='ocr_line' id='line_1_39' title="bbox 592 3528 2241 3601; baseline 0.007 -18"><span class='ocrx_word' id='word_1_290' title='bbox 592 3528 764 3595; x_wconf 90' lang='lat' dir='ltr'>citur,</span> <span class='ocrx_word' id='word_1_291' title='bbox 809 3529 956 3584; x_wconf 92' lang='lat' dir='ltr'>dum</span> <span class='ocrx_word' id='word_1_292' title='bbox 988 3530 1209 3585; x_wconf 90' lang='lat' dir='ltr'>viribus</span> <span class='ocrx_word' id='word_1_293' title='bbox 1241 3530 1366 3586; x_wconf 90' lang='lat' dir='ltr'>suis</span> <span class='ocrx_word' id='word_1_294' title='bbox 1407 3532 1564 3601; x_wconf 91' lang='lat' dir='ltr'>juste</span> <span class='ocrx_word' id='word_1_295' title='bbox 1596 3532 1790 3589; x_wconf 90' lang='lat' dir='ltr'>vivere</span> <span class='ocrx_word' id='word_1_296' title='bbox 1822 3541 2073 3592; x_wconf 91' lang='lat' dir='ltr'>conatur</span> <span class='ocrx_word' id='word_1_297' title='bbox 2117 3539 2241 3595; x_wconf 90' lang='lat' dir='ltr'>sine</span> 
     </span>
    </p>
   </div>
   <div class='ocr_carea' id='block_1_40' title="bbox 592 3616 2241 3691">
    <p class='ocr_par' dir='ltr' id='par_1_40' title="bbox 592 3616 2241 3691">
     <span class='ocr_line' id='line_1_40' title="bbox 592 3616 2241 3691; baseline 0.007 -19"><span class='ocrx_word' id='word_1_298' title='bbox 592 3616 687 3688; x_wconf 88' lang='lat' dir='ltr'>adj</span> <span class='ocrx_word' id='word_1_299' title='bbox 701 3616 886 3673; x_wconf 91' lang='lat' dir='ltr'>utorio</span> <span class='ocrx_word' id='word_1_300' title='bbox 914 3618 1223 3675; x_wconf 89' lang='lat' dir='ltr'>liberantis</span> <span class='ocrx_word' id='word_1_301' title='bbox 1254 3620 1459 3691; x_wconf 65' lang='lat' dir='ltr'>gratiae</span> <span class='ocrx_word' id='word_1_302' title='bbox 1480 3621 1598 3677; x_wconf 92' lang='lat' dir='ltr'>Dei.</span> <span class='ocrx_word' id='word_1_303' title='bbox 1632 3621 1695 3677; x_wconf 92' lang='lat' dir='ltr'>In</span> <span class='ocrx_word' id='word_1_304' title='bbox 1717 3621 1903 3681; x_wconf 91' lang='lat' dir='ltr'>libero</span> <span class='ocrx_word' id='word_1_305' title='bbox 1924 3629 2125 3683; x_wconf 91' lang='lat' dir='ltr'>autem</span> <span class='ocrx_word' id='word_1_306' title='bbox 2152 3643 2241 3684; x_wconf 87' lang='lat' dir='ltr'>ar-</span> 
     </span>
    </p>
   </div>
   <div class='ocr_carea' id='block_1_41' title="bbox 588 3704 2241 3785">
    <p class='ocr_par' dir='ltr' id='par_1_41' title="bbox 588 3704 2241 3785">
     <span class='ocr_line' id='line_1_41' title="bbox 588 3704 2241 3785; baseline 0.007 -26"><span class='ocrx_word' id='word_1_307' title='bbox 588 3704 764 3760; x_wconf 87' lang='lat' dir='ltr'>bitrio</span> <span class='ocrx_word' id='word_1_308' title='bbox 803 3706 981 3761; x_wconf 89' lang='lat' dir='ltr'>habet</span> <span class='ocrx_word' id='word_1_309' title='bbox 1010 3711 1073 3762; x_wconf 91' lang='lat' dir='ltr'>ut</span> <span class='ocrx_word' id='word_1_310' title='bbox 1111 3707 1315 3762; x_wconf 88' lang='lat' dir='ltr'>credat</span> <span class='ocrx_word' id='word_1_311' title='bbox 1352 3707 1694 3779; x_wconf 89' lang='lat' dir='ltr'>Liberatori,</span> <span class='ocrx_word' id='word_1_312' title='bbox 1725 3715 1782 3766; x_wconf 93' lang='lat' dir='ltr'>et</span> <span class='ocrx_word' id='word_1_313' title='bbox 1812 3712 2069 3784; x_wconf 89' lang='lat' dir='ltr'>accipiat</span> <span class='ocrx_word' id='word_1_314' title='bbox 2098 3730 2241 3785; x_wconf 90' lang='lat' dir='ltr'>gra-</span> 
     </span>
    </p>
   </div>
   <div class='ocr_carea' id='block_1_42' title="bbox 590 3792 2239 3875">
    <p class='ocr_par' dir='ltr' id='par_1_42' title="bbox 590 3792 2239 3875">
     <span class='ocr_line' id='line_1_42' title="bbox 590 3792 2239 3875; baseline 0.008 -28"><span class='ocrx_word' id='word_1_315' title='bbox 590 3792 754 3857; x_wconf 91' lang='lat' dir='ltr'>tiam,</span> <span class='ocrx_word' id='word_1_316' title='bbox 790 3800 852 3848; x_wconf 93' lang='lat' dir='ltr'>ut</span> <span class='ocrx_word' id='word_1_317' title='bbox 875 3793 1003 3863; x_wconf 91' lang='lat' dir='ltr'>jam</span> <span class='ocrx_word' id='word_1_318' title='bbox 1045 3794 1143 3850; x_wconf 90' lang='lat' dir='ltr'>illo</span> <span class='ocrx_word' id='word_1_319' title='bbox 1166 3796 1268 3866; x_wconf 91' lang='lat' dir='ltr'>qui</span> <span class='ocrx_word' id='word_1_320' title='bbox 1298 3812 1435 3852; x_wconf 92' lang='lat' dir='ltr'>eam</span> <span class='ocrx_word' id='word_1_321' title='bbox 1452 3797 1641 3854; x_wconf 81' lang='lat' dir='ltr'>donat</span> <span class='ocrx_word' id='word_1_322' title='bbox 1672 3799 1957 3857; x_wconf 90' lang='lat' dir='ltr'>liberante</span> <span class='ocrx_word' id='word_1_323' title='bbox 1988 3808 2043 3858; x_wconf 91' lang='lat' dir='ltr'>et</span> <span class='ocrx_word' id='word_1_324' title='bbox 2068 3804 2239 3875; x_wconf 85' lang='lat' dir='ltr'>adju-</span> 
     </span>
    </p>
   </div>
   <div class='ocr_carea' id='block_1_43' title="bbox 588 3885 2239 3967">
    <p class='ocr_par' dir='ltr' id='par_1_43' title="bbox 588 3885 2239 3967">
     <span class='ocr_line' id='line_1_43' title="bbox 588 3885 2239 3967; baseline 0.011 -34"><span class='ocrx_word' id='word_1_325' title='bbox 588 3885 765 3935; x_wconf 89' lang='lat' dir='ltr'>vante</span> <span class='ocrx_word' id='word_1_326' title='bbox 797 3895 916 3936; x_wconf 89' lang='lat' dir='ltr'>non</span> <span class='ocrx_word' id='word_1_327' title='bbox 940 3888 1142 3952; x_wconf 87' lang='lat' dir='ltr'>peccet</span> <span class='ocrx_word' id='word_1_328' title='bbox 1176 3901 1188 3947; x_wconf 93' lang='lat'><strong>;</strong></span> <span class='ocrx_word' id='word_1_329' title='bbox 1224 3888 1405 3956; x_wconf 89' lang='lat' dir='ltr'>atque</span> <span class='ocrx_word' id='word_1_330' title='bbox 1433 3886 1513 3943; x_wconf 88' lang='lat' dir='ltr'>ita</span> <span class='ocrx_word' id='word_1_331' title='bbox 1533 3888 1769 3944; x_wconf 90' lang='lat' dir='ltr'>desinat</span> <span class='ocrx_word' id='word_1_332' title='bbox 1798 3905 1925 3946; x_wconf 88' lang='lat' dir='ltr'>esse</span> <span class='ocrx_word' id='word_1_333' title='bbox 1955 3894 2067 3948; x_wconf 90' lang='lat' dir='ltr'>sub</span> <span class='ocrx_word' id='word_1_334' title='bbox 2090 3896 2239 3967; x_wconf 90' lang='lat' dir='ltr'>Lege</span> 
     </span>
    </p>
   </div>
   <div class='ocr_carea' id='block_1_44' title="bbox 590 3967 2239 4047">
    <p class='ocr_par' dir='ltr' id='par_1_44' title="bbox 590 3967 2239 4047">
     <span class='ocr_line' id='line_1_44' title="bbox 590 3967 2239 4047; baseline 0.012 -27"><span class='ocrx_word' id='word_1_335' title='bbox 590 3967 698 4022; x_wconf 86' lang='lat' dir='ltr'>sed</span> <span class='ocrx_word' id='word_1_336' title='bbox 728 3983 867 4023; x_wconf 91' lang='lat' dir='ltr'>cum</span> <span class='ocrx_word' id='word_1_337' title='bbox 907 3969 1059 4039; x_wconf 85' lang='lat' dir='ltr'>Lege</span> <span class='ocrx_word' id='word_1_338' title='bbox 1099 3971 1185 4026; x_wconf 89' lang='lat' dir='ltr'>vel</span> <span class='ocrx_word' id='word_1_339' title='bbox 1210 3973 1267 4027; x_wconf 93' lang='lat' dir='ltr'>in</span> <span class='ocrx_word' id='word_1_340' title='bbox 1308 3974 1757 4047; x_wconf 90' lang='lat' dir='ltr'>Lege,implens</span> <span class='ocrx_word' id='word_1_341' title='bbox 1791 3994 1926 4034; x_wconf 88' lang='lat' dir='ltr'>eam</span> <span class='ocrx_word' id='word_1_342' title='bbox 1953 3980 2239 4039; x_wconf 90' lang='lat' dir='ltr'>charitate</span> 
     </span>
    </p>
   </div>
   <div class='ocr_carea' id='block_1_45' title="bbox 588 4056 1576 4131">
    <p class='ocr_par' dir='ltr' id='par_1_45' title="bbox 588 4056 1576 4131">
     <span class='ocr_line' id='line_1_45' title="bbox 588 4056 1576 4131; baseline 0.007 -21"><span class='ocrx_word' id='word_1_343' title='bbox 588 4056 755 4126; x_wconf 92' lang='lat' dir='ltr'>quod</span> <span class='ocrx_word' id='word_1_344' title='bbox 792 4057 997 4113; x_wconf 90' lang='lat' dir='ltr'>timore</span> <span class='ocrx_word' id='word_1_345' title='bbox 1029 4059 1151 4127; x_wconf 91' lang='lat' dir='ltr'>Dei,</span> <span class='ocrx_word' id='word_1_346' title='bbox 1175 4074 1296 4115; x_wconf 91' lang='lat' dir='ltr'>non</span> <span class='ocrx_word' id='word_1_347' title='bbox 1329 4066 1576 4131; x_wconf 88' lang='lat' dir='ltr'>poterat.</span> 
     </span>
    </p>
   </div>
   <div class='ocr_carea' id='block_1_46' title="bbox 663 4147 2240 4229">
    <p class='ocr_par' dir='ltr' id='par_1_46' title="bbox 663 4147 2240 4229">
     <span class='ocr_line' id='line_1_46' title="bbox 663 4147 2240 4229; baseline 0.012 -30"><span class='ocrx_word' id='word_1_348' title='bbox 663 4147 1005 4204; x_wconf 86' lang='lat' dir='ltr'><strong>XLV-XLVI.</strong></span> <span class='ocrx_word' id='word_1_349' title='bbox 1044 4147 1155 4220; x_wconf 79' lang='lat' dir='ltr'>[lb.</span> <span class='ocrx_word' id='word_1_350' title='bbox 1188 4165 1284 4214; x_wconf 87' lang='lat' dir='ltr'>vn,</span> <span class='ocrx_word' id='word_1_351' title='bbox 1326 4150 1545 4223; x_wconf 83' lang='lat'>23-25.]</span> <span class='ocrx_word' id='word_1_352' title='bbox 1577 4153 1748 4217; x_wconf 89' lang='lat' dir='ltr'>Quod</span> <span class='ocrx_word' id='word_1_353' title='bbox 1780 4159 1981 4213; x_wconf 91' lang='lat' dir='ltr'>autem</span> <span class='ocrx_word' id='word_1_354' title='bbox 2013 4160 2113 4229; x_wconf 89' lang='lat' dir='ltr'>ait,</span> <span class='ocrx_word' id='word_1_355' title='bbox 2154 4162 2240 4217; x_wconf 82' lang='lat' dir='ltr'>Vi-</span> 
     </span>
    </p>
   </div>
   <div class='ocr_carea' id='block_1_47' title="bbox 587 4234 2240 4322">
    <p class='ocr_par' dir='ltr' id='par_1_47' title="bbox 587 4234 2240 4322">
     <span class='ocr_line' id='line_1_47' title="bbox 587 4234 2240 4322; baseline 0.011 -33"><span class='ocrx_word' id='word_1_356' title='bbox 587 4234 693 4290; x_wconf 86' lang='lat' dir='ltr'>deo</span> <span class='ocrx_word' id='word_1_357' title='bbox 720 4235 903 4290; x_wconf 85' lang='lat' dir='ltr'>aliam</span> <span class='ocrx_word' id='word_1_358' title='bbox 923 4237 1106 4307; x_wconf 83' lang='lat' dir='ltr'>legem</span> <span class='ocrx_word' id='word_1_359' title='bbox 1127 4237 1191 4294; x_wconf 85' lang='lat' dir='ltr'>in</span> <span class='ocrx_word' id='word_1_360' title='bbox 1205 4238 1475 4295; x_wconf 81' lang='lat' dir='ltr'>membris</span> <span class='ocrx_word' id='word_1_361' title='bbox 1496 4243 1658 4306; x_wconf 82' lang='lat' dir='ltr'>meis,</span> <span class='ocrx_word' id='word_1_362' title='bbox 1684 4254 2113 4315; x_wconf 83' lang='lat' dir='ltr'>repugnantem</span> <span class='ocrx_word' id='word_1_363' title='bbox 2130 4251 2240 4322; x_wconf 87' lang='lat' dir='ltr'>legi</span> 
     </span>
    </p>
   </div>
   <div class='ocr_carea' id='block_1_48' title="bbox 589 4325 2237 4409">
    <p class='ocr_par' dir='ltr' id='par_1_48' title="bbox 589 4325 2237 4409">
     <span class='ocr_line' id='line_1_48' title="bbox 589 4325 2237 4409; baseline 0.01 -32"><span class='ocrx_word' id='word_1_364' title='bbox 589 4325 796 4379; x_wconf 85' lang='lat' dir='ltr'>mentis</span> <span class='ocrx_word' id='word_1_365' title='bbox 812 4340 970 4392; x_wconf 67' lang='lat' dir='ltr'>meae,</span> <span class='ocrx_word' id='word_1_366' title='bbox 995 4332 1047 4382; x_wconf 83' lang='lat' dir='ltr'>et</span> <span class='ocrx_word' id='word_1_367' title='bbox 1061 4328 1459 4395; x_wconf 88' lang='lat' dir='ltr'>captivantem</span> <span class='ocrx_word' id='word_1_368' title='bbox 1482 4343 1573 4386; x_wconf 92' lang='lat' dir='ltr'>me</span> <span class='ocrx_word' id='word_1_369' title='bbox 1594 4330 1696 4386; x_wconf 88' lang='lat' dir='ltr'>sub</span> <span class='ocrx_word' id='word_1_370' title='bbox 1715 4331 1840 4401; x_wconf 88' lang='lat' dir='ltr'>lege</span> <span class='ocrx_word' id='word_1_371' title='bbox 1858 4338 2091 4401; x_wconf 80' lang='lat' dir='ltr'>peccati</span> <span class='ocrx_word' id='word_1_372' title='bbox 2107 4354 2237 4409; x_wconf 77' lang='lat' dir='ltr'>quae</span> 
     </span>
    </p>
   </div>
   <div class='ocr_carea' id='block_1_49' title="bbox 587 4414 2236 4496">
    <p class='ocr_par' dir='ltr' id='par_1_49' title="bbox 587 4414 2236 4496">
     <span class='ocr_line' id='line_1_49' title="bbox 587 4414 2236 4496; baseline 0.009 -30"><span class='ocrx_word' id='word_1_373' title='bbox 587 4419 666 4467; x_wconf 86' lang='lat' dir='ltr'>est</span> <span class='ocrx_word' id='word_1_374' title='bbox 692 4416 753 4468; x_wconf 80' lang='lat' dir='ltr'>in</span> <span class='ocrx_word' id='word_1_375' title='bbox 784 4414 1059 4471; x_wconf 82' lang='lat' dir='ltr'>membris</span> <span class='ocrx_word' id='word_1_376' title='bbox 1084 4417 1243 4481; x_wconf 86' lang='lat' dir='ltr'>meis,</span> <span class='ocrx_word' id='word_1_377' title='bbox 1277 4415 1469 4486; x_wconf 81' lang='lat' dir='ltr'>legem</span> <span class='ocrx_word' id='word_1_378' title='bbox 1497 4420 1720 4488; x_wconf 91' lang='lat' dir='ltr'>peccati</span> <span class='ocrx_word' id='word_1_379' title='bbox 1747 4420 1907 4487; x_wconf 90' lang='lat' dir='ltr'>dicit,</span> <span class='ocrx_word' id='word_1_380' title='bbox 1928 4439 2049 4494; x_wconf 89' lang='lat' dir='ltr'>qua</span> <span class='ocrx_word' id='word_1_381' title='bbox 2079 4427 2236 4496; x_wconf 91' lang='lat' dir='ltr'>quis-</span> 
     </span>
    </p>
   </div>
   <div class='ocr_carea' id='block_1_50' title="bbox 586 4503 2225 4584">
    <p class='ocr_par' dir='ltr' id='par_1_50' title="bbox 586 4503 2225 4584">
     <span class='ocr_line' id='line_1_50' title="bbox 586 4503 2225 4584; baseline 0.01 -29"><span class='ocrx_word' id='word_1_382' title='bbox 586 4517 703 4573; x_wconf 92' lang='lat' dir='ltr'>que</span> <span class='ocrx_word' id='word_1_383' title='bbox 760 4503 983 4559; x_wconf 89' lang='lat' dir='ltr'>carnali</span> <span class='ocrx_word' id='word_1_384' title='bbox 1010 4506 1441 4561; x_wconf 89' lang='lat' dir='ltr'>consuetudine</span> <span class='ocrx_word' id='word_1_385' title='bbox 1480 4507 1822 4578; x_wconf 91' lang='lat' dir='ltr'>implicatus</span> <span class='ocrx_word' id='word_1_386' title='bbox 1855 4512 2225 4584; x_wconf 88' lang='lat' dir='ltr'>astringitur.</span> 
     </span>
    </p>
   </div>
   <div class='ocr_carea' id='block_1_51' title="bbox 586 4589 2231 4674">
    <p class='ocr_par' dir='ltr' id='par_1_51' title="bbox 586 4589 2231 4674">
     <span class='ocr_line' id='line_1_51' title="bbox 586 4589 2231 4674; baseline 0.009 -29"><span class='ocrx_word' id='word_1_387' title='bbox 586 4589 751 4646; x_wconf 90' lang='lat' dir='ltr'>Hanc</span> <span class='ocrx_word' id='word_1_388' title='bbox 780 4607 1117 4663; x_wconf 88' lang='lat' dir='ltr'>repugnare</span> <span class='ocrx_word' id='word_1_389' title='bbox 1147 4595 1227 4650; x_wconf 90' lang='lat' dir='ltr'>ait</span> <span class='ocrx_word' id='word_1_390' title='bbox 1257 4594 1373 4664; x_wconf 88' lang='lat' dir='ltr'>legi</span> <span class='ocrx_word' id='word_1_391' title='bbox 1406 4597 1620 4652; x_wconf 89' lang='lat' dir='ltr'>mentis</span> <span class='ocrx_word' id='word_1_392' title='bbox 1643 4616 1774 4670; x_wconf 69' lang='lat' dir='ltr'>suae,</span> <span class='ocrx_word' id='word_1_393' title='bbox 1808 4605 1865 4655; x_wconf 91' lang='lat' dir='ltr'>et</span> <span class='ocrx_word' id='word_1_394' title='bbox 1887 4616 1947 4655; x_wconf 92' lang='lat' dir='ltr'>se</span> <span class='ocrx_word' id='word_1_395' title='bbox 1973 4604 2231 4674; x_wconf 89' lang='lat' dir='ltr'>captiva-</span> 
     </span>
    </p>
   </div>
   <div class='ocr_carea' id='block_1_52' title="bbox 584 4679 2235 4755">
    <p class='ocr_par' dir='ltr' id='par_1_52' title="bbox 584 4679 2235 4755">
     <span class='ocr_line' id='line_1_52' title="bbox 584 4679 2235 4755; baseline 0.01 -22"><span class='ocrx_word' id='word_1_396' title='bbox 584 4693 647 4733; x_wconf 90' lang='lat' dir='ltr'>re</span> <span class='ocrx_word' id='word_1_397' title='bbox 669 4679 775 4733; x_wconf 90' lang='lat' dir='ltr'>sub</span> <span class='ocrx_word' id='word_1_398' title='bbox 796 4680 924 4752; x_wconf 88' lang='lat' dir='ltr'>lege</span> <span class='ocrx_word' id='word_1_399' title='bbox 953 4684 1177 4753; x_wconf 90' lang='lat' dir='ltr'>peccati</span> <span class='ocrx_word' id='word_1_400' title='bbox 1209 4700 1222 4738; x_wconf 90' lang='lat'><strong>:</strong></span> <span class='ocrx_word' id='word_1_401' title='bbox 1254 4686 1869 4755; x_wconf 89' lang='lat' dir='ltr'>undeintelligiturille</span> <span class='ocrx_word' id='word_1_402' title='bbox 1896 4691 2080 4748; x_wconf 89' lang='lat' dir='ltr'>homo</span> <span class='ocrx_word' id='word_1_403' title='bbox 2104 4694 2235 4749; x_wconf 90' lang='lat' dir='ltr'>des-</span> 
     </span>
    </p>
   </div>
   <div class='ocr_carea' id='block_1_53' title="bbox 584 4764 2234 4853">
    <p class='ocr_par' dir='ltr' id='par_1_53' title="bbox 584 4764 2234 4853">
     <span class='ocr_line' id='line_1_53' title="bbox 584 4764 2234 4853; baseline 0.013 -35"><span class='ocrx_word' id='word_1_404' title='bbox 584 4764 751 4830; x_wconf 89' lang='lat' dir='ltr'>cribi,</span> <span class='ocrx_word' id='word_1_405' title='bbox 776 4769 877 4838; x_wconf 89' lang='lat' dir='ltr'>qui</span> <span class='ocrx_word' id='word_1_406' title='bbox 904 4772 1176 4827; x_wconf 90' lang='lat' dir='ltr'>nondum</span> <span class='ocrx_word' id='word_1_407' title='bbox 1202 4777 1289 4828; x_wconf 90' lang='lat' dir='ltr'>est</span> <span class='ocrx_word' id='word_1_408' title='bbox 1311 4774 1423 4829; x_wconf 92' lang='lat' dir='ltr'>sub</span> <span class='ocrx_word' id='word_1_409' title='bbox 1451 4776 1642 4843; x_wconf 90' lang='lat' dir='ltr'>gratia</span> <span class='ocrx_word' id='word_1_410' title='bbox 1663 4776 1764 4848; x_wconf 93' lang='lat' dir='ltr'>(b).</span> <span class='ocrx_word' id='word_1_411' title='bbox 1798 4778 1851 4834; x_wconf 92' lang='lat' dir='ltr'>Si</span> <span class='ocrx_word' id='word_1_412' title='bbox 1875 4780 2032 4835; x_wconf 91' lang='lat' dir='ltr'>enim</span> <span class='ocrx_word' id='word_1_413' title='bbox 2061 4798 2234 4853; x_wconf 90' lang='lat' dir='ltr'>repu-</span> 
     </span>
    </p>
   </div>
   <div class='ocr_carea' id='block_1_54' title="bbox 583 4859 2228 4941">
    <p class='ocr_par' dir='ltr' id='par_1_54' title="bbox 583 4859 2228 4941">
     <span class='ocr_line' id='line_1_54' title="bbox 583 4859 2228 4941; baseline 0.012 -34"><span class='ocrx_word' id='word_1_414' title='bbox 583 4859 794 4922; x_wconf 86' lang='lat' dir='ltr'>gnaret</span> <span class='ocrx_word' id='word_1_415' title='bbox 824 4860 1052 4913; x_wconf 91' lang='lat' dir='ltr'>tantum</span> <span class='ocrx_word' id='word_1_416' title='bbox 1086 4862 1455 4916; x_wconf 88' lang='lat' dir='ltr'>consuetudo</span> <span class='ocrx_word' id='word_1_417' title='bbox 1485 4864 1760 4929; x_wconf 88' lang='lat' dir='ltr'>carnalis,</span> <span class='ocrx_word' id='word_1_418' title='bbox 1802 4872 1857 4921; x_wconf 91' lang='lat' dir='ltr'>et</span> <span class='ocrx_word' id='word_1_419' title='bbox 1895 4883 2011 4923; x_wconf 92' lang='lat' dir='ltr'>non</span> <span class='ocrx_word' id='word_1_420' title='bbox 2045 4873 2228 4941; x_wconf 88' lang='lat' dir='ltr'>capti-</span> 
     </span>
    </p>
   </div>
   <div class='ocr_carea' id='block_1_55' title="bbox 580 4948 2225 5027">
    <p class='ocr_par' dir='ltr' id='par_1_55' title="bbox 580 4948 2225 5027">
     <span class='ocr_line' id='line_1_55' title="bbox 580 4948 2225 5027; baseline 0.01 -29"><span class='ocrx_word' id='word_1_421' title='bbox 580 4948 762 5010; x_wconf 91' lang='lat' dir='ltr'>varet,</span> <span class='ocrx_word' id='word_1_422' title='bbox 788 4960 908 5000; x_wconf 91' lang='lat' dir='ltr'>non</span> <span class='ocrx_word' id='word_1_423' title='bbox 923 4948 1422 5005; x_wconf 88' lang='lat' dir='ltr'>essetdamnatio.</span> <span class='ocrx_word' id='word_1_424' title='bbox 1446 4951 1506 5004; x_wconf 91' lang='lat' dir='ltr'>In</span> <span class='ocrx_word' id='word_1_425' title='bbox 1529 4966 1598 5006; x_wconf 93' lang='lat' dir='ltr'>eo</span> <span class='ocrx_word' id='word_1_426' title='bbox 1613 4953 1769 5008; x_wconf 90' lang='lat' dir='ltr'>enim</span> <span class='ocrx_word' id='word_1_427' title='bbox 1786 4960 1871 5009; x_wconf 90' lang='lat' dir='ltr'>est</span> <span class='ocrx_word' id='word_1_428' title='bbox 1895 4961 2225 5027; x_wconf 86' lang='lat' dir='ltr'>damnatio,</span> 
     </span>
    </p>
   </div>
   <div class='ocr_carea' id='block_1_56' title="bbox 580 5034 2229 5118">
    <p class='ocr_par' dir='ltr' id='par_1_56' title="bbox 580 5034 2229 5118">
     <span class='ocr_line' id='line_1_56' title="bbox 580 5034 2229 5118; baseline 0.011 -30"><span class='ocrx_word' id='word_1_429' title='bbox 580 5034 741 5107; x_wconf 90' lang='lat' dir='ltr'>quod</span> <span class='ocrx_word' id='word_1_430' title='bbox 770 5034 1261 5108; x_wconf 89' lang='lat' dir='ltr'>obtemperamus</span> <span class='ocrx_word' id='word_1_431' title='bbox 1291 5043 1348 5094; x_wconf 92' lang='lat' dir='ltr'>et</span> <span class='ocrx_word' id='word_1_432' title='bbox 1373 5040 1664 5095; x_wconf 89' lang='lat' dir='ltr'>servimus</span> <span class='ocrx_word' id='word_1_433' title='bbox 1690 5042 1991 5099; x_wconf 88' lang='lat' dir='ltr'>desideriis</span> <span class='ocrx_word' id='word_1_434' title='bbox 2029 5051 2229 5118; x_wconf 89' lang='lat' dir='ltr'>pravis</span> 
     </span>
    </p>
   </div>
   <div class='ocr_carea' id='block_1_57' title="bbox 579 5123 2227 5196">
    <p class='ocr_par' dir='ltr' id='par_1_57' title="bbox 579 5123 2227 5196">
     <span class='ocr_line' id='line_1_57' title="bbox 579 5123 2227 5196; baseline 0.01 -18"><span class='ocrx_word' id='word_1_435' title='bbox 579 5123 941 5180; x_wconf 86' lang='lat' dir='ltr'>carnalibus.</span> <span class='ocrx_word' id='word_1_436' title='bbox 984 5125 1039 5182; x_wconf 93' lang='lat' dir='ltr'>Si</span> <span class='ocrx_word' id='word_1_437' title='bbox 1072 5130 1273 5182; x_wconf 91' lang='lat' dir='ltr'>autem</span> <span class='ocrx_word' id='word_1_438' title='bbox 1300 5126 1577 5194; x_wconf 86' lang='lat' dir='ltr'>existant,</span> <span class='ocrx_word' id='word_1_439' title='bbox 1618 5133 1675 5183; x_wconf 93' lang='lat' dir='ltr'>et</span> <span class='ocrx_word' id='word_1_440' title='bbox 1700 5145 1821 5186; x_wconf 93' lang='lat' dir='ltr'>non</span> <span class='ocrx_word' id='word_1_441' title='bbox 1852 5131 2044 5190; x_wconf 89' lang='lat' dir='ltr'>desint</span> <span class='ocrx_word' id='word_1_442' title='bbox 2086 5138 2227 5196; x_wconf 90' lang='lat' dir='ltr'>talia</span> 
     </span>
    </p>
   </div>
   <div class='ocr_carea' id='block_1_58' title="bbox 567 5211 2226 5297">
    <p class='ocr_par' dir='ltr' id='par_1_58' title="bbox 567 5211 2226 5297">
     <span class='ocr_line' id='line_1_58' title="bbox 567 5211 2226 5297; baseline 0.009 -29"><span class='ocrx_word' id='word_1_443' title='bbox 567 5211 891 5279; x_wconf 80' lang='lat' dir='ltr'>desideria,</span> <span class='ocrx_word' id='word_1_444' title='bbox 927 5230 1048 5271; x_wconf 91' lang='lat' dir='ltr'>non</span> <span class='ocrx_word' id='word_1_445' title='bbox 1078 5219 1279 5271; x_wconf 89' lang='lat' dir='ltr'>tamen</span> <span class='ocrx_word' id='word_1_446' title='bbox 1309 5215 1404 5271; x_wconf 90' lang='lat' dir='ltr'>his</span> <span class='ocrx_word' id='word_1_447' title='bbox 1438 5215 1796 5273; x_wconf 90' lang='lat' dir='ltr'>obediamus</span> <span class='ocrx_word' id='word_1_448' title='bbox 1828 5242 1840 5285; x_wconf 87' lang='lat'><strong>;</strong></span> <span class='ocrx_word' id='word_1_449' title='bbox 1884 5237 1999 5278; x_wconf 93' lang='lat' dir='ltr'>non</span> <span class='ocrx_word' id='word_1_450' title='bbox 2045 5229 2226 5297; x_wconf 87' lang='lat' dir='ltr'>capti-</span> 
     </span>
    </p>
   </div>
   <div class='ocr_carea' id='block_1_59' title="bbox 566 5302 2226 5385">
    <p class='ocr_par' dir='ltr' id='par_1_59' title="bbox 566 5302 2226 5385">
     <span class='ocr_line' id='line_1_59' title="bbox 566 5302 2226 5385; baseline 0.011 -30"><span class='ocrx_word' id='word_1_451' title='bbox 566 5315 811 5367; x_wconf 80' lang='lat' dir='ltr'>vamur,</span> <span class='ocrx_word' id='word_1_452' title='bbox 844 5306 899 5360; x_wconf 88' lang='lat' dir='ltr'>et</span> <span class='ocrx_word' id='word_1_453' title='bbox 923 5302 1037 5360; x_wconf 90' lang='lat' dir='ltr'>sub</span> <span class='ocrx_word' id='word_1_454' title='bbox 1060 5304 1401 5376; x_wconf 90' lang='lat' dir='ltr'>gratiajam</span> <span class='ocrx_word' id='word_1_455' title='bbox 1432 5320 1666 5371; x_wconf 89' lang='lat' dir='ltr'>sumus,</span> <span class='ocrx_word' id='word_1_456' title='bbox 1698 5306 1771 5362; x_wconf 92' lang='lat' dir='ltr'>de</span> <span class='ocrx_word' id='word_1_457' title='bbox 1806 5324 1928 5380; x_wconf 89' lang='lat' dir='ltr'>qua</span> <span class='ocrx_word' id='word_1_458' title='bbox 1949 5310 2226 5385; x_wconf 89' lang='lat' dir='ltr'>loquetur</span> 
     </span>
    </p>
   </div>
   <div class='ocr_carea' id='block_1_60' title="bbox 574 5443 2226 5555">
    <p class='ocr_par' dir='ltr' id='par_1_60' title="bbox 574 5443 2226 5555">
     <span class='ocr_line' id='line_1_60' title="bbox 574 5443 2226 5555; baseline 0.014 -70"><span class='ocrx_word' id='word_1_459' title='bbox 574 5443 960 5555; x_wconf 41' lang='lat' dir='ltr'>guﬂmsai’ctglibi</span> <span class='ocrx_word' id='word_1_460' title='bbox 986 5447 1319 5511; x_wconf 82' lang='lat' dir='ltr'>Augustinus</span> <span class='ocrx_word' id='word_1_461' title='bbox 1342 5447 1488 5513; x_wconf 91' lang='lat' dir='ltr'>quod</span> <span class='ocrx_word' id='word_1_462' title='bbox 1516 5448 1653 5499; x_wconf 83' lang='lat' dir='ltr'>forte</span> <span class='ocrx_word' id='word_1_463' title='bbox 1683 5448 1736 5499; x_wconf 88' lang='lat' dir='ltr'>in</span> <span class='ocrx_word' id='word_1_464' title='bbox 1760 5463 1931 5516; x_wconf 62' lang='lat' dir='ltr'>graeco</span> <span class='ocrx_word' id='word_1_465' title='bbox 1958 5453 2226 5522; x_wconf 84' lang='lat' dir='ltr'>legeretur</span> 
     </span>
    </p>
   </div>
   <div class='ocr_carea' id='block_1_61' title="bbox 634 5563 1433 5641">
    <p class='ocr_par' dir='ltr' id='par_1_61' title="bbox 634 5563 1433 5641">
     <span class='ocr_line' id='line_1_61' title="bbox 634 5563 1433 5641; baseline 0.023 -32"><span class='ocrx_word' id='word_1_466' title='bbox 634 5563 703 5641; x_wconf 53' lang='lat' dir='ltr'>(lg)</span> <span class='ocrx_word' id='word_1_467' title='bbox 733 5565 1002 5641; x_wconf 49' lang='lat' dir='ltr'>IIBetract.</span> <span class='ocrx_word' id='word_1_468' title='bbox 1036 5585 1148 5641; x_wconf 87' lang='lat' dir='ltr'>cap.</span> <span class='ocrx_word' id='word_1_469' title='bbox 1186 5577 1265 5633; x_wconf 75' lang='lat'>23,</span> <span class='ocrx_word' id='word_1_470' title='bbox 1302 5589 1353 5627; x_wconf 90' lang='lat' dir='ltr'>n.</span> <span class='ocrx_word' id='word_1_471' title='bbox 1388 5576 1433 5630; x_wconf 80' lang='grc'>1.</span> 
     </span>
    </p>
   </div>
   <div class='ocr_carea' id='block_1_62' title="bbox 632 5624 858 5688">
    <p class='ocr_par' dir='ltr' id='par_1_62' title="bbox 632 5624 858 5688">
     <span class='ocr_line' id='line_1_62' title="bbox 632 5624 858 5688; baseline 0.035 -17"><span class='ocrx_word' id='word_1_472' title='bbox 632 5624 858 5688; x_wconf 71' lang='grc' dir='ltr'>(ὁ),1ὺὶὀ.</span> 
     </span>
    </p>
   </div>
   <div class='ocr_carea' id='block_1_63' title="bbox 1082 118 3935 215">
    <p class='ocr_par' dir='ltr' id='par_1_63' title="bbox 1082 118 3935 215">
     <span class='ocr_line' id='line_1_63' title="bbox 1082 118 3935 215; baseline 0.013 -40"><span class='ocrx_word' id='word_1_473' title='bbox 1082 118 1551 190; x_wconf 80' lang='lat' dir='ltr'>QUARUMDAM</span> <span class='ocrx_word' id='word_1_474' title='bbox 1597 120 2182 181; x_wconf 83' lang='lat' dir='ltr'>PROPOSITIONUM</span> <span class='ocrx_word' id='word_1_475' title='bbox 2224 123 2321 181; x_wconf 83' lang='grc' dir='ltr'>ΕΧ</span> <span class='ocrx_word' id='word_1_476' title='bbox 2356 127 2587 190; x_wconf 89' lang='lat' dir='ltr'>EPIST.</span> <span class='ocrx_word' id='word_1_477' title='bbox 2626 137 2721 194; x_wconf 89' lang='lat' dir='ltr'>AD</span> <span class='ocrx_word' id='word_1_478' title='bbox 2758 139 2961 209; x_wconf 83' lang='lat' dir='ltr'>ROM.,</span> <span class='ocrx_word' id='word_1_479' title='bbox 3004 142 3065 199; x_wconf 91' lang='lat' dir='ltr'>S.</span> <span class='ocrx_word' id='word_1_480' title='bbox 3109 142 3516 205; x_wconf 81' lang='lat' dir='ltr'>AUGUSTINI.</span> <span class='ocrx_word' id='word_1_481' title='bbox 3827 156 3935 215; x_wconf 65' lang='lat' dir='ltr'>2M2</span> 
     </span>
    </p>
   </div>
   <div class='ocr_carea' id='block_1_64' title="bbox 2353 263 3940 340">
    <p class='ocr_par' dir='ltr' id='par_1_64' title="bbox 2353 263 3940 340">
     <span class='ocr_line' id='line_1_64' title="bbox 2353 263 3940 340; baseline 0.018 -30"><span class='ocrx_word' id='word_1_482' title='bbox 2353 270 2489 312; x_wconf 91' lang='lat' dir='ltr'>cum</span> <span class='ocrx_word' id='word_1_483' title='bbox 2518 263 2941 322; x_wconf 89' lang='lat' dir='ltr'>exclamaverit</span> <span class='ocrx_word' id='word_1_484' title='bbox 2957 272 3013 323; x_wconf 90' lang='lat' dir='ltr'>et</span> <span class='ocrx_word' id='word_1_485' title='bbox 3034 268 3447 340; x_wconf 88' lang='lat' dir='ltr'>imploraverit</span> <span class='ocrx_word' id='word_1_486' title='bbox 3462 274 3792 333; x_wconf 88' lang='lat' dir='ltr'>Liberatoris</span> <span class='ocrx_word' id='word_1_487' title='bbox 3809 282 3940 338; x_wconf 84' lang='lat' dir='ltr'>auxi-</span> 
     </span>
    </p>
   </div>
   <div class='ocr_carea' id='block_1_65' title="bbox 2351 342 3937 439">
    <p class='ocr_par' dir='ltr' id='par_1_65' title="bbox 2351 342 3937 439">
     <span class='ocr_line' id='line_1_65' title="bbox 2351 342 3937 439; baseline 0.018 -40"><span class='ocrx_word' id='word_1_488' title='bbox 2351 342 2521 439; x_wconf 79' lang='lat' dir='ltr'>lium,</span> <span class='ocrx_word' id='word_1_489' title='bbox 2541 355 2601 405; x_wconf 92' lang='lat' dir='ltr'>ut</span> <span class='ocrx_word' id='word_1_490' title='bbox 2616 354 2802 422; x_wconf 88' lang='lat' dir='ltr'>possit</span> <span class='ocrx_word' id='word_1_491' title='bbox 2817 370 2921 427; x_wconf 90' lang='lat' dir='ltr'>per</span> <span class='ocrx_word' id='word_1_492' title='bbox 2933 358 3185 428; x_wconf 89' lang='lat' dir='ltr'>gratiam</span> <span class='ocrx_word' id='word_1_493' title='bbox 3200 358 3475 427; x_wconf 79' lang='lat' dir='ltr'>Charitas,</span> <span class='ocrx_word' id='word_1_494' title='bbox 3491 364 3646 435; x_wconf 90' lang='lat' dir='ltr'>quod</span> <span class='ocrx_word' id='word_1_495' title='bbox 3660 380 3753 436; x_wconf 85' lang='lat' dir='ltr'>per</span> <span class='ocrx_word' id='word_1_496' title='bbox 3764 367 3937 439; x_wconf 84' lang='lat' dir='ltr'>Legem</span> 
     </span>
    </p>
   </div>
   <div class='ocr_carea' id='block_1_66' title="bbox 2354 434 3938 524">
    <p class='ocr_par' dir='ltr' id='par_1_66' title="bbox 2354 434 3938 524">
     <span class='ocr_line' id='line_1_66' title="bbox 2354 434 3938 524; baseline 0.017 -36"><span class='ocrx_word' id='word_1_497' title='bbox 2354 434 2530 492; x_wconf 89' lang='lat' dir='ltr'>timor</span> <span class='ocrx_word' id='word_1_498' title='bbox 2557 454 2679 496; x_wconf 93' lang='lat' dir='ltr'>non</span> <span class='ocrx_word' id='word_1_499' title='bbox 2712 449 2960 514; x_wconf 88' lang='lat' dir='ltr'>poterat.</span> <span class='ocrx_word' id='word_1_500' title='bbox 2998 445 3151 502; x_wconf 84' lang='lat' dir='ltr'>Dixit</span> <span class='ocrx_word' id='word_1_501' title='bbox 3204 448 3384 513; x_wconf 90' lang='lat' dir='ltr'>enim,</span> <span class='ocrx_word' id='word_1_502' title='bbox 3438 434 3769 524; x_wconf 41' lang='lat' dir='ltr'>Infelix—ego</span> <span class='ocrx_word' id='word_1_503' title='bbox 3793 434 3938 523; x_wconf 71' lang='lat' dir='ltr'>hbmo,</span> 
     </span>
    </p>
   </div>
   <div class='ocr_carea' id='block_1_67' title="bbox 2352 526 3941 613">
    <p class='ocr_par' dir='ltr' id='par_1_67' title="bbox 2352 526 3941 613">
     <span class='ocr_line' id='line_1_67' title="bbox 2352 526 3941 613; baseline 0.016 -35"><span class='ocrx_word' id='word_1_504' title='bbox 2352 526 2483 613; x_wconf 84' lang='lat' dir='ltr'>quis</span> <span class='ocrx_word' id='word_1_505' title='bbox 2522 544 2607 585; x_wconf 85' lang='lat' dir='ltr'>me</span> <span class='ocrx_word' id='word_1_506' title='bbox 2627 531 2902 588; x_wconf 85' lang='lat' dir='ltr'>liberabit</span> <span class='ocrx_word' id='word_1_507' title='bbox 2929 535 2996 590; x_wconf 82' lang='lat' dir='ltr'>de</span> <span class='ocrx_word' id='word_1_508' title='bbox 3021 544 3269 605; x_wconf 81' lang='lat' dir='ltr'>corpore</span> <span class='ocrx_word' id='word_1_509' title='bbox 3296 540 3485 595; x_wconf 88' lang='lat' dir='ltr'>mortis</span> <span class='ocrx_word' id='word_1_510' title='bbox 3509 540 3683 613; x_wconf 81' lang='lat' dir='ltr'>hujus</span> <span class='ocrx_word' id='word_1_511' title='bbox 3708 545 3734 597; x_wconf 77' lang='lat'><strong><em>?</em></strong></span> <span class='ocrx_word' id='word_1_512' title='bbox 3761 545 3814 601; x_wconf 88' lang='lat' dir='ltr'>Et</span> <span class='ocrx_word' id='word_1_513' title='bbox 3836 546 3941 603; x_wconf 88' lang='lat' dir='ltr'>sub-</span> 
     </span>
    </p>
   </div>
   <div class='ocr_carea' id='block_1_68' title="bbox 2349 612 3945 692">
    <p class='ocr_par' dir='ltr' id='par_1_68' title="bbox 2349 612 3945 692">
     <span class='ocr_line' id='line_1_68' title="bbox 2349 612 3945 692; baseline 0.016 -26"><span class='ocrx_word' id='word_1_514' title='bbox 2349 612 2507 683; x_wconf 87' lang='lat' dir='ltr'>jecit,</span> <span class='ocrx_word' id='word_1_515' title='bbox 2542 618 2742 675; x_wconf 82' lang='lat' dir='ltr'>Gratia</span> <span class='ocrx_word' id='word_1_516' title='bbox 2763 623 2872 680; x_wconf 91' lang='lat' dir='ltr'>Dei</span> <span class='ocrx_word' id='word_1_517' title='bbox 2887 639 2994 692; x_wconf 83' lang='lat' dir='ltr'>per</span> <span class='ocrx_word' id='word_1_518' title='bbox 3020 625 3216 680; x_wconf 87' lang='lat' dir='ltr'>Jesum</span> <span class='ocrx_word' id='word_1_519' title='bbox 3240 626 3530 684; x_wconf 81' lang='lat' dir='ltr'>Christum</span> <span class='ocrx_word' id='word_1_520' title='bbox 3545 632 3945 692; x_wconf 73' lang='lat' dir='ltr'>Dominumnos-</span> 
     </span>
    </p>
   </div>
   <div class='ocr_carea' id='block_1_69' title="bbox 2355 708 3947 792">
    <p class='ocr_par' dir='ltr' id='par_1_69' title="bbox 2355 708 3947 792">
     <span class='ocr_line' id='line_1_69' title="bbox 2355 708 3947 792; baseline 0.016 -36"><span class='ocrx_word' id='word_1_521' title='bbox 2355 708 2529 760; x_wconf 82' lang='lat' dir='ltr'>trum.</span> <span class='ocrx_word' id='word_1_522' title='bbox 2550 708 2768 766; x_wconf 91' lang='lat' dir='ltr'>Deinde</span> <span class='ocrx_word' id='word_1_523' title='bbox 2783 710 2987 783; x_wconf 89' lang='lat' dir='ltr'>incipit</span> <span class='ocrx_word' id='word_1_524' title='bbox 3000 713 3334 771; x_wconf 87' lang='lat' dir='ltr'>describere</span> <span class='ocrx_word' id='word_1_525' title='bbox 3350 716 3652 776; x_wconf 87' lang='lat' dir='ltr'>hominem</span> <span class='ocrx_word' id='word_1_526' title='bbox 3672 721 3773 777; x_wconf 89' lang='lat' dir='ltr'>sub</span> <span class='ocrx_word' id='word_1_527' title='bbox 3792 725 3947 792; x_wconf 85' lang='lat' dir='ltr'>gratia</span> 
     </span>
    </p>
   </div>
   <div class='ocr_carea' id='block_1_70' title="bbox 2353 794 3948 883">
    <p class='ocr_par' dir='ltr' id='par_1_70' title="bbox 2353 794 3948 883">
     <span class='ocr_line' id='line_1_70' title="bbox 2353 794 3948 883; baseline 0.014 -35"><span class='ocrx_word' id='word_1_528' title='bbox 2353 794 2743 854; x_wconf 89' lang='lat' dir='ltr'>constitutum</span> <span class='ocrx_word' id='word_1_529' title='bbox 2768 818 2780 855; x_wconf 90' lang='lat'>:</span> <span class='ocrx_word' id='word_1_530' title='bbox 2815 802 2912 872; x_wconf 90' lang='lat' dir='ltr'>qui</span> <span class='ocrx_word' id='word_1_531' title='bbox 2936 802 3139 857; x_wconf 89' lang='lat' dir='ltr'>tertius</span> <span class='ocrx_word' id='word_1_532' title='bbox 3163 805 3722 873; x_wconf 88' lang='lat' dir='ltr'>gradusestillorum</span> <span class='ocrx_word' id='word_1_533' title='bbox 3734 818 3948 883; x_wconf 87' lang='lat' dir='ltr'>quatuor</span> 
     </span>
    </p>
   </div>
   <div class='ocr_carea' id='block_1_71' title="bbox 2352 887 3947 973">
    <p class='ocr_par' dir='ltr' id='par_1_71' title="bbox 2352 887 3947 973">
     <span class='ocr_line' id='line_1_71' title="bbox 2352 887 3947 973; baseline 0.015 -38"><span class='ocrx_word' id='word_1_534' title='bbox 2352 897 2502 973; x_wconf 82' lang='lat' dir='ltr'>quos</span> <span class='ocrx_word' id='word_1_535' title='bbox 2516 887 2792 957; x_wconf 88' lang='lat' dir='ltr'>superius</span> <span class='ocrx_word' id='word_1_536' title='bbox 2806 888 3188 948; x_wconf 86' lang='lat' dir='ltr'>distinximus</span> <span class='ocrx_word' id='word_1_537' title='bbox 3207 894 3439 964; x_wconf 84' lang='lat' dir='ltr'>(Prop.,</span> <span class='ocrx_word' id='word_1_538' title='bbox 3468 896 3573 969; x_wconf 81' lang='lat' dir='ltr'>t3).</span> <span class='ocrx_word' id='word_1_539' title='bbox 3598 898 3682 953; x_wconf 84' lang='lat' dir='ltr'>Ad</span> <span class='ocrx_word' id='word_1_540' title='bbox 3694 899 3947 973; x_wconf 81' lang='lat' dir='ltr'>huncgra-</span> 
     </span>
    </p>
   </div>
   <div class='ocr_carea' id='block_1_72' title="bbox 2354 970 3948 1061">
    <p class='ocr_par' dir='ltr' id='par_1_72' title="bbox 2354 970 3948 1061">
     <span class='ocr_line' id='line_1_72' title="bbox 2354 970 3948 1061; baseline 0.014 -36"><span class='ocrx_word' id='word_1_541' title='bbox 2354 970 2498 1061; x_wconf 87' lang='lat' dir='ltr'>dum</span> <span class='ocrx_word' id='word_1_542' title='bbox 2527 973 2653 1044; x_wconf 90' lang='lat' dir='ltr'>jam</span> <span class='ocrx_word' id='word_1_543' title='bbox 2678 976 3109 1051; x_wconf 90' lang='lat' dir='ltr'>pertinetquod</span> <span class='ocrx_word' id='word_1_544' title='bbox 3122 983 3318 1038; x_wconf 87' lang='lat' dir='ltr'>statim</span> <span class='ocrx_word' id='word_1_545' title='bbox 3348 970 3948 1061; x_wconf 66' lang='lat' dir='ltr'>subjungithiturego</span> 
     </span>
    </p>
   </div>
   <div class='ocr_carea' id='block_1_73' title="bbox 2353 1058 3949 1147">
    <p class='ocr_par' dir='ltr' id='par_1_73' title="bbox 2353 1058 3949 1147">
     <span class='ocr_line' id='line_1_73' title="bbox 2353 1058 3949 1147; baseline 0.014 -33"><span class='ocrx_word' id='word_1_546' title='bbox 2353 1058 2478 1129; x_wconf 84' lang='lat' dir='ltr'>ipse</span> <span class='ocrx_word' id='word_1_547' title='bbox 2489 1071 2681 1121; x_wconf 87' lang='lat' dir='ltr'>mente</span> <span class='ocrx_word' id='word_1_548' title='bbox 2698 1069 2882 1123; x_wconf 81' lang='lat' dir='ltr'>servio</span> <span class='ocrx_word' id='word_1_549' title='bbox 2903 1069 3047 1139; x_wconf 87' lang='lat' dir='ltr'>Legi</span> <span class='ocrx_word' id='word_1_550' title='bbox 3070 1071 3194 1136; x_wconf 90' lang='lat' dir='ltr'>Dei,</span> <span class='ocrx_word' id='word_1_551' title='bbox 3216 1086 3392 1130; x_wconf 87' lang='lat' dir='ltr'>carne</span> <span class='ocrx_word' id='word_1_552' title='bbox 3410 1082 3606 1131; x_wconf 80' lang='lat' dir='ltr'>autem</span> <span class='ocrx_word' id='word_1_553' title='bbox 3635 1058 3741 1147; x_wconf 80' lang='lat' dir='ltr'>legi</span> <span class='ocrx_word' id='word_1_554' title='bbox 3762 1058 3949 1147; x_wconf 80' lang='lat' dir='ltr'>peccati</span> 
     </span>
    </p>
   </div>
   <div class='ocr_carea' id='block_1_74' title="bbox 2354 1149 3949 1239">
    <p class='ocr_par' dir='ltr' id='par_1_74' title="bbox 2354 1149 3949 1239">
     <span class='ocr_line' id='line_1_74' title="bbox 2354 1149 3949 1239; baseline 0.012 -35"><span class='ocrx_word' id='word_1_555' title='bbox 2354 1149 2499 1220; x_wconf 89' lang='lat' dir='ltr'>quia</span> <span class='ocrx_word' id='word_1_556' title='bbox 2525 1151 2660 1207; x_wconf 91' lang='lat' dir='ltr'>licet</span> <span class='ocrx_word' id='word_1_557' title='bbox 2703 1156 3095 1213; x_wconf 86' lang='lat' dir='ltr'>existentibus</span> <span class='ocrx_word' id='word_1_558' title='bbox 3126 1159 3438 1217; x_wconf 89' lang='lat' dir='ltr'>desideriis</span> <span class='ocrx_word' id='word_1_559' title='bbox 3469 1164 3813 1230; x_wconf 85' lang='lat' dir='ltr'>carnalibus,</span> <span class='ocrx_word' id='word_1_560' title='bbox 3848 1167 3949 1239; x_wconf 86' lang='lat' dir='ltr'>jam</span> 
     </span>
    </p>
   </div>
   <div class='ocr_carea' id='block_1_75' title="bbox 2354 1242 3948 1326">
    <p class='ocr_par' dir='ltr' id='par_1_75' title="bbox 2354 1242 3948 1326">
     <span class='ocr_line' id='line_1_75' title="bbox 2354 1242 3948 1326; baseline 0.011 -33"><span class='ocrx_word' id='word_1_561' title='bbox 2354 1253 2477 1295; x_wconf 92' lang='lat' dir='ltr'>non</span> <span class='ocrx_word' id='word_1_562' title='bbox 2504 1242 2683 1299; x_wconf 89' lang='lat' dir='ltr'>servit</span> <span class='ocrx_word' id='word_1_563' title='bbox 2726 1246 3157 1304; x_wconf 88' lang='lat' dir='ltr'>consentiendo</span> <span class='ocrx_word' id='word_1_564' title='bbox 3197 1250 3273 1305; x_wconf 87' lang='lat' dir='ltr'>ad</span> <span class='ocrx_word' id='word_1_565' title='bbox 3302 1249 3637 1309; x_wconf 90' lang='lat' dir='ltr'>faciendum</span> <span class='ocrx_word' id='word_1_566' title='bbox 3667 1261 3948 1326; x_wconf 85' lang='lat' dir='ltr'>peccatum,</span> 
     </span>
    </p>
   </div>
   <div class='ocr_carea' id='block_1_76' title="bbox 2355 1329 3948 1414">
    <p class='ocr_par' dir='ltr' id='par_1_76' title="bbox 2355 1329 3948 1414">
     <span class='ocr_line' id='line_1_76' title="bbox 2355 1329 3948 1414; baseline 0.012 -33"><span class='ocrx_word' id='word_1_567' title='bbox 2355 1329 2456 1399; x_wconf 91' lang='lat' dir='ltr'>qui</span> <span class='ocrx_word' id='word_1_568' title='bbox 2499 1330 2615 1385; x_wconf 91' lang='lat' dir='ltr'>sub</span> <span class='ocrx_word' id='word_1_569' title='bbox 2645 1333 2838 1401; x_wconf 91' lang='lat' dir='ltr'>gratia</span> <span class='ocrx_word' id='word_1_570' title='bbox 2866 1336 3220 1392; x_wconf 90' lang='lat' dir='ltr'>constitutus</span> <span class='ocrx_word' id='word_1_571' title='bbox 3260 1345 3456 1396; x_wconf 88' lang='lat' dir='ltr'>mente</span> <span class='ocrx_word' id='word_1_572' title='bbox 3489 1343 3665 1398; x_wconf 85' lang='lat' dir='ltr'>servit</span> <span class='ocrx_word' id='word_1_573' title='bbox 3706 1343 3830 1414; x_wconf 90' lang='lat' dir='ltr'>Legi</span> <span class='ocrx_word' id='word_1_574' title='bbox 3854 1344 3948 1409; x_wconf 87' lang='lat' dir='ltr'>Dei,</span> 
     </span>
    </p>
   </div>
   <div class='ocr_carea' id='block_1_77' title="bbox 2355 1421 3955 1503">
    <p class='ocr_par' dir='ltr' id='par_1_77' title="bbox 2355 1421 3955 1503">
     <span class='ocr_line' id='line_1_77' title="bbox 2355 1421 3955 1503; baseline 0.011 -32"><span class='ocrx_word' id='word_1_575' title='bbox 2355 1431 2532 1472; x_wconf 90' lang='lat' dir='ltr'>carne</span> <span class='ocrx_word' id='word_1_576' title='bbox 2545 1425 2744 1475; x_wconf 89' lang='lat' dir='ltr'>autem</span> <span class='ocrx_word' id='word_1_577' title='bbox 2758 1421 2873 1491; x_wconf 89' lang='lat' dir='ltr'>legi</span> <span class='ocrx_word' id='word_1_578' title='bbox 2900 1426 3145 1494; x_wconf 91' lang='lat' dir='ltr'>peccati.</span> <span class='ocrx_word' id='word_1_579' title='bbox 3164 1425 3379 1497; x_wconf 88' lang='lat' dir='ltr'>Legem</span> <span class='ocrx_word' id='word_1_580' title='bbox 3401 1434 3598 1485; x_wconf 88' lang='lat' dir='ltr'>autem</span> <span class='ocrx_word' id='word_1_581' title='bbox 3626 1434 3831 1503; x_wconf 89' lang='lat' dir='ltr'>peccati</span> <span class='ocrx_word' id='word_1_582' title='bbox 3844 1432 3955 1489; x_wconf 88' lang='lat' dir='ltr'>dicit</span> 
     </span>
    </p>
   </div>
   <div class='ocr_carea' id='block_1_78' title="bbox 2355 1509 3955 1593">
    <p class='ocr_par' dir='ltr' id='par_1_78' title="bbox 2355 1509 3955 1593">
     <span class='ocr_line' id='line_1_78' title="bbox 2355 1509 3955 1593; baseline 0.012 -34"><span class='ocrx_word' id='word_1_583' title='bbox 2355 1519 2427 1560; x_wconf 86' lang='lat' dir='ltr'>ex</span> <span class='ocrx_word' id='word_1_584' title='bbox 2448 1509 2923 1579; x_wconf 84' lang='lat' dir='ltr'>transgressione</span> <span class='ocrx_word' id='word_1_585' title='bbox 2935 1511 3077 1569; x_wconf 66' lang='lat' dir='ltr'>Adae</span> <span class='ocrx_word' id='word_1_586' title='bbox 3098 1515 3503 1574; x_wconf 86' lang='lat' dir='ltr'>conditionem</span> <span class='ocrx_word' id='word_1_587' title='bbox 3534 1520 3955 1593; x_wconf 87' lang='lat' dir='ltr'>mortalem,qua</span> 
     </span>
    </p>
   </div>
   <div class='ocr_carea' id='block_1_79' title="bbox 2356 1596 3955 1666">
    <p class='ocr_par' dir='ltr' id='par_1_79' title="bbox 2356 1596 3955 1666">
     <span class='ocr_line' id='line_1_79' title="bbox 2356 1596 3955 1666; baseline 0.009 -16"><span class='ocrx_word' id='word_1_588' title='bbox 2356 1596 2638 1652; x_wconf 89' lang='lat' dir='ltr'>mortales</span> <span class='ocrx_word' id='word_1_589' title='bbox 2660 1598 2795 1654; x_wconf 87' lang='lat' dir='ltr'>facti</span> <span class='ocrx_word' id='word_1_590' title='bbox 2813 1615 3047 1656; x_wconf 90' lang='lat' dir='ltr'>sumus.</span> <span class='ocrx_word' id='word_1_591' title='bbox 3068 1602 3147 1658; x_wconf 92' lang='lat' dir='ltr'>Ex</span> <span class='ocrx_word' id='word_1_592' title='bbox 3168 1603 3281 1660; x_wconf 89' lang='lat' dir='ltr'>hac</span> <span class='ocrx_word' id='word_1_593' title='bbox 3302 1606 3465 1662; x_wconf 91' lang='lat' dir='ltr'>enim</span> <span class='ocrx_word' id='word_1_594' title='bbox 3486 1607 3619 1664; x_wconf 86' lang='lat' dir='ltr'>labe</span> <span class='ocrx_word' id='word_1_595' title='bbox 3648 1610 3827 1666; x_wconf 88' lang='lat' dir='ltr'>carnis</span> <span class='ocrx_word' id='word_1_596' title='bbox 3845 1626 3955 1665; x_wconf 90' lang='lat' dir='ltr'>con-</span> 
     </span>
    </p>
   </div>
   <div class='ocr_carea' id='block_1_80' title="bbox 2357 1685 3955 1759">
    <p class='ocr_par' dir='ltr' id='par_1_80' title="bbox 2357 1685 3955 1759">
     <span class='ocr_line' id='line_1_80' title="bbox 2357 1685 3955 1759; baseline 0.011 -22"><span class='ocrx_word' id='word_1_597' title='bbox 2357 1685 2722 1755; x_wconf 90' lang='lat' dir='ltr'>cupiscentia</span> <span class='ocrx_word' id='word_1_598' title='bbox 2751 1688 3007 1746; x_wconf 89' lang='lat' dir='ltr'>carnalis</span> <span class='ocrx_word' id='word_1_599' title='bbox 3063 1691 3349 1759; x_wconf 90' lang='lat' dir='ltr'>sollicitat,</span> <span class='ocrx_word' id='word_1_600' title='bbox 3382 1702 3440 1751; x_wconf 91' lang='lat' dir='ltr'>et</span> <span class='ocrx_word' id='word_1_601' title='bbox 3477 1698 3792 1754; x_wconf 89' lang='lat' dir='ltr'>secundum</span> <span class='ocrx_word' id='word_1_602' title='bbox 3831 1700 3955 1754; x_wconf 85' lang='lat' dir='ltr'>hanc</span> 
     </span>
    </p>
   </div>
   <div class='ocr_carea' id='block_1_81' title="bbox 2356 1771 3958 1859">
    <p class='ocr_par' dir='ltr' id='par_1_81' title="bbox 2356 1771 3958 1859">
     <span class='ocr_line' id='line_1_81' title="bbox 2356 1771 3958 1859; baseline 0.01 -32"><span class='ocrx_word' id='word_1_603' title='bbox 2356 1771 2626 1831; x_wconf 89' lang='lat' dir='ltr'>dicitalio</span> <span class='ocrx_word' id='word_1_604' title='bbox 2654 1775 2786 1832; x_wconf 92' lang='lat' dir='ltr'>loco</span> <span class='ocrx_word' id='word_1_605' title='bbox 2814 1794 2824 1831; x_wconf 95' lang='lat'>:</span> <span class='ocrx_word' id='word_1_606' title='bbox 2846 1778 3095 1837; x_wconf 84' lang='lat' dir='ltr'>Fuimus</span> <span class='ocrx_word' id='word_1_607' title='bbox 3125 1789 3181 1838; x_wconf 85' lang='lat' dir='ltr'>et</span> <span class='ocrx_word' id='word_1_608' title='bbox 3205 1799 3310 1840; x_wconf 88' lang='lat' dir='ltr'>nos</span> <span class='ocrx_word' id='word_1_609' title='bbox 3338 1792 3565 1843; x_wconf 83' lang='lat' dir='ltr'>natura</span> <span class='ocrx_word' id='word_1_610' title='bbox 3580 1787 3695 1855; x_wconf 79' lang='lat' dir='ltr'>ﬁlii</span> <span class='ocrx_word' id='word_1_611' title='bbox 3713 1788 3822 1859; x_wconf 77' lang='lat' dir='ltr'>irae,</span> <span class='ocrx_word' id='word_1_612' title='bbox 3842 1789 3958 1845; x_wconf 78' lang='lat' dir='ltr'>sicut</span> 
     </span>
    </p>
   </div>
   <div class='ocr_carea' id='block_1_82' title="bbox 2356 1864 3081 1940">
    <p class='ocr_par' dir='ltr' id='par_1_82' title="bbox 2356 1864 3081 1940">
     <span class='ocr_line' id='line_1_82' title="bbox 2356 1864 3081 1940; baseline 0.008 -23"><span class='ocrx_word' id='word_1_613' title='bbox 2356 1868 2407 1917; x_wconf 85' lang='lat' dir='ltr'>et</span> <span class='ocrx_word' id='word_1_614' title='bbox 2435 1864 2630 1920; x_wconf 54' lang='lat' dir='ltr'>ceteri</span> <span class='ocrx_word' id='word_1_615' title='bbox 2652 1865 2888 1936; x_wconf 76' lang='lat' dir='ltr'>(Ep/tes.</span> <span class='ocrx_word' id='word_1_616' title='bbox 2918 1883 2977 1934; x_wconf 89' lang='lat' dir='ltr'>II,</span> <span class='ocrx_word' id='word_1_617' title='bbox 3005 1873 3081 1940; x_wconf 87' lang='lat'>3).</span> 
     </span>
    </p>
   </div>
   <div class='ocr_carea' id='block_1_83' title="bbox 2427 1969 3958 2054">
    <p class='ocr_par' dir='ltr' id='par_1_83' title="bbox 2427 1969 3958 2054">
     <span class='ocr_line' id='line_1_83' title="bbox 2427 1969 3958 2054; baseline 0.01 -31"><span class='ocrx_word' id='word_1_618' title='bbox 2427 1969 2608 2025; x_wconf 89' lang='lat' dir='ltr'><strong>XLVII</strong></span> <span class='ocrx_word' id='word_1_619' title='bbox 2644 1970 2748 2041; x_wconf 90' lang='lat' dir='ltr'>[lb.</span> <span class='ocrx_word' id='word_1_620' title='bbox 2778 1987 2895 2037; x_wconf 81' lang='lat' dir='ltr'>vui,</span> <span class='ocrx_word' id='word_1_621' title='bbox 2934 1973 3013 2047; x_wconf 89' lang='grc'>1.]</span> <span class='ocrx_word' id='word_1_622' title='bbox 3036 1975 3207 2040; x_wconf 90' lang='lat' dir='ltr'>Quod</span> <span class='ocrx_word' id='word_1_623' title='bbox 3236 1982 3441 2034; x_wconf 89' lang='lat' dir='ltr'>autem</span> <span class='ocrx_word' id='word_1_624' title='bbox 3464 1980 3624 2041; x_wconf 86' lang='lat' dir='ltr'>dicit.</span> <span class='ocrx_word' id='word_1_625' title='bbox 3656 1982 3823 2039; x_wconf 87' lang='lat' dir='ltr'>Nulla</span> <span class='ocrx_word' id='word_1_626' title='bbox 3848 1997 3958 2054; x_wconf 86' lang='lat' dir='ltr'>ergo</span> 
     </span>
    </p>
   </div>
   <div class='ocr_carea' id='block_1_84' title="bbox 2356 2057 3957 2136">
    <p class='ocr_par' dir='ltr' id='par_1_84' title="bbox 2356 2057 3957 2136">
     <span class='ocr_line' id='line_1_84' title="bbox 2356 2057 3957 2136; baseline 0.008 -25"><span class='ocrx_word' id='word_1_627' title='bbox 2356 2057 2750 2115; x_wconf 85' lang='lat' dir='ltr'>condemnatio</span> <span class='ocrx_word' id='word_1_628' title='bbox 2781 2065 2861 2116; x_wconf 86' lang='lat' dir='ltr'>est</span> <span class='ocrx_word' id='word_1_629' title='bbox 2892 2076 3051 2118; x_wconf 89' lang='lat' dir='ltr'>nunc</span> <span class='ocrx_word' id='word_1_630' title='bbox 3082 2064 3171 2120; x_wconf 83' lang='lat' dir='ltr'>his</span> <span class='ocrx_word' id='word_1_631' title='bbox 3199 2066 3304 2136; x_wconf 91' lang='lat' dir='ltr'>qui</span> <span class='ocrx_word' id='word_1_632' title='bbox 3336 2077 3471 2122; x_wconf 83' lang='lat' dir='ltr'>sunt</span> <span class='ocrx_word' id='word_1_633' title='bbox 3503 2069 3564 2125; x_wconf 87' lang='lat' dir='ltr'>in</span> <span class='ocrx_word' id='word_1_634' title='bbox 3593 2069 3808 2127; x_wconf 85' lang='lat' dir='ltr'>Christo</span> <span class='ocrx_word' id='word_1_635' title='bbox 3830 2071 3957 2134; x_wconf 78' lang='lat' dir='ltr'>Jcsu,</span> 
     </span>
    </p>
   </div>
   <div class='ocr_carea' id='block_1_85' title="bbox 2358 2145 3960 2225">
    <p class='ocr_par' dir='ltr' id='par_1_85' title="bbox 2358 2145 3960 2225">
     <span class='ocr_line' id='line_1_85' title="bbox 2358 2145 3960 2225; baseline 0.011 -26"><span class='ocrx_word' id='word_1_636' title='bbox 2358 2145 2502 2201; x_wconf 88' lang='lat' dir='ltr'>satis</span> <span class='ocrx_word' id='word_1_637' title='bbox 2528 2147 3360 2211; x_wconf 88' lang='lat' dir='ltr'>ostenditcondemnationem</span> <span class='ocrx_word' id='word_1_638' title='bbox 3376 2172 3503 2213; x_wconf 93' lang='lat' dir='ltr'>non</span> <span class='ocrx_word' id='word_1_639' title='bbox 3517 2173 3663 2225; x_wconf 91' lang='lat' dir='ltr'>esse,</span> <span class='ocrx_word' id='word_1_640' title='bbox 3683 2160 3725 2215; x_wconf 92' lang='lat' dir='ltr'>si</span> <span class='ocrx_word' id='word_1_641' title='bbox 3752 2159 3960 2215; x_wconf 84' lang='lat' dir='ltr'>existant</span> 
     </span>
    </p>
   </div>
   <div class='ocr_carea' id='block_1_86' title="bbox 2355 2234 3960 2316">
    <p class='ocr_par' dir='ltr' id='par_1_86' title="bbox 2355 2234 3960 2316">
     <span class='ocr_line' id='line_1_86' title="bbox 2355 2234 3960 2316; baseline 0.01 -27"><span class='ocrx_word' id='word_1_642' title='bbox 2355 2234 2650 2293; x_wconf 90' lang='lat' dir='ltr'>desideria</span> <span class='ocrx_word' id='word_1_643' title='bbox 2663 2238 2948 2305; x_wconf 87' lang='lat' dir='ltr'>carnalia,</span> <span class='ocrx_word' id='word_1_644' title='bbox 2969 2240 3073 2296; x_wconf 89' lang='lat' dir='ltr'>sed</span> <span class='ocrx_word' id='word_1_645' title='bbox 3088 2241 3141 2297; x_wconf 92' lang='lat' dir='ltr'>si</span> <span class='ocrx_word' id='word_1_646' title='bbox 3153 2244 3239 2298; x_wconf 90' lang='lat' dir='ltr'>eis</span> <span class='ocrx_word' id='word_1_647' title='bbox 3253 2244 3331 2299; x_wconf 90' lang='lat' dir='ltr'>ad</span> <span class='ocrx_word' id='word_1_648' title='bbox 3347 2248 3722 2316; x_wconf 87' lang='lat' dir='ltr'>peccandum</span> <span class='ocrx_word' id='word_1_649' title='bbox 3734 2264 3840 2304; x_wconf 93' lang='lat' dir='ltr'>non</span> <span class='ocrx_word' id='word_1_650' title='bbox 3850 2248 3960 2304; x_wconf 83' lang='lat' dir='ltr'>obe-</span> 
     </span>
    </p>
   </div>
   <div class='ocr_carea' id='block_1_87' title="bbox 2355 2321 3957 2408">
    <p class='ocr_par' dir='ltr' id='par_1_87' title="bbox 2355 2321 3957 2408">
     <span class='ocr_line' id='line_1_87' title="bbox 2355 2321 3957 2408; baseline 0.009 -31"><span class='ocrx_word' id='word_1_651' title='bbox 2355 2321 2576 2380; x_wconf 84' lang='lat' dir='ltr'>diatur.</span> <span class='ocrx_word' id='word_1_652' title='bbox 2618 2326 2790 2391; x_wconf 90' lang='lat' dir='ltr'>Quod</span> <span class='ocrx_word' id='word_1_653' title='bbox 2820 2329 3113 2399; x_wconf 89' lang='lat' dir='ltr'>contingit</span> <span class='ocrx_word' id='word_1_654' title='bbox 3134 2331 3227 2387; x_wconf 91' lang='lat' dir='ltr'>his</span> <span class='ocrx_word' id='word_1_655' title='bbox 3258 2335 3361 2404; x_wconf 88' lang='lat' dir='ltr'>qui</span> <span class='ocrx_word' id='word_1_656' title='bbox 3382 2335 3505 2392; x_wconf 90' lang='lat' dir='ltr'>sub</span> <span class='ocrx_word' id='word_1_657' title='bbox 3538 2339 3680 2408; x_wconf 86' lang='lat' dir='ltr'>Lege</span> <span class='ocrx_word' id='word_1_658' title='bbox 3706 2337 3957 2394; x_wconf 88' lang='lat' dir='ltr'>constituti</span> 
     </span>
    </p>
   </div>
   <div class='ocr_carea' id='block_1_88' title="bbox 2356 2413 3957 2494">
    <p class='ocr_par' dir='ltr' id='par_1_88' title="bbox 2356 2413 3957 2494">
     <span class='ocr_line' id='line_1_88' title="bbox 2356 2413 3957 2494; baseline 0.007 -29"><span class='ocrx_word' id='word_1_659' title='bbox 2356 2416 2513 2477; x_wconf 90' lang='lat' dir='ltr'>sunt,</span> <span class='ocrx_word' id='word_1_660' title='bbox 2546 2413 2820 2470; x_wconf 91' lang='lat' dir='ltr'>nondum</span> <span class='ocrx_word' id='word_1_661' title='bbox 2849 2415 2962 2472; x_wconf 90' lang='lat' dir='ltr'>sub</span> <span class='ocrx_word' id='word_1_662' title='bbox 2981 2420 3356 2487; x_wconf 89' lang='lat' dir='ltr'>gratia.Nam</span> <span class='ocrx_word' id='word_1_663' title='bbox 3388 2425 3511 2480; x_wconf 92' lang='lat' dir='ltr'>sub</span> <span class='ocrx_word' id='word_1_664' title='bbox 3541 2427 3683 2494; x_wconf 90' lang='lat' dir='ltr'>Lege</span> <span class='ocrx_word' id='word_1_665' title='bbox 3706 2424 3957 2482; x_wconf 89' lang='lat' dir='ltr'>constituti</span> 
     </span>
    </p>
   </div>
   <div class='ocr_carea' id='block_1_89' title="bbox 2354 2501 3956 2587">
    <p class='ocr_par' dir='ltr' id='par_1_89' title="bbox 2354 2501 3956 2587">
     <span class='ocr_line' id='line_1_89' title="bbox 2354 2501 3956 2587; baseline 0.009 -34"><span class='ocrx_word' id='word_1_666' title='bbox 2354 2514 2477 2555; x_wconf 90' lang='lat' dir='ltr'>non</span> <span class='ocrx_word' id='word_1_667' title='bbox 2510 2501 2703 2557; x_wconf 92' lang='lat' dir='ltr'>solum</span> <span class='ocrx_word' id='word_1_668' title='bbox 2723 2513 3160 2575; x_wconf 88' lang='lat' dir='ltr'>repugnantem</span> <span class='ocrx_word' id='word_1_669' title='bbox 3182 2509 3407 2567; x_wconf 90' lang='lat' dir='ltr'>habent</span> <span class='ocrx_word' id='word_1_670' title='bbox 3440 2513 3956 2587; x_wconf 84' lang='lat' dir='ltr'>concupiscentiam,</span> 
     </span>
    </p>
   </div>
   <div class='ocr_carea' id='block_1_90' title="bbox 2357 2589 3954 2673">
    <p class='ocr_par' dir='ltr' id='par_1_90' title="bbox 2357 2589 3954 2673">
     <span class='ocr_line' id='line_1_90' title="bbox 2357 2589 3954 2673; baseline 0.007 -31"><span class='ocrx_word' id='word_1_671' title='bbox 2357 2589 2462 2644; x_wconf 91' lang='lat' dir='ltr'>sed</span> <span class='ocrx_word' id='word_1_672' title='bbox 2494 2589 2671 2645; x_wconf 89' lang='lat' dir='ltr'>etiam</span> <span class='ocrx_word' id='word_1_673' title='bbox 2704 2594 2923 2664; x_wconf 88' lang='lat' dir='ltr'>captivi</span> <span class='ocrx_word' id='word_1_674' title='bbox 2954 2594 3274 2663; x_wconf 90' lang='lat' dir='ltr'>ducuntur,</span> <span class='ocrx_word' id='word_1_675' title='bbox 3313 2616 3459 2656; x_wconf 85' lang='lat' dir='ltr'>cum</span> <span class='ocrx_word' id='word_1_676' title='bbox 3492 2602 3873 2673; x_wconf 81' lang='lat' dir='ltr'>obtemperant</span> <span class='ocrx_word' id='word_1_677' title='bbox 3897 2602 3954 2656; x_wconf 90' lang='lat' dir='ltr'>ei.</span> 
     </span>
    </p>
   </div>
   <div class='ocr_carea' id='block_1_91' title="bbox 2354 2679 3955 2762">
    <p class='ocr_par' dir='ltr' id='par_1_91' title="bbox 2354 2679 3955 2762">
     <span class='ocr_line' id='line_1_91' title="bbox 2354 2679 3955 2762; baseline 0.006 -30"><span class='ocrx_word' id='word_1_678' title='bbox 2354 2679 2480 2733; x_wconf 90' lang='lat' dir='ltr'>Non</span> <span class='ocrx_word' id='word_1_679' title='bbox 2496 2683 2696 2735; x_wconf 91' lang='lat' dir='ltr'>autem</span> <span class='ocrx_word' id='word_1_680' title='bbox 2708 2682 3106 2754; x_wconf 89' lang='lat' dir='ltr'>contingithis</span> <span class='ocrx_word' id='word_1_681' title='bbox 3120 2686 3223 2758; x_wconf 89' lang='lat' dir='ltr'>qui</span> <span class='ocrx_word' id='word_1_682' title='bbox 3239 2694 3446 2747; x_wconf 85' lang='lat' dir='ltr'>mente</span> <span class='ocrx_word' id='word_1_683' title='bbox 3461 2692 3718 2747; x_wconf 90' lang='lat' dir='ltr'>serviunt</span> <span class='ocrx_word' id='word_1_684' title='bbox 3729 2691 3849 2762; x_wconf 85' lang='lat' dir='ltr'>Legi</span> <span class='ocrx_word' id='word_1_685' title='bbox 3859 2688 3955 2746; x_wconf 90' lang='lat' dir='ltr'>Dei.</span> 
     </span>
    </p>
   </div>
   <div class='ocr_carea' id='block_1_92' title="bbox 2424 2802 3958 2884">
    <p class='ocr_par' dir='ltr' id='par_1_92' title="bbox 2424 2802 3958 2884">
     <span class='ocr_line' id='line_1_92' title="bbox 2424 2802 3958 2884; baseline 0.008 -28"><span class='ocrx_word' id='word_1_686' title='bbox 2424 2802 2659 2859; x_wconf 89' lang='lat' dir='ltr'><strong>XLVIII.</strong></span> <span class='ocrx_word' id='word_1_687' title='bbox 2695 2805 2801 2875; x_wconf 86' lang='lat' dir='ltr'>[lb.</span> <span class='ocrx_word' id='word_1_688' title='bbox 2845 2823 2960 2872; x_wconf 85' lang='lat' dir='ltr'><strong>VIII,</strong></span> <span class='ocrx_word' id='word_1_689' title='bbox 2994 2812 3045 2873; x_wconf 90' lang='grc'>3,</span> <span class='ocrx_word' id='word_1_690' title='bbox 3080 2809 3159 2884; x_wconf 86' lang='grc'>4.]</span> <span class='ocrx_word' id='word_1_691' title='bbox 3191 2812 3364 2877; x_wconf 91' lang='lat' dir='ltr'>Quod</span> <span class='ocrx_word' id='word_1_692' title='bbox 3395 2820 3605 2872; x_wconf 83' lang='lat' dir='ltr'>autem</span> <span class='ocrx_word' id='word_1_693' title='bbox 3635 2816 3726 2881; x_wconf 91' lang='lat' dir='ltr'>ait,</span> <span class='ocrx_word' id='word_1_694' title='bbox 3772 2838 3791 2866; x_wconf 81' lang='grc' dir='ltr'>ι</span> <span class='ocrx_word' id='word_1_695' title='bbox 3822 2812 3958 2881; x_wconf 87' lang='lat' dir='ltr'>Quod</span> 
     </span>
    </p>
   </div>
   <div class='ocr_carea' id='block_1_93' title="bbox 2350 2890 3959 2975">
    <p class='ocr_par' dir='ltr' id='par_1_93' title="bbox 2350 2890 3959 2975">
     <span class='ocr_line' id='line_1_93' title="bbox 2350 2890 3959 2975; baseline 0.006 -28"><span class='ocrx_word' id='word_1_696' title='bbox 2350 2890 2510 2947; x_wconf 87' lang='lat' dir='ltr'>enim</span> <span class='ocrx_word' id='word_1_697' title='bbox 2542 2891 2910 2963; x_wconf 91' lang='lat' dir='ltr'>impossibile</span> <span class='ocrx_word' id='word_1_698' title='bbox 2931 2904 3055 2953; x_wconf 91' lang='lat' dir='ltr'>erat</span> <span class='ocrx_word' id='word_1_699' title='bbox 3072 2899 3225 2971; x_wconf 91' lang='lat' dir='ltr'>Legi,</span> <span class='ocrx_word' id='word_1_700' title='bbox 3242 2901 3297 2955; x_wconf 89' lang='lat' dir='ltr'>in</span> <span class='ocrx_word' id='word_1_701' title='bbox 3323 2918 3456 2975; x_wconf 94' lang='lat' dir='ltr'>quo</span> <span class='ocrx_word' id='word_1_702' title='bbox 3479 2904 3959 2974; x_wconf 82' lang='lat' dir='ltr'>inﬁrmabaturper</span> 
     </span>
    </p>
   </div>
   <div class='ocr_carea' id='block_1_94' title="bbox 2351 2980 3959 3049">
    <p class='ocr_par' dir='ltr' id='par_1_94' title="bbox 2351 2980 3959 3049">
     <span class='ocr_line' id='line_1_94' title="bbox 2351 2980 3959 3049; baseline 0.006 -14"><span class='ocrx_word' id='word_1_703' title='bbox 2351 2994 2616 3045; x_wconf 85' lang='lat' dir='ltr'>carnem,</span> <span class='ocrx_word' id='word_1_704' title='bbox 2636 2980 2787 3037; x_wconf 92' lang='lat' dir='ltr'>Deus</span> <span class='ocrx_word' id='word_1_705' title='bbox 2803 2984 3010 3041; x_wconf 86' lang='lat' dir='ltr'>Filium</span> <span class='ocrx_word' id='word_1_706' title='bbox 3025 3003 3201 3042; x_wconf 92' lang='lat' dir='ltr'>suum</span> <span class='ocrx_word' id='word_1_707' title='bbox 3218 2990 3378 3046; x_wconf 88' lang='lat' dir='ltr'>misit</span> <span class='ocrx_word' id='word_1_708' title='bbox 3398 2991 3467 3047; x_wconf 92' lang='lat' dir='ltr'>in</span> <span class='ocrx_word' id='word_1_709' title='bbox 3483 2993 3845 3049; x_wconf 90' lang='lat' dir='ltr'>similitudine</span> <span class='ocrx_word' id='word_1_710' title='bbox 3862 3006 3959 3046; x_wconf 83' lang='lat' dir='ltr'>car-</span> 
     </span>
    </p>
   </div>
   <div class='ocr_carea' id='block_1_95' title="bbox 2349 3068 3959 3154">
    <p class='ocr_par' dir='ltr' id='par_1_95' title="bbox 2349 3068 3959 3154">
     <span class='ocr_line' id='line_1_95' title="bbox 2349 3068 3959 3154; baseline 0.008 -32"><span class='ocrx_word' id='word_1_711' title='bbox 2349 3068 2442 3123; x_wconf 92' lang='lat' dir='ltr'>nis</span> <span class='ocrx_word' id='word_1_712' title='bbox 2456 3071 2702 3140; x_wconf 89' lang='lat' dir='ltr'>peccati,</span> <span class='ocrx_word' id='word_1_713' title='bbox 2718 3072 2858 3127; x_wconf 90' lang='lat' dir='ltr'>etde</span> <span class='ocrx_word' id='word_1_714' title='bbox 2876 3080 3120 3146; x_wconf 89' lang='lat' dir='ltr'>peccato</span> <span class='ocrx_word' id='word_1_715' title='bbox 3134 3076 3455 3137; x_wconf 87' lang='lat' dir='ltr'>damnavit</span> <span class='ocrx_word' id='word_1_716' title='bbox 3471 3088 3768 3154; x_wconf 89' lang='lat' dir='ltr'>peccatum</span> <span class='ocrx_word' id='word_1_717' title='bbox 3786 3083 3837 3138; x_wconf 93' lang='lat' dir='ltr'>in</span> <span class='ocrx_word' id='word_1_718' title='bbox 3857 3095 3959 3136; x_wconf 83' lang='lat' dir='ltr'>car-</span> 
     </span>
    </p>
   </div>
   <div class='ocr_carea' id='block_1_96' title="bbox 2348 3159 3955 3243">
    <p class='ocr_par' dir='ltr' id='par_1_96' title="bbox 2348 3159 3955 3243">
     <span class='ocr_line' id='line_1_96' title="bbox 2348 3159 3955 3243; baseline 0.007 -32"><span class='ocrx_word' id='word_1_719' title='bbox 2348 3171 2445 3222; x_wconf 92' lang='lat' dir='ltr'>ne,</span> <span class='ocrx_word' id='word_1_720' title='bbox 2479 3164 2541 3213; x_wconf 91' lang='lat' dir='ltr'>ut</span> <span class='ocrx_word' id='word_1_721' title='bbox 2566 3159 2793 3230; x_wconf 91' lang='lat' dir='ltr'>justitia</span> <span class='ocrx_word' id='word_1_722' title='bbox 2825 3160 2997 3231; x_wconf 90' lang='lat' dir='ltr'>Legis</span> <span class='ocrx_word' id='word_1_723' title='bbox 3046 3164 3394 3236; x_wconf 90' lang='lat' dir='ltr'>impleretur</span> <span class='ocrx_word' id='word_1_724' title='bbox 3433 3171 3495 3227; x_wconf 93' lang='lat' dir='ltr'>in</span> <span class='ocrx_word' id='word_1_725' title='bbox 3526 3172 3718 3237; x_wconf 91' lang='lat' dir='ltr'>nobis,</span> <span class='ocrx_word' id='word_1_726' title='bbox 3747 3171 3834 3243; x_wconf 88' lang='lat' dir='ltr'>qui</span> <span class='ocrx_word' id='word_1_727' title='bbox 3860 3183 3955 3224; x_wconf 90' lang='lat' dir='ltr'>non</span> 
     </span>
    </p>
   </div>
   <div class='ocr_carea' id='block_1_97' title="bbox 2350 3247 3958 3330">
    <p class='ocr_par' dir='ltr' id='par_1_97' title="bbox 2350 3247 3958 3330">
     <span class='ocr_line' id='line_1_97' title="bbox 2350 3247 3958 3330; baseline 0.007 -30"><span class='ocrx_word' id='word_1_728' title='bbox 2350 3247 2686 3305; x_wconf 90' lang='lat' dir='ltr'>secundum</span> <span class='ocrx_word' id='word_1_729' title='bbox 2710 3265 2955 3306; x_wconf 88' lang='lat' dir='ltr'>carnem</span> <span class='ocrx_word' id='word_1_730' title='bbox 2979 3254 3386 3323; x_wconf 87' lang='lat' dir='ltr'>ambulamus,</span> <span class='ocrx_word' id='word_1_731' title='bbox 3418 3261 3527 3315; x_wconf 86' lang='lat' dir='ltr'>sed</span> <span class='ocrx_word' id='word_1_732' title='bbox 3556 3260 3861 3317; x_wconf 88' lang='lat' dir='ltr'>secundum</span> <span class='ocrx_word' id='word_1_733' title='bbox 3874 3256 3958 3330; x_wconf 86' lang='lat' dir='ltr'>spi-</span> 
     </span>
    </p>
   </div>
   <div class='ocr_carea' id='block_1_98' title="bbox 2348 3334 3959 3423">
    <p class='ocr_par' dir='ltr' id='par_1_98' title="bbox 2348 3334 3959 3423">
     <span class='ocr_line' id='line_1_98' title="bbox 2348 3334 3959 3423; baseline 0.007 -34"><span class='ocrx_word' id='word_1_734' title='bbox 2348 3334 2551 3398; x_wconf 90' lang='lat' dir='ltr'>ritum,</span> <span class='ocrx_word' id='word_1_735' title='bbox 2571 3357 2593 3387; x_wconf 76' lang='grc' dir='ltr'><strong>υ</strong></span> <span class='ocrx_word' id='word_1_736' title='bbox 2616 3338 3104 3397; x_wconf 80' lang='lat' dir='ltr'>manifestissime</span> <span class='ocrx_word' id='word_1_737' title='bbox 3118 3343 3311 3414; x_wconf 90' lang='lat' dir='ltr'>docet,</span> <span class='ocrx_word' id='word_1_738' title='bbox 3332 3347 3554 3405; x_wconf 88' lang='lat' dir='ltr'>eadem</span> <span class='ocrx_word' id='word_1_739' title='bbox 3577 3350 3705 3423; x_wconf 91' lang='lat' dir='ltr'>ipsa</span> <span class='ocrx_word' id='word_1_740' title='bbox 3717 3351 3959 3422; x_wconf 59' lang='lat' dir='ltr'>praecepta</span> 
     </span>
    </p>
   </div>
   <div class='ocr_carea' id='block_1_99' title="bbox 2348 3424 3953 3507">
    <p class='ocr_par' dir='ltr' id='par_1_99' title="bbox 2348 3424 3953 3507">
     <span class='ocr_line' id='line_1_99' title="bbox 2348 3424 3953 3507; baseline 0.009 -31"><span class='ocrx_word' id='word_1_741' title='bbox 2348 3424 2516 3494; x_wconf 91' lang='lat' dir='ltr'>Legis</span> <span class='ocrx_word' id='word_1_742' title='bbox 2550 3432 2859 3497; x_wconf 89' lang='lat' dir='ltr'>propterea</span> <span class='ocrx_word' id='word_1_743' title='bbox 2896 3444 3019 3484; x_wconf 92' lang='lat' dir='ltr'>non</span> <span class='ocrx_word' id='word_1_744' title='bbox 3050 3431 3317 3504; x_wconf 84' lang='lat' dir='ltr'>impleta,</span> <span class='ocrx_word' id='word_1_745' title='bbox 3347 3440 3631 3507; x_wconf 85' lang='lat' dir='ltr'>quamvis</span> <span class='ocrx_word' id='word_1_746' title='bbox 3655 3446 3838 3494; x_wconf 88' lang='lat' dir='ltr'>essent</span> <span class='ocrx_word' id='word_1_747' title='bbox 3861 3436 3953 3491; x_wconf 86' lang='lat' dir='ltr'>im-</span> 
     </span>
    </p>
   </div>
   <div class='ocr_carea' id='block_1_100' title="bbox 2347 3511 3959 3595">
    <p class='ocr_par' dir='ltr' id='par_1_100' title="bbox 2347 3511 3959 3595">
     <span class='ocr_line' id='line_1_100' title="bbox 2347 3511 3959 3595; baseline 0.008 -29"><span class='ocrx_word' id='word_1_748' title='bbox 2347 3511 2588 3582; x_wconf 90' lang='lat' dir='ltr'>plenda,</span> <span class='ocrx_word' id='word_1_749' title='bbox 2631 3515 2917 3585; x_wconf 90' lang='lat' dir='ltr'>quoniam</span> <span class='ocrx_word' id='word_1_750' title='bbox 2946 3518 3166 3590; x_wconf 92' lang='lat' dir='ltr'>quibus</span> <span class='ocrx_word' id='word_1_751' title='bbox 3211 3522 3354 3579; x_wconf 89' lang='lat' dir='ltr'>data</span> <span class='ocrx_word' id='word_1_752' title='bbox 3384 3532 3519 3583; x_wconf 85' lang='lat' dir='ltr'>erat</span> <span class='ocrx_word' id='word_1_753' title='bbox 3558 3528 3671 3583; x_wconf 83' lang='lat' dir='ltr'>Lex</span> <span class='ocrx_word' id='word_1_754' title='bbox 3701 3531 3824 3583; x_wconf 90' lang='lat' dir='ltr'>ante</span> <span class='ocrx_word' id='word_1_755' title='bbox 3850 3538 3959 3595; x_wconf 83' lang='lat' dir='ltr'>gra-</span> 
     </span>
    </p>
   </div>
   <div class='ocr_carea' id='block_1_101' title="bbox 2346 3601 3959 3681">
    <p class='ocr_par' dir='ltr' id='par_1_101' title="bbox 2346 3601 3959 3681">
     <span class='ocr_line' id='line_1_101' title="bbox 2346 3601 3959 3681; baseline 0.008 -26"><span class='ocrx_word' id='word_1_756' title='bbox 2346 3601 2510 3666; x_wconf 90' lang='lat' dir='ltr'>tiam,</span> <span class='ocrx_word' id='word_1_757' title='bbox 2540 3601 2721 3658; x_wconf 91' lang='lat' dir='ltr'>dediti</span> <span class='ocrx_word' id='word_1_758' title='bbox 2752 3610 2919 3661; x_wconf 91' lang='lat' dir='ltr'>erant</span> <span class='ocrx_word' id='word_1_759' title='bbox 2945 3609 3286 3666; x_wconf 85' lang='lat' dir='ltr'>carnalibus</span> <span class='ocrx_word' id='word_1_760' title='bbox 3320 3612 3525 3681; x_wconf 87' lang='lat' dir='ltr'>bonis,</span> <span class='ocrx_word' id='word_1_761' title='bbox 3551 3621 3607 3671; x_wconf 90' lang='lat' dir='ltr'>et</span> <span class='ocrx_word' id='word_1_762' title='bbox 3635 3632 3703 3672; x_wconf 93' lang='lat' dir='ltr'>ex</span> <span class='ocrx_word' id='word_1_763' title='bbox 3739 3616 3822 3671; x_wconf 90' lang='lat' dir='ltr'>his</span> <span class='ocrx_word' id='word_1_764' title='bbox 3846 3614 3959 3669; x_wconf 84' lang='lat' dir='ltr'>bea-</span> 
     </span>
    </p>
   </div>
   <div class='ocr_carea' id='block_1_102' title="bbox 2346 3688 3958 3776">
    <p class='ocr_par' dir='ltr' id='par_1_102' title="bbox 2346 3688 3958 3776">
     <span class='ocr_line' id='line_1_102' title="bbox 2346 3688 3958 3776; baseline 0.014 -35"><span class='ocrx_word' id='word_1_765' title='bbox 2346 3688 2660 3745; x_wconf 91' lang='lat' dir='ltr'>titudinem</span> <span class='ocrx_word' id='word_1_766' title='bbox 2688 3692 2995 3764; x_wconf 83' lang='lat' dir='ltr'>acquirere</span> <span class='ocrx_word' id='word_1_767' title='bbox 3033 3697 3378 3768; x_wconf 90' lang='lat' dir='ltr'>cupiebant,</span> <span class='ocrx_word' id='word_1_768' title='bbox 3420 3719 3616 3776; x_wconf 90' lang='lat' dir='ltr'>neque</span> <span class='ocrx_word' id='word_1_769' title='bbox 3648 3702 3958 3763; x_wconf 68' lang='lat' dir='ltr'>metuebant.</span> 
     </span>
    </p>
   </div>
   <div class='ocr_carea' id='block_1_103' title="bbox 2343 3776 3956 3856">
    <p class='ocr_par' dir='ltr' id='par_1_103' title="bbox 2343 3776 3956 3856">
     <span class='ocr_line' id='line_1_103' title="bbox 2343 3776 3956 3856; baseline 0.01 -23"><span class='ocrx_word' id='word_1_770' title='bbox 2343 3776 2461 3833; x_wconf 89' lang='lat' dir='ltr'>nisi</span> <span class='ocrx_word' id='word_1_771' title='bbox 2490 3793 2629 3835; x_wconf 90' lang='lat' dir='ltr'>cum</span> <span class='ocrx_word' id='word_1_772' title='bbox 2665 3780 2882 3837; x_wconf 91' lang='lat' dir='ltr'>talibus</span> <span class='ocrx_word' id='word_1_773' title='bbox 2933 3783 3109 3840; x_wconf 91' lang='lat' dir='ltr'>bonis</span> <span class='ocrx_word' id='word_1_774' title='bbox 3137 3786 3500 3848; x_wconf 90' lang='lat' dir='ltr'>imminebat</span> <span class='ocrx_word' id='word_1_775' title='bbox 3529 3794 3878 3856; x_wconf 87' lang='lat' dir='ltr'>adversitas;</span> <span class='ocrx_word' id='word_1_776' title='bbox 3914 3792 3956 3843; x_wconf 75' lang='lat' dir='ltr'>et</span> 
     </span>
    </p>
   </div>
   <div class='ocr_carea' id='block_1_104' title="bbox 2343 3864 3955 3946">
    <p class='ocr_par' dir='ltr' id='par_1_104' title="bbox 2343 3864 3955 3946">
     <span class='ocr_line' id='line_1_104' title="bbox 2343 3864 3955 3946; baseline 0.011 -26"><span class='ocrx_word' id='word_1_777' title='bbox 2343 3864 2480 3922; x_wconf 91' lang='lat' dir='ltr'>ideo</span> <span class='ocrx_word' id='word_1_778' title='bbox 2506 3883 2644 3923; x_wconf 93' lang='lat' dir='ltr'>cum</span> <span class='ocrx_word' id='word_1_779' title='bbox 2673 3869 2773 3925; x_wconf 93' lang='lat' dir='ltr'>illa</span> <span class='ocrx_word' id='word_1_780' title='bbox 2803 3874 3157 3943; x_wconf 89' lang='lat' dir='ltr'>temporalia</span> <span class='ocrx_word' id='word_1_781' title='bbox 3193 3875 3359 3935; x_wconf 90' lang='lat' dir='ltr'>bona</span> <span class='ocrx_word' id='word_1_782' title='bbox 3392 3882 3788 3946; x_wconf 87' lang='lat' dir='ltr'>turbarentur,</span> <span class='ocrx_word' id='word_1_783' title='bbox 3822 3877 3955 3937; x_wconf 79' lang='lat' dir='ltr'>facile</span> 
     </span>
    </p>
   </div>
   <div class='ocr_carea' id='block_1_105' title="bbox 2341 3955 3957 4041">
    <p class='ocr_par' dir='ltr' id='par_1_105' title="bbox 2341 3955 3957 4041">
     <span class='ocr_line' id='line_1_105' title="bbox 2341 3955 3957 4041; baseline 0.01 -32"><span class='ocrx_word' id='word_1_784' title='bbox 2341 3955 2705 4013; x_wconf 84' lang='lat' dir='ltr'>recedebant</span> <span class='ocrx_word' id='word_1_785' title='bbox 2716 3974 2751 4014; x_wconf 89' lang='lat' dir='ltr'>a</span> <span class='ocrx_word' id='word_1_786' title='bbox 2764 3962 3073 4032; x_wconf 70' lang='lat' dir='ltr'>praeceptis</span> <span class='ocrx_word' id='word_1_787' title='bbox 3090 3964 3277 4035; x_wconf 90' lang='lat' dir='ltr'>Legis.</span> <span class='ocrx_word' id='word_1_788' title='bbox 3297 3967 3721 4028; x_wconf 88' lang='lat' dir='ltr'>Inﬁrmabatur</span> <span class='ocrx_word' id='word_1_789' title='bbox 3732 3986 3858 4041; x_wconf 87' lang='lat' dir='ltr'>ergo</span> <span class='ocrx_word' id='word_1_790' title='bbox 3871 3970 3957 4024; x_wconf 82' lang='lat' dir='ltr'>Lex</span> 
     </span>
    </p>
   </div>
   <div class='ocr_carea' id='block_1_106' title="bbox 2343 4044 3953 4129">
    <p class='ocr_par' dir='ltr' id='par_1_106' title="bbox 2343 4044 3953 4129">
     <span class='ocr_line' id='line_1_106' title="bbox 2343 4044 3953 4129; baseline 0.015 -33"><span class='ocrx_word' id='word_1_791' title='bbox 2343 4056 2466 4098; x_wconf 92' lang='lat' dir='ltr'>non</span> <span class='ocrx_word' id='word_1_792' title='bbox 2494 4044 2798 4116; x_wconf 90' lang='lat' dir='ltr'>implendo</span> <span class='ocrx_word' id='word_1_793' title='bbox 2830 4049 2995 4120; x_wconf 91' lang='lat' dir='ltr'>quod</span> <span class='ocrx_word' id='word_1_794' title='bbox 3031 4053 3424 4125; x_wconf 66' lang='lat' dir='ltr'>praecipiebat</span> <span class='ocrx_word' id='word_1_795' title='bbox 3454 4075 3468 4125; x_wconf 88' lang='lat'><strong>;</strong></span> <span class='ocrx_word' id='word_1_796' title='bbox 3502 4075 3624 4116; x_wconf 94' lang='lat' dir='ltr'>non</span> <span class='ocrx_word' id='word_1_797' title='bbox 3656 4076 3760 4116; x_wconf 91' lang='lat' dir='ltr'>sua</span> <span class='ocrx_word' id='word_1_798' title='bbox 3790 4057 3953 4129; x_wconf 73' lang='lat' dir='ltr'>culpa.</span> 
     </span>
    </p>
   </div>
   <div class='ocr_carea' id='block_1_107' title="bbox 2344 4131 3958 4221">
    <p class='ocr_par' dir='ltr' id='par_1_107' title="bbox 2344 4131 3958 4221">
     <span class='ocr_line' id='line_1_107' title="bbox 2344 4131 3958 4221; baseline 0.011 -36"><span class='ocrx_word' id='word_1_799' title='bbox 2344 4131 2448 4187; x_wconf 89' lang='lat' dir='ltr'>sed</span> <span class='ocrx_word' id='word_1_800' title='bbox 2472 4147 2577 4203; x_wconf 90' lang='lat' dir='ltr'>per</span> <span class='ocrx_word' id='word_1_801' title='bbox 2590 4149 2854 4205; x_wconf 90' lang='lat' dir='ltr'>carnem,</span> <span class='ocrx_word' id='word_1_802' title='bbox 2876 4138 2932 4193; x_wconf 92' lang='lat' dir='ltr'>id</span> <span class='ocrx_word' id='word_1_803' title='bbox 2956 4144 3066 4205; x_wconf 90' lang='lat' dir='ltr'>est,</span> <span class='ocrx_word' id='word_1_804' title='bbox 3087 4157 3189 4197; x_wconf 92' lang='lat' dir='ltr'>eos</span> <span class='ocrx_word' id='word_1_805' title='bbox 3202 4143 3484 4202; x_wconf 86' lang='lat' dir='ltr'>homines</span> <span class='ocrx_word' id='word_1_806' title='bbox 3505 4150 3605 4221; x_wconf 88' lang='lat' dir='ltr'>qui</span> <span class='ocrx_word' id='word_1_807' title='bbox 3620 4147 3958 4206; x_wconf 85' lang='lat' dir='ltr'>carnaliabo-</span> 
     </span>
    </p>
   </div>
   <div class='ocr_carea' id='block_1_108' title="bbox 2342 4223 3958 4308">
    <p class='ocr_par' dir='ltr' id='par_1_108' title="bbox 2342 4223 3958 4308">
     <span class='ocr_line' id='line_1_108' title="bbox 2342 4223 3958 4308; baseline 0.01 -33"><span class='ocrx_word' id='word_1_808' title='bbox 2342 4234 2424 4276; x_wconf 90' lang='lat' dir='ltr'>na</span> <span class='ocrx_word' id='word_1_809' title='bbox 2448 4223 2790 4293; x_wconf 89' lang='lat' dir='ltr'>appetendo</span> <span class='ocrx_word' id='word_1_810' title='bbox 2818 4242 2937 4282; x_wconf 93' lang='lat' dir='ltr'>non</span> <span class='ocrx_word' id='word_1_811' title='bbox 2965 4229 3254 4288; x_wconf 88' lang='lat' dir='ltr'>amabant</span> <span class='ocrx_word' id='word_1_812' title='bbox 3276 4233 3447 4304; x_wconf 89' lang='lat' dir='ltr'>Legis</span> <span class='ocrx_word' id='word_1_813' title='bbox 3463 4238 3775 4308; x_wconf 86' lang='lat' dir='ltr'>justitiam,</span> <span class='ocrx_word' id='word_1_814' title='bbox 3807 4235 3895 4292; x_wconf 90' lang='lat' dir='ltr'>sed</span> <span class='ocrx_word' id='word_1_815' title='bbox 3917 4232 3958 4287; x_wconf 84' lang='lat' dir='ltr'>ei</span> 
     </span>
    </p>
   </div>
   <div class='ocr_carea' id='block_1_109' title="bbox 2346 4311 3960 4392">
    <p class='ocr_par' dir='ltr' id='par_1_109' title="bbox 2346 4311 3960 4392">
     <span class='ocr_line' id='line_1_109' title="bbox 2346 4311 3960 4392; baseline 0.007 -28"><span class='ocrx_word' id='word_1_816' title='bbox 2346 4311 2701 4382; x_wconf 90' lang='lat' dir='ltr'>temporalia</span> <span class='ocrx_word' id='word_1_817' title='bbox 2714 4317 3035 4373; x_wconf 90' lang='lat' dir='ltr'>commoda</span> <span class='ocrx_word' id='word_1_818' title='bbox 3059 4323 3516 4392; x_wconf 72' lang='lat' dir='ltr'>praeponebant.</span> <span class='ocrx_word' id='word_1_819' title='bbox 3550 4328 3683 4383; x_wconf 89' lang='lat' dir='ltr'>Ideo</span> <span class='ocrx_word' id='word_1_820' title='bbox 3700 4327 3960 4382; x_wconf 86' lang='lat' dir='ltr'>Liberator</span> 
     </span>
    </p>
   </div>
   <div class='ocr_carea' id='block_1_110' title="bbox 2341 4400 3963 4487">
    <p class='ocr_par' dir='ltr' id='par_1_110' title="bbox 2341 4400 3963 4487">
     <span class='ocr_line' id='line_1_110' title="bbox 2341 4400 3963 4487; baseline 0.009 -35"><span class='ocrx_word' id='word_1_821' title='bbox 2341 4405 2545 4454; x_wconf 90' lang='lat' dir='ltr'>noster</span> <span class='ocrx_word' id='word_1_822' title='bbox 2564 4400 2852 4458; x_wconf 89' lang='lat' dir='ltr'>Dominus</span> <span class='ocrx_word' id='word_1_823' title='bbox 2876 4406 3047 4461; x_wconf 85' lang='lat' dir='ltr'>Jesus</span> <span class='ocrx_word' id='word_1_824' title='bbox 3079 4407 3346 4467; x_wconf 88' lang='lat' dir='ltr'>Christus</span> <span class='ocrx_word' id='word_1_825' title='bbox 3372 4416 3751 4487; x_wconf 89' lang='lat' dir='ltr'>suscipiendo</span> <span class='ocrx_word' id='word_1_826' title='bbox 3778 4418 3963 4470; x_wconf 88' lang='lat' dir='ltr'>morta-</span> 
     </span>
    </p>
   </div>
   <div class='ocr_carea' id='block_1_111' title="bbox 2340 4485 3960 4576">
    <p class='ocr_par' dir='ltr' id='par_1_111' title="bbox 2340 4485 3960 4576">
     <span class='ocr_line' id='line_1_111' title="bbox 2340 4485 3960 4576; baseline 0.009 -35"><span class='ocrx_word' id='word_1_827' title='bbox 2340 4485 2457 4544; x_wconf 90' lang='lat' dir='ltr'>lem</span> <span class='ocrx_word' id='word_1_828' title='bbox 2512 4504 2777 4555; x_wconf 87' lang='lat' dir='ltr'>carnem,</span> <span class='ocrx_word' id='word_1_829' title='bbox 2810 4493 2968 4549; x_wconf 90' lang='lat' dir='ltr'>venit</span> <span class='ocrx_word' id='word_1_830' title='bbox 2993 4495 3051 4550; x_wconf 91' lang='lat' dir='ltr'>in</span> <span class='ocrx_word' id='word_1_831' title='bbox 3080 4496 3474 4558; x_wconf 90' lang='lat' dir='ltr'>similitudine</span> <span class='ocrx_word' id='word_1_832' title='bbox 3528 4485 3723 4560; x_wconf 80' lang='lat' dir='ltr'>carnis</span> <span class='ocrx_word' id='word_1_833' title='bbox 3747 4500 3960 4576; x_wconf 81' lang='lat' dir='ltr'>peccati.</span> 
     </span>
    </p>
   </div>
   <div class='ocr_carea' id='block_1_112' title="bbox 2340 4575 3958 4650">
    <p class='ocr_par' dir='ltr' id='par_1_112' title="bbox 2340 4575 3958 4650">
     <span class='ocr_line' id='line_1_112' title="bbox 2340 4575 3958 4650; baseline 0.008 -18"><span class='ocrx_word' id='word_1_834' title='bbox 2340 4575 2514 4632; x_wconf 86' lang='lat' dir='ltr'>Carni</span> <span class='ocrx_word' id='word_1_835' title='bbox 2529 4577 2687 4633; x_wconf 91' lang='lat' dir='ltr'>enim</span> <span class='ocrx_word' id='word_1_836' title='bbox 2704 4582 2932 4650; x_wconf 90' lang='lat' dir='ltr'>peccati</span> <span class='ocrx_word' id='word_1_837' title='bbox 2946 4582 3147 4641; x_wconf 90' lang='lat' dir='ltr'>debita</span> <span class='ocrx_word' id='word_1_838' title='bbox 3164 4602 3324 4642; x_wconf 91' lang='lat' dir='ltr'>mors</span> <span class='ocrx_word' id='word_1_839' title='bbox 3343 4597 3453 4645; x_wconf 90' lang='lat' dir='ltr'>est.</span> <span class='ocrx_word' id='word_1_840' title='bbox 3473 4592 3546 4646; x_wconf 83' lang='lat' dir='ltr'>At</span> <span class='ocrx_word' id='word_1_841' title='bbox 3563 4608 3696 4649; x_wconf 88' lang='lat' dir='ltr'>vero</span> <span class='ocrx_word' id='word_1_842' title='bbox 3714 4575 3805 4647; x_wconf 89' lang='lat' dir='ltr'>illa</span> <span class='ocrx_word' id='word_1_843' title='bbox 3826 4602 3958 4646; x_wconf 84' lang='lat' dir='ltr'>mors</span> 
     </span>
    </p>
   </div>
   <div class='ocr_carea' id='block_1_113' title="bbox 2339 4665 3959 4739">
    <p class='ocr_par' dir='ltr' id='par_1_113' title="bbox 2339 4665 3959 4739">
     <span class='ocr_line' id='line_1_113' title="bbox 2339 4665 3959 4739; baseline 0.007 -20"><span class='ocrx_word' id='word_1_844' title='bbox 2339 4665 2593 4731; x_wconf 91' lang='lat' dir='ltr'>Domini,</span> <span class='ocrx_word' id='word_1_845' title='bbox 2627 4666 2988 4737; x_wconf 83' lang='lat' dir='ltr'>dignationis</span> <span class='ocrx_word' id='word_1_846' title='bbox 3018 4670 3146 4738; x_wconf 85' lang='lat' dir='ltr'>fuit,</span> <span class='ocrx_word' id='word_1_847' title='bbox 3178 4690 3297 4731; x_wconf 90' lang='lat' dir='ltr'>non</span> <span class='ocrx_word' id='word_1_848' title='bbox 3325 4677 3511 4735; x_wconf 89' lang='lat' dir='ltr'>debiti</span> <span class='ocrx_word' id='word_1_849' title='bbox 3542 4687 3630 4737; x_wconf 91' lang='lat' dir='ltr'>:et</span> <span class='ocrx_word' id='word_1_850' title='bbox 3652 4687 3836 4739; x_wconf 91' lang='lat' dir='ltr'>tamen</span> <span class='ocrx_word' id='word_1_851' title='bbox 3870 4677 3959 4732; x_wconf 86' lang='lat' dir='ltr'>hoc</span> 
     </span>
    </p>
   </div>
   <div class='ocr_carea' id='block_1_114' title="bbox 2337 4756 3953 4840">
    <p class='ocr_par' dir='ltr' id='par_1_114' title="bbox 2337 4756 3953 4840">
     <span class='ocr_line' id='line_1_114' title="bbox 2337 4756 3953 4840; baseline 0.011 -35"><span class='ocrx_word' id='word_1_852' title='bbox 2337 4767 2583 4824; x_wconf 90' lang='lat' dir='ltr'>quoque</span> <span class='ocrx_word' id='word_1_853' title='bbox 2621 4756 2939 4827; x_wconf 88' lang='lat' dir='ltr'>Apostolus</span> <span class='ocrx_word' id='word_1_854' title='bbox 2973 4769 3283 4830; x_wconf 88' lang='lat' dir='ltr'>peccatum</span> <span class='ocrx_word' id='word_1_855' title='bbox 3332 4774 3507 4824; x_wconf 87' lang='lat' dir='ltr'>vocat</span> <span class='ocrx_word' id='word_1_856' title='bbox 3551 4770 3953 4840; x_wconf 89' lang='lat' dir='ltr'>susceptionem</span> 
     </span>
    </p>
   </div>
   <div class='ocr_carea' id='block_1_115' title="bbox 2334 4842 3955 4927">
    <p class='ocr_par' dir='ltr' id='par_1_115' title="bbox 2334 4842 3955 4927">
     <span class='ocr_line' id='line_1_115' title="bbox 2334 4842 3955 4927; baseline 0.014 -32"><span class='ocrx_word' id='word_1_857' title='bbox 2334 4842 2604 4899; x_wconf 90' lang='lat' dir='ltr'>mortalis</span> <span class='ocrx_word' id='word_1_858' title='bbox 2627 4847 2844 4915; x_wconf 89' lang='lat' dir='ltr'>carnis,</span> <span class='ocrx_word' id='word_1_859' title='bbox 2868 4850 3144 4919; x_wconf 90' lang='lat' dir='ltr'>quamvis</span> <span class='ocrx_word' id='word_1_860' title='bbox 3160 4867 3278 4906; x_wconf 91' lang='lat' dir='ltr'>non</span> <span class='ocrx_word' id='word_1_861' title='bbox 3296 4857 3669 4924; x_wconf 89' lang='lat' dir='ltr'>peccatricis,</span> <span class='ocrx_word' id='word_1_862' title='bbox 3698 4858 3821 4914; x_wconf 90' lang='lat' dir='ltr'>ideo</span> <span class='ocrx_word' id='word_1_863' title='bbox 3840 4852 3955 4927; x_wconf 72' lang='lat' dir='ltr'>quia</span> 
     </span>
    </p>
   </div>
   <div class='ocr_carea' id='block_1_116' title="bbox 2338 4929 3952 5009">
    <p class='ocr_par' dir='ltr' id='par_1_116' title="bbox 2338 4929 3952 5009">
     <span class='ocr_line' id='line_1_116' title="bbox 2338 4929 3952 5009; baseline 0.007 -25"><span class='ocrx_word' id='word_1_864' title='bbox 2338 4929 2691 4988; x_wconf 90' lang='lat' dir='ltr'>immortalis</span> <span class='ocrx_word' id='word_1_865' title='bbox 2720 4940 3008 5007; x_wconf 89' lang='lat' dir='ltr'>tanquam</span> <span class='ocrx_word' id='word_1_866' title='bbox 3036 4945 3350 5009; x_wconf 89' lang='lat' dir='ltr'>peccatum</span> <span class='ocrx_word' id='word_1_867' title='bbox 3382 4943 3528 5001; x_wconf 86' lang='lat' dir='ltr'>facit</span> <span class='ocrx_word' id='word_1_868' title='bbox 3558 4963 3694 5003; x_wconf 88' lang='lat' dir='ltr'>cum</span> <span class='ocrx_word' id='word_1_869' title='bbox 3722 4945 3952 5003; x_wconf 85' lang='lat' dir='ltr'>moritur.</span> 
     </span>
    </p>
   </div>
   <div class='ocr_carea' id='block_1_117' title="bbox 2337 5018 3954 5102">
    <p class='ocr_par' dir='ltr' id='par_1_117' title="bbox 2337 5018 3954 5102">
     <span class='ocr_line' id='line_1_117' title="bbox 2337 5018 3954 5102; baseline 0.007 -27"><span class='ocrx_word' id='word_1_870' title='bbox 2337 5018 2449 5075; x_wconf 93' lang='lat' dir='ltr'>Sed</span> <span class='ocrx_word' id='word_1_871' title='bbox 2470 5020 2809 5089; x_wconf 86' lang='lat' dir='ltr'>depeccato,</span> <span class='ocrx_word' id='word_1_872' title='bbox 2826 5024 3039 5097; x_wconf 86' lang='lat' dir='ltr'>inquit,</span> <span class='ocrx_word' id='word_1_873' title='bbox 3061 5028 3372 5087; x_wconf 85' lang='lat' dir='ltr'>damnavit</span> <span class='ocrx_word' id='word_1_874' title='bbox 3380 5044 3695 5102; x_wconf 86' lang='lat' dir='ltr'>peccatum</span> <span class='ocrx_word' id='word_1_875' title='bbox 3710 5037 3769 5091; x_wconf 89' lang='lat' dir='ltr'>in</span> <span class='ocrx_word' id='word_1_876' title='bbox 3785 5044 3954 5091; x_wconf 80' lang='lat' dir='ltr'>came.</span> 
     </span>
    </p>
   </div>
   <div class='ocr_carea' id='block_1_118' title="bbox 2334 5107 3959 5186">
    <p class='ocr_par' dir='ltr' id='par_1_118' title="bbox 2334 5107 3959 5186">
     <span class='ocr_line' id='line_1_118' title="bbox 2334 5107 3959 5186; baseline 0.011 -25"><span class='ocrx_word' id='word_1_877' title='bbox 2334 5107 2399 5163; x_wconf 91' lang='lat' dir='ltr'>Id</span> <span class='ocrx_word' id='word_1_878' title='bbox 2440 5110 2598 5165; x_wconf 90' lang='lat' dir='ltr'>enim</span> <span class='ocrx_word' id='word_1_879' title='bbox 2630 5111 2749 5180; x_wconf 89' lang='lat' dir='ltr'>egit</span> <span class='ocrx_word' id='word_1_880' title='bbox 2779 5128 2942 5168; x_wconf 89' lang='lat' dir='ltr'>mors</span> <span class='ocrx_word' id='word_1_881' title='bbox 2974 5114 3233 5184; x_wconf 90' lang='lat' dir='ltr'>Domini,</span> <span class='ocrx_word' id='word_1_882' title='bbox 3272 5135 3347 5176; x_wconf 91' lang='lat' dir='ltr'>ne</span> <span class='ocrx_word' id='word_1_883' title='bbox 3380 5137 3542 5178; x_wconf 90' lang='lat' dir='ltr'>mors</span> <span class='ocrx_word' id='word_1_884' title='bbox 3579 5126 3877 5186; x_wconf 86' lang='lat' dir='ltr'>timeretur,</span> <span class='ocrx_word' id='word_1_885' title='bbox 3911 5124 3959 5173; x_wconf 77' lang='lat' dir='ltr'>et</span> 
     </span>
    </p>
   </div>
   <div class='ocr_carea' id='block_1_119' title="bbox 2333 5201 3953 5281">
    <p class='ocr_par' dir='ltr' id='par_1_119' title="bbox 2333 5201 3953 5281">
     <span class='ocr_line' id='line_1_119' title="bbox 2333 5201 3953 5281; baseline 0.008 -30"><span class='ocrx_word' id='word_1_886' title='bbox 2333 5210 2405 5253; x_wconf 91' lang='lat' dir='ltr'>ex</span> <span class='ocrx_word' id='word_1_887' title='bbox 2431 5212 2501 5253; x_wconf 92' lang='lat' dir='ltr'>eo</span> <span class='ocrx_word' id='word_1_888' title='bbox 2526 5201 2655 5267; x_wconf 89' lang='lat' dir='ltr'>jam</span> <span class='ocrx_word' id='word_1_889' title='bbox 2691 5216 2813 5256; x_wconf 90' lang='lat' dir='ltr'>non</span> <span class='ocrx_word' id='word_1_890' title='bbox 2840 5209 3263 5273; x_wconf 88' lang='lat' dir='ltr'>appeterentur</span> <span class='ocrx_word' id='word_1_891' title='bbox 3292 5212 3651 5281; x_wconf 88' lang='lat' dir='ltr'>temporalia</span> <span class='ocrx_word' id='word_1_892' title='bbox 3674 5213 3843 5277; x_wconf 88' lang='lat' dir='ltr'>bona,</span> <span class='ocrx_word' id='word_1_893' title='bbox 3865 5222 3953 5265; x_wconf 87' lang='lat' dir='ltr'>nec</span> 
     </span>
    </p>
   </div>
   <div class='ocr_carea' id='block_1_120' title="bbox 2330 5290 3949 5373">
    <p class='ocr_par' dir='ltr' id='par_1_120' title="bbox 2330 5290 3949 5373">
     <span class='ocr_line' id='line_1_120' title="bbox 2330 5290 3949 5373; baseline 0.006 -32"><span class='ocrx_word' id='word_1_894' title='bbox 2330 5290 2733 5344; x_wconf 89' lang='lat' dir='ltr'>metuerentur</span> <span class='ocrx_word' id='word_1_895' title='bbox 2762 5292 3113 5362; x_wconf 89' lang='lat' dir='ltr'>temporalia</span> <span class='ocrx_word' id='word_1_896' title='bbox 3147 5296 3324 5362; x_wconf 87' lang='lat' dir='ltr'>mala,</span> <span class='ocrx_word' id='word_1_897' title='bbox 3371 5297 3429 5353; x_wconf 93' lang='lat' dir='ltr'>in</span> <span class='ocrx_word' id='word_1_898' title='bbox 3472 5302 3697 5373; x_wconf 84' lang='lat' dir='ltr'>quibus</span> <span class='ocrx_word' id='word_1_899' title='bbox 3724 5298 3949 5357; x_wconf 86' lang='lat' dir='ltr'>carnalis</span> 
     </span>
    </p>
   </div>
   <div class='ocr_carea' id='block_1_121' title="bbox 2330 5375 3949 5463">
    <p class='ocr_par' dir='ltr' id='par_1_121' title="bbox 2330 5375 3949 5463">
     <span class='ocr_line' id='line_1_121' title="bbox 2330 5375 3949 5463; baseline 0.01 -34"><span class='ocrx_word' id='word_1_900' title='bbox 2330 5379 2454 5431; x_wconf 89' lang='lat' dir='ltr'>erat</span> <span class='ocrx_word' id='word_1_901' title='bbox 2484 5375 2583 5433; x_wconf 91' lang='lat' dir='ltr'>illa</span> <span class='ocrx_word' id='word_1_902' title='bbox 2610 5378 2948 5449; x_wconf 88' lang='lat' dir='ltr'>prudentia,</span> <span class='ocrx_word' id='word_1_903' title='bbox 2983 5382 3042 5437; x_wconf 93' lang='lat' dir='ltr'>in</span> <span class='ocrx_word' id='word_1_904' title='bbox 3078 5399 3199 5455; x_wconf 90' lang='lat' dir='ltr'>qua</span> <span class='ocrx_word' id='word_1_905' title='bbox 3225 5386 3458 5458; x_wconf 88' lang='lat' dir='ltr'>impleri</span> <span class='ocrx_word' id='word_1_906' title='bbox 3493 5390 3662 5461; x_wconf 90' lang='lat' dir='ltr'>Legis</span> <span class='ocrx_word' id='word_1_907' title='bbox 3690 5390 3949 5463; x_wconf 62' lang='lat' dir='ltr'>praecepta</span> 
     </span>
    </p>
   </div>
   <div class='ocr_carea' id='block_1_122' title="bbox 2327 5470 3947 5545">
    <p class='ocr_par' dir='ltr' id='par_1_122' title="bbox 2327 5470 3947 5545">
     <span class='ocr_line' id='line_1_122' title="bbox 2327 5470 3947 5545; baseline 0.008 -27"><span class='ocrx_word' id='word_1_908' title='bbox 2327 5478 2449 5519; x_wconf 92' lang='lat' dir='ltr'>non</span> <span class='ocrx_word' id='word_1_909' title='bbox 2480 5471 2776 5536; x_wconf 89' lang='lat' dir='ltr'>poterant.</span> <span class='ocrx_word' id='word_1_910' title='bbox 2812 5470 2928 5525; x_wconf 87' lang='lat' dir='ltr'>Hac</span> <span class='ocrx_word' id='word_1_911' title='bbox 2955 5476 3153 5528; x_wconf 91' lang='lat' dir='ltr'>autem</span> <span class='ocrx_word' id='word_1_912' title='bbox 3175 5476 3486 5545; x_wconf 88' lang='lat' dir='ltr'>prudentia</span> <span class='ocrx_word' id='word_1_913' title='bbox 3508 5478 3569 5535; x_wconf 90' lang='lat' dir='ltr'>in</span> <span class='ocrx_word' id='word_1_914' title='bbox 3603 5479 3829 5536; x_wconf 87' lang='lat' dir='ltr'>homine</span> <span class='ocrx_word' id='word_1_915' title='bbox 3853 5478 3947 5531; x_wconf 89' lang='lat' dir='ltr'>Do-</span> 
     </span>
    </p>
   </div>
   <div class='ocr_carea' id='block_1_123' title="bbox 2327 5552 3940 5640">
    <p class='ocr_par' dir='ltr' id='par_1_123' title="bbox 2327 5552 3940 5640">
     <span class='ocr_line' id='line_1_123' title="bbox 2327 5552 3940 5640; baseline 0.013 -34"><span class='ocrx_word' id='word_1_916' title='bbox 2327 5552 2549 5609; x_wconf 91' lang='lat' dir='ltr'>minico</span> <span class='ocrx_word' id='word_1_917' title='bbox 2575 5554 2877 5614; x_wconf 88' lang='lat' dir='ltr'>destructa</span> <span class='ocrx_word' id='word_1_918' title='bbox 2906 5563 2963 5614; x_wconf 90' lang='lat' dir='ltr'>et</span> <span class='ocrx_word' id='word_1_919' title='bbox 2987 5559 3209 5622; x_wconf 80' lang='lat' dir='ltr'>ablata.</span> <span class='ocrx_word' id='word_1_920' title='bbox 3226 5564 3455 5634; x_wconf 83' lang='lat' dir='ltr'>justitia</span> <span class='ocrx_word' id='word_1_921' title='bbox 3481 5568 3654 5640; x_wconf 89' lang='lat' dir='ltr'>Legis</span> <span class='ocrx_word' id='word_1_922' title='bbox 3676 5566 3940 5638; x_wconf 68' lang='lat' dir='ltr'>impletur,</span> 
     </span>
    </p>
   </div>
   <div class='ocr_carea' id='block_1_124' title="bbox 2326 5643 3939 5731">
    <p class='ocr_par' dir='ltr' id='par_1_124' title="bbox 2326 5643 3939 5731">
     <span class='ocr_line' id='line_1_124' title="bbox 2326 5643 3939 5731; baseline 0.007 -31"><span class='ocrx_word' id='word_1_923' title='bbox 2326 5655 2462 5700; x_wconf 88' lang='lat' dir='ltr'>cum</span> <span class='ocrx_word' id='word_1_924' title='bbox 2488 5643 2819 5703; x_wconf 87' lang='lat' dir='ltr'>secundum</span> <span class='ocrx_word' id='word_1_925' title='bbox 2843 5662 3083 5710; x_wconf 85' lang='lat' dir='ltr'>carnem</span> <span class='ocrx_word' id='word_1_926' title='bbox 3106 5665 3229 5711; x_wconf 90' lang='lat' dir='ltr'>non</span> <span class='ocrx_word' id='word_1_927' title='bbox 3242 5653 3608 5731; x_wconf 86' lang='lat' dir='ltr'>ambulatur,</span> <span class='ocrx_word' id='word_1_928' title='bbox 3633 5657 3734 5716; x_wconf 90' lang='lat' dir='ltr'>sed</span> <span class='ocrx_word' id='word_1_929' title='bbox 3754 5667 3939 5714; x_wconf 85' lang='lat' dir='ltr'>secun-</span> 
     </span>
    </p>
   </div>
  </div>
