4182 6198
241 163 387 220 2077

234 288 457 346 tionem
478 301 675 352 suam,
705 300 859 358 quos
892 292 945 341 et
965 284 1183 343 electos
1203 286 1359 344 dicit.
1389 286 1547 345 Multi
1573 286 1734 344 enim
1764 300 1887 341 non

228 377 651 442 veniunt,cum
682 374 872 431 vocati
901 374 1341 433 fuerint:nemo
1363 381 1563 433 autem
1596 375 1756 433 venit
1786 373 1890 447 qui

227 470 475 523 vocatus
495 480 617 521 non
651 463 845 520 fuerit.

296 555 427 611 LVI.
454 554 562 625 [11).
586 569 702 620 Vlll,
725 551 843 627 29.]
866 553 1039 620 Quod
1060 556 1263 611 autem
1293 554 1456 620 dicit,
1484 555 1555 610 Ut
1576 553 1649 610 sit
1669 554 1889 623 primo-

222 646 461 715 genitus
478 643 541 699 in
564 643 769 699 multis
788 644 1109 713 fratribus,
1126 643 1269 699 satis
1297 644 1472 700 docet
1492 644 1657 700 aliter
1680 642 1887 699 intelli-

224 732 491 805 gendum
522 731 839 787 Dominum
862 736 1132 788 nostrum
1156 732 1552 802 unigenitum,
1575 732 1741 789 aliter
1763 731 1887 803 pri-

223 821 615 891 mogenitum.
642 823 789 876 Nam
806 820 907 876 ubi
932 821 1275 889 Unigenitus
1288 821 1523 886 dicitur,
1539 820 1751 877 fratres
1764 833 1887 875 non

219 911 423 976 habet,
454 908 875 966 etnaturaliter
902 909 1189 966 estFilius
1219 910 1340 976 Dei,
1371 910 1625 965 Verbum
1647 910 1708 965 in
1725 909 1889 980 prin-

221 1000 400 1071 cipio,
436 1014 543 1071 per
568 998 728 1070 quod
756 996 913 1054 facta
934 1002 1072 1052 sunt
1092 999 1296 1054 omnia
1324 999 1520 1068 (Joan.
1546 1014 1584 1062 1,
1615 1004 1663 1064 1,
1692 998 1765 1070 3).
1792 998 1888 1053 Se-

217 1088 488 1145 cundum
521 1086 968 1158 susceptionem
998 1091 1204 1143 autem
1236 1087 1493 1142 hominis
1525 1090 1581 1143 et
1609 1087 1887 1143 incarna-

220 1177 398 1234 tionis
428 1175 967 1247 dispensationem,
1014 1190 1121 1247 per
1160 1190 1347 1246 quam
1393 1190 1503 1231 nos
1542 1176 1721 1231 etiam
1764 1189 1885 1230 non

216 1264 571 1322 naturaliter
590 1264 740 1319 tilios
764 1264 824 1319 in
849 1263 1237 1336 adoptionem
1260 1263 1516 1320 ﬁliorum
1554 1280 1768 1320 vocare
1802 1264 1887 1318 di-

218 1358 441 1425 gnatus
475 1359 578 1417 est,
612 1353 1051 1426 primogenitus
1083 1352 1299 1408 dicitur
1333 1369 1471 1409 cum
1501 1352 1887 1424 adjunctione

216 1444 493 1500 fratrum.
512 1443 787 1498 Ubienim
814 1442 1041 1513 primus
1064 1442 1435 1508 dicitur,non
1466 1443 1669 1514 utique
1701 1442 1882 1508 solus,

219 1533 330 1588 sed
348 1532 762 1588 consecuturis
784 1530 1066 1587 fratribus
1089 1531 1148 1586 in
1175 1531 1233 1585 id
1260 1546 1382 1603 quo
1402 1532 1532 1603 ipse
1560 1531 1883 1603 praecessit.

222 1621 392 1679 Unde
419 1626 475 1677 et
496 1620 613 1677 alio
644 1620 775 1677 loco
802 1620 1273 1692 primogenitum
1300 1635 1439 1676 eum
1466 1638 1500 1676 a
1527 1619 1777 1675 mortuis
1803 1619 1887 1675 di-

219 1711 323 1777 cit,
348 1714 413 1767 ut
441 1710 515 1766 sit
542 1710 669 1782 ipse
698 1709 1022 1781 primatum
1052 1712 1261 1764 tenens
1291 1708 1539 1780 (Coloss.
1568 1725 1605 1774 1,
1642 1711 1748 1777 l8).
1782 1711 1890 1763 Re-

220 1799 515 1854 surrectio
548 1799 705 1854 enim
732 1803 1106 1854 mortuorum
1146 1802 1207 1853 ut
1229 1798 1356 1869 jam
1384 1813 1505 1853 non
1538 1798 1887 1862 moriantur,

222 1895 365 1944 ante
388 1887 557 1943 illum
579 1886 772 1943 nulla:
792 1891 930 1958 post
960 1886 1125 1943 illum
1144 1896 1343 1943 autem
1372 1886 1698 1942 multorum
1722 1902 1889 1942 sanc-

222 1982 422 2033 torum
456 1982 565 2042 est,
594 1991 750 2047 quos
771 1974 985 2031 fratres
1014 1991 1136 2032 non
1169 1976 1557 2031 confunditur
1588 1975 1891 2047 appellare

222 2071 473 2139 propter
502 2066 700 2135 ipsam
740 2065 1355 2121 communicationem
1385 2064 1801 2120 humanitatis.

305 2154 455 2210 LVII.
480 2152 591 2225 [1b.
611 2169 734 2219 Vlll,
756 2154 865 2223 35.]
894 2153 1066 2219 Quod
1095 2158 1295 2209 autem
1327 2154 1488 2219 dicit,
1519 2154 1659 2221 Quis
1686 2168 1790 2209 nos
1811 2167 1892 2210 se-

225 2243 466 2313 parabit
495 2258 530 2299 a
561 2243 856 2299 charitate
880 2243 1152 2299 Christi?
1182 2243 1492 2299 tribulatio
1520 2241 1547 2296 ?
1571 2258 1650 2298 an
1674 2256 1890 2312 angus-

228 2333 315 2390 tia
341 2331 368 2385 ?
396 2347 473 2388 an
525 2331 854 2401 persecutio
883 2333 909 2387 ?
957 2336 1092 2398 etc.,
1126 2347 1196 2387 ex
1239 2332 1544 2403 superiore
1598 2330 1891 2387 sententia

231 2421 475 2494 pendet,
508 2419 605 2475 ubi
635 2421 736 2483 ait,
771 2419 836 2475 Si
864 2425 1060 2476 tamen
1092 2422 1505 2489 compatimur,
1538 2426 1603 2476 ut
1630 2427 1681 2476 et
1708 2420 1887 2490 glori-

229 2512 481 2579 ﬁcemur
522 2528 542 2565 :
581 2510 849 2566 existimo
896 2511 1050 2565 enim
1085 2509 1244 2581 quod
1269 2524 1385 2565 non
1412 2516 1551 2565 sunt
1582 2509 1891 2579 condigna

228 2600 531 2669 passiones
563 2599 743 2669 hujus
775 2598 1052 2667 temporis
1074 2598 1154 2653 ad
1170 2598 1446 2668 futuram
1475 2599 1733 2668 gloriam
1760 2611 1889 2668 qua

230 2687 601 2745 revelabitur
628 2688 689 2742 in
732 2687 898 2743 nobis
928 2687 1119 2758 (Rom.
1150 2702 1268 2753 VIII,
1308 2692 1387 2751 l7,
1427 2687 1534 2759 18).
1567 2687 1660 2744 Ad
1691 2687 1890 2758 ipsam

228 2778 390 2834 enim
414 2778 807 2833 hortationem
824 2776 1020 2832 omnis
1050 2776 1229 2846 hujus
1253 2775 1368 2831 loci
1399 2776 1644 2831 intentio
1671 2776 1892 2832 directa

224 2873 339 2931 est,
370 2882 443 2921 ne
473 2866 553 2921 illi
579 2865 800 2939 quibus
825 2864 1087 2937 loquitur
1116 2864 1631 2937 persecutionibus
1659 2864 1892 2934 frange-

226 2960 457 3020 rentur,
503 2954 551 3009 si
583 2955 850 3011 viverent
881 2952 1215 3009 secundum
1265 2953 1642 3024 prudentiam
1674 2954 1889 3019 carnis,

224 3060 354 3119 qua
381 3042 734 3116 temporalia
761 3043 925 3100 bona
950 3045 1335 3115 appetuntur,
1364 3047 1421 3099 et
1444 3042 1721 3099 timentur
1747 3046 1892 3098 tem-

226 3133 456 3205 poralia
488 3133 669 3188 mala.

298 3223 488 3277 LVIII.
531 3222 638 3293 [1b.
669 3237 787 3286 VIII,
824 3221 935 3292 38.]
967 3220 1133 3286 Quod
1162 3224 1361 3276 autem
1390 3220 1490 3286 ait,
1522 3221 1734 3277 Certus
1763 3236 1891 3278 sum

217 3311 397 3377 enim,
430 3316 485 3367 et
507 3327 626 3368 non
657 3309 824 3376 dixit,
861 3309 1087 3381 Opinor
1114 3311 1273 3365 enim
1302 3309 1515 3380 ;plena
1540 3310 1657 3365 ﬁde
1686 3310 1890 3370 tenuit,

214 3401 379 3473 quod
403 3416 510 3457 nec
536 3416 691 3457 mors
718 3398 854 3467 ulla,
888 3414 992 3455 nec
1028 3399 1157 3455 vita
1192 3398 1536 3469 temporalis
1572 3400 1888 3470 promissa,

215 3506 331 3546 nec
362 3495 577 3546 caetera
605 3489 1036 3561 subsequentia
1059 3494 1318 3559 possunt
1335 3488 1671 3544 credentem
1691 3505 1725 3544 a
1746 3488 1889 3544 cha-

216 3582 392 3636 ritate
419 3579 522 3633 Dei
552 3578 927 3649 detorquere.
960 3580 1149 3632 Nemo
1179 3592 1321 3647 ergo
1354 3581 1613 3648 separat,
1645 3593 1753 3632 nec
1784 3578 1887 3649 qui

213 3669 485 3726 minatur
514 3672 765 3723 mortem
802 3682 817 3732 ;
851 3666 994 3738 quia
1033 3665 1139 3736 qui
1172 3665 1354 3721 credit
1382 3666 1442 3721 in
1476 3666 1724 3732 Christo,
1756 3666 1890 3722 licet

213 3757 531 3820 moriatur,
562 3755 715 3811 vivet
746 3772 759 3810 :
793 3770 989 3826 neque
1018 3754 1120 3827 qui
1158 3754 1465 3826 pollicetur
1495 3755 1674 3811 vitam
1699 3772 1717 3821 ;
1744 3756 1889 3827 quia

213 3846 311 3903 ille
344 3845 448 3901 dat
477 3844 659 3900 vitam
685 3848 993 3899 aeternam.
1027 3847 1175 3899 Nam
1210 3843 1558 3916 temporalis
1595 3844 1728 3899 vitae
1757 3844 1889 3916 pol-

214 3935 481 3998 licitatio,
518 3938 755 3989 zeternaa
788 3934 1243 4005 comparatione
1298 3933 1737 3990 contemnenda
1780 3939 1884 3989 est.

214 4024 421 4095 Neque
449 4023 718 4092 Angelus
741 4028 999 4093 separat,
1019 4023 1163 4095 quia
1187 4024 1323 4080 licet
1352 4024 1645 4093 Angelus,
1673 4024 1883 4095 inquit.

216 4115 291 4170 de
318 4114 469 4169 caelo
497 4113 837 4176 descendat,
869 4119 921 4169 et
954 4112 1270 4169 annuntiet
1301 4114 1466 4169 vobis
1483 4120 1885 4183 praterquam

216 4207 379 4275 quod
399 4202 728 4270 accepistis,
756 4201 1080 4258 anathema
1096 4203 1172 4257 sit
1196 4202 1419 4272 (Galat.
1444 4220 1481 4265 ι,
1510 4205 1559 4267 8,
1586 4203 1659 4271 9).
1684 4203 1887 4274 Neque

213 4292 619 4361 principatus,
654 4291 713 4345 id
749 4295 857 4359 est,
900 4290 1251 4356 contrarius,
1291 4289 1436 4362 quia
1467 4291 1623 4345 exuit
1663 4306 1723 4345 se
1755 4292 1883 4363 ipse

217 4381 333 4437 hos
375 4380 738 4451 principatus
778 4383 833 4434 et
880 4383 1223 4449 potestates,
1259 4379 1635 4451 triumphans
1680 4395 1782 4435 eos
1823 4380 1883 4436 in

218 4468 546 4539 semetipso
576 4468 824 4537 (Coloss.
858 4484 917 4533 u,
957 4469 1063 4538 15).
1105 4469 1309 4539 Neque
1341 4468 1667 4538 praesentia
1697 4484 1886 4540 neque

211 4560 455 4628 futura,
497 4557 556 4613 id
590 4562 700 4623 est,
748 4556 1101 4628 temporalia
1132 4556 1223 4611 vel
1254 4572 1389 4628 quae
1429 4557 1746 4626 delectant,
1790 4563 1884 4619 vel

216 4663 355 4720 quae
382 4650 699 4718 prmmunt,
729 4644 823 4700 vel
854 4661 989 4717 quae
1021 4660 1190 4717 spem
1235 4645 1401 4711 dant,
1433 4645 1526 4701 vel
1554 4663 1692 4719 quae
1720 4647 1884 4703 incu-

217 4738 371 4793 tiunt
396 4736 691 4792 timorem.
721 4735 923 4807 Neque
954 4734 1144 4790 virtus
1169 4752 1189 4790 :
1220 4740 1275 4789 et
1300 4734 1396 4790 hic
1426 4739 1704 4791 virtutem
1738 4752 1884 4792 con-

216 4825 462 4881 trariam
513 4829 746 4896 oportet
799 4823 1063 4893 intelligi,
1116 4823 1448 4879 secundum
1498 4841 1683 4896 quam
1714 4825 1879 4893 dicit,

213 4914 399 4972 Nemo
430 4928 571 4970 vasa
617 4913 791 4983 fortis
832 4913 1094 4982 diripiet,
1146 4912 1261 4967 nisi
1306 4913 1477 4982 prius
1532 4914 1880 4983 alligaverit

208 5005 431 5073 fortem
460 5004 699 5072 (Matth.
724 5018 826 5068 xu,
853 5006 962 5070 29).
996 5002 1198 5074 Neque
1218 5002 1500 5069 altitudo,
1536 5018 1725 5074 neque
1742 5018 1881 5071 pro-

210 5094 496 5163 fundum.
530 5093 887 5165 Plerumque
914 5092 1072 5148 enim
1100 5091 1299 5147 inanis
1328 5092 1642 5149 curiositas
1669 5109 1876 5149 earum

214 5198 417 5240 rerum
441 5199 578 5255 quae
618 5180 861 5237 inveniri
884 5196 1003 5236 non
1034 5184 1304 5252 possunt,
1335 5181 1671 5237 autfrustra
1696 5182 1877 5238 etiam

214 5272 600 5329 inveniuntur
625 5271 747 5327 sive
778 5271 836 5326 in
871 5270 1022 5327 coelo
1053 5270 1175 5325 sive
1207 5269 1267 5325 in
1297 5270 1547 5342 abysso,
1576 5276 1811 5341 separat
1842 5287 1878 5327 a

218 5364 353 5427 Deo,
386 5361 499 5416 nisi
530 5361 787 5418 charitas
834 5361 1051 5425 vincat,
1080 5375 1216 5431 qua)
1246 5361 1323 5416 ad
1355 5364 1514 5415 certa
1544 5359 1877 5431 spiritualia

216 5468 334 5508 non
368 5451 629 5507 vanitate
643 5465 839 5504 rerum
854 5465 990 5521 quae
1010 5449 1148 5504 foris
1166 5453 1320 5514 sunt,
1352 5448 1457 5504 sed
1472 5448 1712 5504 veritate
1738 5464 1874 5520 quas

216 5541 401 5608 intus,
424 5539 700 5593 homines
733 5539 938 5593 invitat
962 5539 1220 5608 ‘.Neque
1239 5544 1518 5595 creatura
1536 5539 1682 5594 alia.
1704 5537 1874 5603 Quod

279 5685 290 5713 ¹
319 5683 563 5746 Quatuor
582 5680 835 5740 Mss.,sed
866 5682 1068 5731 interno
1098 5681 1301 5731 homine
1330 5680 1534 5732 invitat.
1552 5680 1670 5731 Am.
1691 5683 1743 5734 et
1768 5678 1875 5746 Eia,

1740 158 2145 217 EXPOSITIO.

3519 170 3661 243 207s

2002 284 2241 342 duobus
2266 284 2713 358 modisintelligi
2728 289 2950 359 potest:
2976 292 3078 345 aut
3100 290 3349 347 visibilis
3362 300 3658 363 creatura,

2000 376 2143 446 quia
2173 378 2229 430 et
2254 390 2383 440 nos,
2408 374 2467 430 id
2486 380 2571 430 est
2592 375 2815 441 anima,
2838 382 3106 433 creatura
3130 396 3365 449 sumus,
3388 384 3492 439 sed
3514 385 3661 440 invi-

2000 463 2186 520 sibilis
2215 480 2228 529 ;
2266 468 2328 520 ut
2355 465 2471 521 hoc
2500 464 2734 529 dixerit,
2764 466 2928 537 quod
2961 482 3069 523 nos
3101 483 3221 524 non
3257 478 3497 541 separat
3544 473 3661 529 alia

1999 558 2287 618 creatura,
2334 552 2394 608 id
2433 557 2542 617 est,
2579 569 2751 609 amor
2796 570 3113 624 corporum
3147 573 3158 610 :
3196 564 3297 614 aut
3323 565 3476 614 certe
3515 562 3661 632 quia

1998 657 2112 698 nos
2132 657 2252 697 non
2281 647 2519 714 separat
2545 642 2660 698 alia
2683 646 2953 698 creatura
2974 659 3008 698 a
3037 644 3321 703 charitate
3348 649 3465 713 Dei,
3496 664 3568 704 ex
3589 664 3659 705 eo

1998 732 2161 803 quod
2190 731 2354 787 nulla
2375 735 2647 787 creatura
2670 740 2754 785 est
2779 731 2895 787 alia
2917 733 3069 789 inter
3091 749 3199 789 nos
3218 743 3274 790 et
3294 739 3499 804 Deum,
3524 754 3660 810 quae

1998 835 2059 875 se
2088 824 2373 891 opponat,
2407 827 2463 875 et
2494 836 2529 877 a
2580 820 2893 891 complexu
2949 821 3078 892 ejus
3134 823 3429 881 excludat.
3466 828 3660 899 Supra

1995 907 2297 965 humanas
2322 909 2483 965 enim
2532 914 2763 964 mentes
2806 925 2942 981 quae
2990 912 3309 968 rationales
3351 919 3507 979 sunt,
3532 916 3658 985 jam

1996 996 2162 1053 nulla
2188 1002 2479 1064 creatura,
2510 998 2614 1054 sed
2649 1001 2798 1053 Deus
2831 1003 2935 1053 est.

2071 1104 2197 1158 LIX.
2228 1103 2341 1177 [11).
2370 1120 2445 1169 1x,
2472 1104 2735 1176 5.]Quod
2767 1110 2965 1159 autem
2988 1104 3147 1168 dicit,
3176 1106 3435 1172 Quorum
3453 1114 3659 1177 patres

1992 1198 2049 1249 et
2072 1207 2147 1248 ea:
2164 1194 2374 1263 quibus
2399 1194 2663 1253 Christus
2685 1194 3008 1249 secundum
3041 1209 3304 1261 carnem,
3329 1202 3383 1251 et
3417 1197 3654 1267 adjecit,

1999 1282 2111 1349 Qui
2125 1289 2207 1338 est
2228 1298 2407 1351 super
2426 1298 2622 1337 omnes
2648 1284 2804 1338 Deus
2834 1282 3169 1338 benedictus
3186 1285 3249 1339 in
3276 1287 3516 1351 saecula,
3537 1286 3658 1357 ple-

1996 1370 2307 1427 nissimam
2338 1370 2520 1425 ﬁdem
2552 1372 2958 1436 commendat,
2993 1372 3135 1439 quia
3171 1374 3485 1429 Dominum
3517 1390 3657 1430 nos-

1998 1464 2153 1516 trum
2168 1464 2225 1515 et
2239 1459 2570 1515 secundum
2587 1460 3029 1531 susceptionem
3047 1461 3245 1515 carnis’
3259 1461 3447 1517 ﬁlium
3468 1463 3661 1518 homi-

1997 1548 2091 1604 nis
2104 1549 2381 1604 conﬁtem
2392 1565 2479 1613 ur,
2494 1554 2548 1603 et
2568 1548 2906 1605 secundum
2919 1549 3308 1604 aeternitatem
3323 1551 3583 1606 Verbum
3599 1552 3660 1606 in

1998 1637 2291 1709 principio
2312 1637 2909 1703 Deum,benedictum
2927 1653 3106 1709 super
3119 1654 3329 1694 omnes
3342 1638 3401 1694 in
3421 1639 3662 1701 saecula.

2001 1727 2188 1797 Hujus
2231 1732 2429 1783 autem
2466 1726 2861 1782 confessionis
2890 1726 3077 1781 Judaei
3108 1728 3397 1799 quoniam
3428 1732 3659 1800 partem

2001 1820 2317 1872 tenuerunt
2346 1814 2693 1871 refelluntur
2722 1832 2758 1871 a
2788 1816 3063 1872 Domino.
3095 1819 3241 1871 Nam
3274 1832 3408 1871 cum
3444 1833 3544 1872 eos
3568 1818 3660 1873 in-

2002 1908 2378 1973 terrogasset,
2411 1904 2584 1976 cujus
2629 1903 2816 1959 ﬁlium
2856 1904 3121 1960 dicerent
3150 1920 3277 1959 esse
3311 1904 3609 1961 Christum
3646 1922 3661 1972 ;

2000 1992 2453 2064 responderunt,
2474 1993 2688 2049 David.
2709 1992 2826 2047 Hoc
2839 1997 3041 2048 autem
3058 1993 3391 2049 secundum
3415 2009 3660 2050 carnem

2000 2086 2107 2137 est.
2133 2082 2212 2136 De
2238 2080 2543 2137 divinitate
2573 2096 2713 2136 vero
2731 2082 2860 2152 ejus
2876 2081 3044 2153 quod
3073 2082 3226 2136 Deus
3254 2086 3357 2145 est,
3386 2081 3528 2137 nihil
3545 2098 3665 2138 res-

2000 2169 2362 2242 ponderunt.
2392 2169 2530 2224 Ideo
2580 2168 2867 2224 Dominus
2897 2168 2977 2224 ait
3032 2170 3136 2234 eis,
3195 2170 3493 2236 Quomodo
3523 2186 3663 2240 ergo

2005 2259 2197 2315 David
2226 2262 2287 2314 in
2304 2259 2526 2327 spiritu
2555 2264 2724 2315 vocat
2755 2273 2888 2314 eum
2916 2258 3230 2314 Dominum
3255 2259 3495 2329 (Matth.
3520 2276 3659 2325 xxu,

2001 2347 2088 2413 42,
2122 2348 2212 2418 43)
2240 2346 2268 2401 ἳ
2300 2349 2368 2403 Ut
2392 2346 2782 2417 intelligerent
2808 2346 2926 2402 hoc
2952 2361 3013 2401 se
3045 2346 3350 2403 confessos
3380 2363 3510 2403 esse
3539 2353 3662 2405 tan-

2002 2441 2148 2502 tum,
2185 2436 2347 2509 quod
2375 2435 2634 2491 Christus
2663 2434 2820 2490 ﬁlius
2843 2440 2929 2492 est
2955 2435 3138 2491 David
3170 2452 3183 2502 ;
3210 2436 3325 2492 hoc
3348 2442 3545 2493 autem
3581 2443 3662 2495 ta-

2001 2526 2213 2589 cuisse,
2245 2525 2410 2597 quod
2441 2529 2527 2580 est
2574 2523 2838 2580 Christus
2898 2525 3186 2580 Dominus
3218 2525 3407 2595 ipsius
3448 2525 3657 2597 David.

2001 2614 2149 2669 Illud
2177 2615 2334 2669 enim
2356 2618 2442 2668 est
2472 2611 2803 2668 secundum
2830 2614 3273 2685 susceptionem
3303 2614 3517 2681 carnis,
3546 2614 3660 2671 hoc

2004 2703 2335 2759 secundum
2369 2702 2759 2758 aeternitatem
2790 2702 3137 2758 divinitatis.

2072 2812 2173 2868 LX.
2194 2812 2297 2883 [11).
2315 2826 2391 2877 ix,
2418 2810 2619 2880 11-13.]
2637 2809 2805 2875 Quod
2824 2814 3023 2865 autem
3042 2809 3140 2875 ait,
3166 2808 3484 2865 «Nondum
3499 2810 3658 2866 enim

2003 2901 2398 2964 nascentium,
2422 2914 2617 2970 neque
2639 2898 2945 2968 agentium
2968 2898 3194 2970 aliquid
3213 2898 3354 2954 boni
3373 2903 3477 2954 aut
3494 2898 3658 2969 mali,

2004 2997 2067 3047 ut
2093 2989 2424 3045 secundum
2456 2987 2803 3043 electionem
2832 2987 3204 3059 propositum
3238 2988 3339 3043 Dei
3370 2992 3658 3053 maneret,

2002 3095 2119 3135 non
2146 3094 2217 3133 ex
2238 3076 2541 3149 Operibus,
2562 3076 2662 3131 sed
2687 3092 2761 3131 ex
2781 3081 3033 3131 vocante
3056 3077 3279 3131 dictum
3308 3081 3398 3133 est
3419 3078 3491 3142 ei,
3511 3076 3661 3142 Quia

2003 3169 2196 3239 major
2228 3166 2439 3222 serviet
2469 3164 2705 3229 minori,
2736 3166 2887 3220 sicut
2913 3165 3197 3236 scriptum
3229 3170 3334 3229 est,
3357 3166 3540 3222 Jacob
3569 3165 3658 3221 di-

2002 3257 2138 3323 lexi,
2172 3259 2323 3312 Esau
2364 3260 2562 3310 autem
2596 3254 2736 3310 odio
2765 3253 2971 3319 habui,
3009 3274 3035 3302 ››
3072 3253 3395 3308 nonnullos
3436 3259 3655 3321 movet,

2004 3351 2066 3402 ut
2086 3342 2654 3417 putentapostolum
2678 3342 2929 3401 Paulum
2944 3340 3528 3398 abstulisseliberum
3554 3356 3656 3396 vo-

2002 3433 2241 3489 luntatis
2256 3432 2586 3496 arbitrium,
2602 3447 2724 3503 quo
2738 3446 3073 3502 promerem
3084 3446 3152 3484 ur
3166 3431 3351 3485 Deum
3368 3429 3523 3485 bono
3536 3428 3655 3500 pie-

1998 3522 2157 3588 tatis,
2186 3521 2277 3577 vel
2307 3520 2464 3575 malo
2490 3519 2818 3591 impietatis
2842 3518 3223 3575 offendimus.
3258 3517 3465 3574 Dicunt
3494 3517 3657 3573 enim

1998 3612 2161 3684 quod
2180 3616 2316 3666 ante
2330 3624 2513 3681 opera
2541 3608 2763 3679 aliqua,
2780 3624 2884 3663 seu
2902 3608 3064 3663 bona
3078 3622 3179 3663 seu
3196 3606 3374 3671 mala,
3395 3606 3656 3662 duorum

1999 3700 2269 3757 nondum
2297 3698 2668 3754 nascentium
2692 3698 2844 3753 Deus
2878 3712 3066 3752 unum
3089 3695 3378 3759 dilexerit,
3403 3694 3655 3751 alterum

1998 3788 2141 3845 odio
2176 3787 2467 3844 habuerit.
2500 3786 2613 3843 Sed
2659 3785 3121 3857 respondemus,
3153 3785 3526 3856 prmscientia
3556 3784 3657 3840 Dei

1998 3878 2220 3934 factum
2239 3892 2391 3943 esse,
2410 3892 2531 3948 qua
2544 3874 2705 3931 novit
2724 3875 2904 3930 etiam
2924 3874 2999 3929 de
3022 3873 3292 3930 nondum
3318 3873 3492 3937 natis,
3510 3888 3656 3945 qua-

1994 3968 2067 4023 lis
2096 3966 2356 4039 quisque
2387 3965 2623 4023 futurus
2668 3964 2761 4021 sit.
2798 3962 2916 4019 Sed
2947 3978 3021 4019 ne
3047 3962 3183 4034 quis
3214 3963 3373 4019 dicat
3404 3980 3416 4018 :
3462 3965 3657 4034 Opera

1997 4070 2138 4125 ergo
2162 4054 2339 4125 elegit
2361 4057 2511 4111 Deus
2532 4054 2591 4109 in
2614 4069 2684 4110 eo
2698 4068 2881 4126 quem
2896 4052 3493 4125 dilexit,quanquam
3507 4066 3655 4107 non-

1995 4144 2139 4200 dum
2173 4148 2361 4209 erant,
2398 4143 2559 4216 quod
2586 4158 2658 4199 ea
2688 4142 2888 4198 futura
2922 4141 3273 4213 prtesciebat
3300 4142 3316 4176 ¹
3348 4157 3361 4206 ;
3402 4139 3566 4211 quod
3602 4138 3653 4194 si

1995 4249 2181 4305 opera
2201 4233 2397 4303 elegit,
2416 4232 2760 4304 equomodo
2782 4231 2923 4287 dicit
2940 4229 3257 4301 Apostolus
3281 4243 3400 4284 non
3422 4243 3491 4282 ex
3515 4241 3655 4298 ope-

1994 4322 2159 4378 ribus
2178 4322 2394 4379 factam
2409 4320 2757 4377 electionem
2778 4320 2804 4375 ?
2827 4322 3140 4390 Propterea
3160 4332 3301 4387 ergo
3322 4314 3653 4385 intelligen-

1993 4411 2138 4467 dum
2169 4417 2276 4478 est,
2306 4426 2487 4483 opera
2520 4410 2681 4465 bona
2710 4424 2815 4479 per
2853 4406 3233 4462 dilectionem
3272 4404 3419 4474 ﬁeri,
3470 4404 3654 4459 dilec-

1995 4502 2219 4558 tionem
2251 4506 2450 4556 autem
2497 4513 2624 4553 esse
2655 4498 2713 4552 in
2763 4496 2938 4551 nobis
2983 4510 3089 4565 per
3118 4493 3348 4549 donum
3400 4491 3651 4563 Spiritus

1996 4590 2208 4652 sancti,
2251 4588 2401 4644 sicut
2448 4586 2604 4641 idem
2638 4583 2948 4656 apostolus
2989 4583 3132 4638 dicit
3174 4599 3187 4638 :
3236 4579 3513 4637 Charitas
3543 4580 3651 4635 Dei

1993 4680 2217 4748 diffusa
2246 4682 2327 4733 est
2358 4677 2421 4731 in
2443 4674 2719 4731 cordibus
2749 4673 2967 4729 nostris
3002 4687 3109 4741 per
3144 4670 3438 4741 Spiritum
3479 4684 3652 4725 sanc-

1994 4772 2114 4823 tum
2144 4766 2248 4836 qui
2280 4766 2457 4822 datus
2489 4770 2570 4821 est
2593 4762 2757 4819 nobis
2784 4762 2973 4833 (Rom.
2998 4779 3052 4827 ν,
3081 4762 3154 4829 5).
3178 4763 3303 4816 Non
3328 4773 3470 4828 ergo
3490 4759 3652 4830 quis-

1990 4872 2176 4928 quam
2197 4854 2435 4926 gloriari
2456 4853 2631 4909 debet
2653 4867 2724 4908 ex
2745 4851 3027 4922 operibus
3050 4854 3339 4922 tanquam
3352 4850 3493 4914 suis,
3514 4863 3650 4921 quas

1990 4960 2097 5018 per
2108 4944 2335 5001 donum
2353 4944 2451 5000 Dei
2476 4942 2676 5007 habet,
2694 4956 2834 4996 cum
2847 4941 2976 5013 ipsa
2991 4939 3228 4995 dilectio
3242 4940 3301 4995 in
3330 4954 3399 4994 eo
3416 4938 3648 4994 bonum

1989 5039 2276 5106 operetur.
2309 5032 2456 5099 Quid
2506 5047 2650 5103 ergo
2680 5030 2853 5100 elegit
2887 5032 3039 5085 Deus
3069 5028 3097 5084 ’1
3126 5029 3183 5084 Si
3213 5028 3372 5083 enim
3402 5027 3497 5082 cui
3526 5024 3650 5081 vult

1987 5124 2174 5179 donat
2193 5124 2472 5193 Spiritum
2497 5127 2793 5185 sanctum,
2820 5135 2926 5191 per
2952 5134 3133 5189 quem
3164 5115 3397 5171 dilectio
3417 5114 3648 5169 bonum

1986 5216 2287 5283 operatur,
2312 5210 2619 5283 quomodo
2646 5209 2819 5281 elegit
2834 5207 2929 5262 cui
2959 5206 3141 5261 donet
3166 5203 3194 5258 ?
3223 5203 3277 5260 Si
3302 5201 3458 5257 enim
3480 5200 3645 5259 nullo

1987 5301 2219 5367 merito,
2250 5315 2363 5357 non
2398 5304 2489 5355 est
2509 5299 2714 5355 electio
2738 5316 2755 5364 ;
2783 5295 3045 5369 aequales
3066 5293 3227 5349 enim
3257 5305 3470 5347 omnes
3504 5295 3649 5348 sunt

1983 5492 2069 5540 sed
2092 5490 2294 5539 interno
2326 5487 2584 5537 volumine
2601 5486 2805 5535 invitat.
2839 5481 3214 5534 Germanensis
3244 5480 3467 5539 Ms.,sed
3499 5480 3645 5529 intra

1986 5554 2240 5602 hominem
2272 5552 2477 5601 invitat.

2048 5619 2061 5649 ί
2090 5617 2147 5664 In
2180 5615 2254 5672 B.,
2282 5616 2417 5687 quod
2456 5617 2619 5687 erant.
2636 5613 2817 5675 futura
2848 5608 3164 5674 prwsciebat.
3190 5607 3277 5659 Er.
3307 5606 3475 5672 Lugd.
3511 5606 3643 5659 Ven.

1984 5680 2113 5730 Lov.
2148 5675 2317 5729 secuti
2338 5689 2545 5727 sumus.
2571 5675 2637 5727 Μ.
