4164 6184
588 178 728 234 2079

594 308 732 360 ante
763 300 1064 364 meritum,
1097 314 1208 354 nec
1236 301 1433 370 potest
1462 299 1522 352 in
1561 295 1740 352 rebus
1772 295 2020 351 omnino
2051 309 2249 365 aequa-

590 391 748 448 libus
765 390 972 446 electio
995 387 1314 443 nominari.
1345 387 1458 442 Sed
1487 385 1776 458 quoniam
1808 383 2052 454 Spiritus
2079 398 2250 438 sanc-

589 487 685 537 tus
716 495 836 535 non
864 480 1041 533 datur
1091 476 1201 532 nisi
1231 475 1630 543 credentibus,
1664 489 1786 529 non
1817 472 2066 545 quidem
2097 472 2250 527 Deus

591 569 764 638 elegit
793 583 976 638 opera
1012 582 1148 638 quin
1182 566 1311 636 ipse
1352 563 1621 634 largitur,
1656 577 1790 618 cum
1832 561 1937 618 dat
1967 561 2250 633 Spiritum

597 663 894 719 sanctum,
929 660 990 710 ut
1019 670 1123 725 per
1158 653 1507 708 charitatem
1539 651 1702 708 bona
1741 666 2060 722 operemur
2092 667 2104 707 :
2147 650 2252 705 sed

595 751 796 802 tamen
811 744 983 814 elegit
998 743 1199 798 ﬁdem.
1217 743 1366 807 Quia
1383 741 1496 796 nisi
1512 742 1768 812 quisque
1786 740 1987 796 credat
2009 739 2068 794 in
2090 755 2249 810 eum,

596 840 652 890 et
682 837 740 890 in
771 832 1103 904 accipiendi
1134 830 1440 886 voluntate
1479 833 1848 900 permaneat,
1884 844 1999 883 non
2041 828 2256 900 accipit

595 924 824 978 donum
860 921 977 985 Dei,
1036 921 1092 974 id
1125 925 1233 985 est,
1272 919 1554 991 Spiritum
1607 923 1904 982 sanctum,
1941 933 2043 989 per
2073 932 2253 988 quem

593 1011 816 1066 diffusa
847 1009 1134 1065 charitate
1167 1008 1392 1064 bonum
1430 1007 1621 1078 possit
1665 1007 1920 1078 operari.
1957 1009 2082 1062 Non
2113 1021 2254 1075 ergo

598 1099 770 1167 elegit
802 1099 958 1153 Deus
992 1113 1177 1168 opera
1207 1100 1571 1168 cujusquam
1603 1096 1660 1150 in
1693 1095 2087 1167 praescientia,
2120 1110 2255 1166 quae

602 1189 731 1259 ipse
757 1187 1006 1242 daturus
1034 1191 1125 1242 est
1155 1205 1168 1253 ;
1202 1186 1306 1240 sed
1336 1185 1519 1240 fidem
1550 1184 1724 1255 elegit
1755 1184 1811 1238 in
1847 1183 2213 1255 praescientia
2242 1198 2255 1238 :

601 1280 862 1348 utquem
893 1275 1005 1330 sibi
1026 1275 1387 1330 crediturum
1421 1289 1547 1328 esse
1566 1273 1889 1344 prtescivit,
1921 1273 2120 1343 ipsum
2145 1271 2258 1326 ele-

603 1366 754 1435 gerit
775 1365 866 1419 cui
883 1364 1163 1436 Spiritum
1195 1369 1468 1418 sanctum
1492 1362 1680 1426 daret,
1699 1367 1758 1416 ut
1777 1361 1936 1417 bona
1949 1360 2258 1431 operando

601 1455 782 1510 etiam
833 1453 1017 1508 vitam
1049 1458 1334 1508 mternam
1385 1454 1872 1522 consequeretur.
1915 1449 2062 1505 Dicit
2099 1449 2253 1505 enim

600 1544 761 1600 idem
790 1541 1119 1614 apostolus,
1154 1542 1315 1597 Idem
1339 1541 1496 1597 Deus
1525 1540 1628 1611 qui
1658 1545 1943 1609 operatur
1970 1540 2167 1594 omnia
2195 1539 2258 1594 in

587 1631 873 1688 .omnibus
899 1630 941 1700 (Ι
969 1631 1104 1686 Cor.
1130 1646 1230 1696 xu,
1258 1630 1332 1700 6).
1352 1630 1661 1700 Nusquam
1695 1632 1893 1684 autem
1913 1627 2135 1682 dictum
2151 1630 2257 1692 est,

606 1722 762 1776 Deus
794 1718 980 1774 credit
1009 1719 1216 1774 omnia
1247 1718 1304 1772 in
1338 1717 1642 1774 omnibus.
1676 1715 1844 1782 Quod
1892 1731 2034 1786 ergo
2078 1715 2262 1771 credi-

605 1825 766 1874 mus,
786 1812 1059 1864 nostrum
1087 1813 1173 1863 est
1202 1824 1214 1862 :
1247 1807 1411 1879 quod
1430 1811 1630 1862 autem
1652 1805 1878 1862 bonum
1912 1821 2256 1877 operemur,

607 1898 760 1954 illius
773 1897 875 1969 qui
895 1896 1274 1952 credentibus
1293 1897 1351 1951 in
1367 1911 1431 1950 se
1445 1896 1547 1950 dat
1562 1895 1844 1966 Spiritum
1869 1899 2139 1950 sanctum
2154 1896 2255 1965 (a).

607 1989 727 2043 Hoc
765 1990 962 2042 autem
1004 1985 1344 2056 exemplum
1384 1983 1751 2056 quibusdam
1795 1983 2016 2038 Judaeis
2061 1984 2259 2055 objec-

607 2080 732 2131 tum
746 2079 856 2140 est,
874 2075 976 2146 qui
1004 2074 1228 2129 Christo
1241 2072 1637 2142 crediderunt,
1664 2076 1719 2128 et
1731 2072 1804 2128 de
1821 2072 2106 2143 operibus
2121 2077 2257 2128 ante

609 2164 860 2234 gratiam
890 2163 1317 2233 gloriabantur,
1351 2168 1406 2216 et
1442 2161 1724 2217 dicebant
1755 2177 1816 2216 se
1846 2161 2044 2232 ipsam
2073 2162 2252 2216 Evan-

609 2251 744 2321 gelii
771 2252 1026 2323 gratiam
1054 2267 1159 2323 per
1185 2267 1295 2306 sua
1325 2251 1488 2306 bona
1511 2265 1697 2322 opera
1726 2249 2123 2322 praecedentia
2142 2264 2258 2305 me-

608 2340 834 2406 ruisse;
864 2356 998 2395 cum
1030 2340 1192 2396 bona
1218 2355 1402 2410 opera
1433 2340 1492 2394 in
1520 2340 1684 2395 nullo
1701 2355 1832 2394 esse
1861 2338 2113 2410 possint,
2143 2339 2257 2394 nisi

610 2429 713 2500 qui
739 2429 1031 2500 acceperit
1059 2429 1332 2501 gratiam.
1352 2431 1449 2484 Est
1481 2433 1682 2484 autem
1706 2429 1898 2498 gratia
1930 2433 1991 2482 ut
2029 2429 2256 2484 vocatio

606 2519 900 2588 peccatori
920 2519 1342 2588 prterogetur‘,
1368 2533 1503 2572 curn
1528 2517 1657 2588 ejus
1691 2517 1902 2572 merita
1933 2516 2116 2583 nulla,
2145 2516 2258 2571 nisi

609 2605 686 2660 ad
717 2605 1172 2661 damnationem
1231 2607 1653 2677 prmcesserint.
1713 2604 1882 2669 Quod
1933 2605 1980 2659 si
2012 2610 2260 2660 vocatus

608 2699 919 2749 vocantem
953 2699 1188 2749 secutus
1220 2693 1412 2758 fuerit,
1465 2693 1629 2764 quod
1686 2698 1776 2748 est
1815 2693 1942 2763 jam
1975 2694 2033 2747 in
2074 2693 2260 2749 libero

607 2782 1212 2845 arbitrio,merebitur
1242 2786 1297 2837 et
1329 2782 1610 2853 Spiritum
1639 2786 2053 2853 sanctum,per
2079 2798 2258 2854 quem

605 2871 768 2926 bona
801 2870 990 2941 possit
1023 2871 1254 2943 operari
1291 2889 1304 2936 ;
1333 2871 1392 2925 in
1425 2886 1546 2942 quo
1575 2885 1936 2940 permanens
1961 2871 2144 2941 (quod
2176 2870 2259 2925 ni-

607 2959 935 3015 hilominus
969 2964 1053 3014 est
1104 2960 1162 3014 in
1195 2959 1382 3015 libero
1436 2959 1703 3028 arbitrio)
1737 2959 2053 3014 merebitur
2081 2960 2259 3016 etiam

608 3049 795 3104 vitam
827 3051 1133 3113 mternam,
1167 3064 1302 3119 quae
1333 3047 1498 3103 nulla
1537 3048 1724 3120 possit
1752 3047 1888 3103 labe
1917 3048 2251 3120 corrumpi.

677 3164 808 3219 LXI.
834 3163 937 3235 [lb.
962 3179 1040 3228 ix,
1069 3165 1249 3234 H45]
1273 3164 1443 3230 Quod
1471 3168 1670 3220 autem
1702 3164 1800 3234 ait,
1829 3164 2263 3221 Misereborcui

607 3253 879 3309 misertus
891 3269 1011 3318 ero,
1028 3259 1082 3309 et
1107 3253 1576 3309 misericordiam
1606 3252 1906 3322 praestabo
1920 3253 2017 3308 cui
2036 3254 2258 3310 miseri-

606 3342 1087 3412 corsfuero,hinc
1101 3341 1433 3398 ostenditur
1446 3357 1563 3396 non
1578 3357 1706 3397 esse
1721 3341 2084 3412 iniquitatem
2098 3342 2261 3412 apud

607 3433 826 3497 Deum;
853 3431 1014 3502 quod
1047 3430 1511 3502 possuntdicere
1529 3429 1799 3501 quidam,
1827 3446 1963 3485 cum
1987 3431 2260 3502 audiunt,

605 3522 943 3592 Antequam
989 3526 1396 3585 nascerentur,
1428 3519 1608 3575 Jacob
1637 3519 1840 3584 dilexi,
1873 3520 2032 3576 Esau
2064 3525 2259 3576 autem

605 3611 740 3666 odio
789 3609 990 3666 habui.
1042 3610 1364 3667 Miserebor
1393 3609 1574 3674 enim,
1617 3608 1827 3680 inquit,
1862 3608 1960 3664 cui
1994 3608 2261 3666 misertus

609 3714 727 3754 ero.
761 3700 954 3754 Primo
981 3699 1140 3754 enim
1164 3699 1440 3754 misertus
1461 3699 1743 3754 estnostri
1761 3699 1932 3764 Deus,
1961 3714 2098 3753 cum
2135 3714 2264 3769 pec-

607 3791 834 3841 catores
865 3802 1133 3842 essemus
1163 3791 1224 3840 ut
1253 3791 1492 3843 vocaret
1519 3803 1648 3842 nos.
1685 3787 1797 3842 Cui
1824 3801 1965 3855 ergo
1990 3789 2262 3844 misertus

610 3889 728 3943 ero,
763 3874 977 3944 inquit,
1011 3879 1074 3929 ut
1102 3890 1240 3929 eum
1288 3891 1520 3940 vocem,
1552 3875 1868 3931 miserebor
1900 3875 2098 3932 adhuc
2133 3877 2262 3948 ejus

611 3975 748 4014 cum
797 3961 1130 4017 crediderit.
1181 3964 1498 4027 Quomodo
1533 3969 1733 4018 autem
1781 3963 2000 4030 adhuc,
2055 3965 2167 4020 nisi
2199 3969 2263 4022 ut

611 4048 710 4104 det
731 4048 1062 4104 credentiet
1082 4051 1298 4121 petenti
1322 4051 1600 4121 Spiritum
1628 4057 1902 4107 sanctum
1920 4054 1948 4109 ?
1975 4055 2102 4118 Quo
2119 4054 2261 4110 dato

611 4138 1084 4194 misericordiam
1116 4138 1422 4210 praestabit
1451 4140 1545 4194 cui
1599 4140 1932 4195 misericors
1979 4141 2168 4206 fuerit,
2201 4142 2260 4197 id

608 4233 715 4298 est,
751 4233 812 4284 ut
844 4228 1016 4284 faciat
1046 4243 1184 4284 eum
1220 4228 1689 4293 misericordem,
1720 4245 1842 4300 quo
1887 4230 2046 4286 bona
2073 4231 2262 4303 possit

608 4334 717 4391 per
735 4317 1110 4374 dilectionem
1136 4317 1388 4389 operari.
1419 4320 1601 4373 Nemo
1628 4333 1770 4388 ergo
1789 4317 1902 4373 sibi
1931 4319 2261 4376 audeattri-

608 4407 792 4463 buere
813 4408 977 4479 quod
1005 4407 1467 4463 misericorditer
1491 4413 1771 4478 operatur
1798 4426 1810 4475 ;
1835 4407 1976 4479 quia
2005 4411 2157 4463 Deus
2180 4408 2260 4464 illi

606 4513 711 4568 per
736 4497 1018 4568 Spiritum
1050 4501 1320 4553 sanctum
1350 4495 1506 4552 dedit
1535 4496 1932 4560 dilectionem,
1967 4498 2093 4552 sine
2137 4513 2259 4568 qua

605 4602 786 4643 nemo
818 4591 1011 4658 potest
1038 4603 1168 4642 esse
1203 4586 1554 4643 misericors.
1585 4589 1710 4643 Non
1738 4602 1879 4658 ergo
1910 4586 2083 4659 elegit
2104 4586 2259 4642 Deus

605 4676 758 4730 bene
789 4681 1127 4746 operantes,
1158 4676 1260 4730 sed
1294 4677 1600 4732 credentes
1631 4677 1848 4747 potius,
1883 4683 1944 4732 ut
1972 4677 2098 4748 ipse
2129 4676 2258 4732 illos

606 4762 784 4818 faciat
813 4763 966 4818 bene
1011 4763 1265 4834 operari.
1301 4767 1575 4820 Nostrum
1615 4764 1776 4820 enim
1808 4770 1895 4820 est
1928 4765 2167 4821 credere
2203 4770 2257 4822 et

605 4850 776 4914 velle,
808 4851 966 4907 illius
996 4857 1194 4908 autem
1245 4853 1384 4908 dare
1427 4853 1806 4909 credentibus
1837 4859 1891 4909 et
1921 4854 2259 4910 volentibus

607 4939 948 4999 facultatem
981 4940 1134 4996 bene
1181 4941 1465 5011 operandi
1497 4957 1602 5013 per
1634 4941 1912 5012 Spiritum
1963 4948 2254 5011 sanctum,

605 5047 712 5104 per
735 5045 915 5103 quem
945 5029 1202 5084 charitas
1232 5031 1329 5084 Dei
1352 5029 1704 5084 diffunditur
1729 5029 1786 5085 in
1818 5031 2101 5087 cordibus
2125 5047 2254 5088 nos-

605 5121 728 5186 tris,
769 5124 832 5177 ut
860 5135 972 5176 nos
998 5117 1418 5174 misericordes
1442 5117 1658 5173 efﬁciat
1681 5119 1781 5189 (b).

678 5235 838 5291 LXII.
862 5234 970 5308 [lb.
999 5251 1078 5304 ix,
1102 5232 1323 5306 15-21.]
1351 5232 1521 5300 Quod
1548 5238 1748 5290 autem
1774 5241 1895 5300 aut,
1923 5236 2120 5306 Igitur
2139 5251 2257 5292 non

670 5432 680 5458 ¹
709 5429 866 5495 Editi,
897 5435 952 5478 ut
993 5431 1190 5480 vacatio
1217 5431 1494 5494 peccatoris
1525 5436 1850 5495 prorogetur.
1886 5430 2072 5482 Melius
2101 5433 2255 5490 Mss.,

607 5494 856 5555 peccatori
882 5499 1217 5555 prwrogetur.

673 5552 742 5624 (ρ)
778 5552 1070 5624 {distracti
1091 5569 1205 5618 cap.
1239 5556 1317 5612 23,
1343 5570 1396 5605 n.
1435 5558 1482 5613 2,
1516 5560 1568 5605 et
1590 5556 1680 5606 lib.
1715 5558 1735 5605 1
1763 5557 1827 5606 de
1869 5556 2118 5608 Prmdest.
2146 5557 2253 5613 88.,

609 5628 655 5665 c.
692 5614 738 5667 3,
770 5613 897 5662 dicit
920 5629 975 5664 se
1003 5616 1086 5666 hic
1111 5613 1334 5667 errasse.

674 5674 742 5739 (b)
773 5673 926 5733 lbid.,
952 5689 1008 5726 η.
1031 5678 1078 5725 3.

1091 171 1557 242 QUARUMDAM
1599 166 2194 228 PROPOSITIONUM
2234 166 2327 224 EX
2367 165 2590 223 EPIST.
2634 166 2731 222 AD
2771 166 2975 238 ROM.,
3015 166 3076 222 S.
3117 166 3501 225 AUGUSTINI

3818 179 3920 234 2080

2357 292 2626 359 volentis,
2644 307 2826 364 neque
2843 292 3161 357 currentis,
3179 293 3284 349 sed
3301 294 3613 352 miserentis
3623 303 3697 354 est
3721 299 3927 365 Dei,non

2357 381 2503 437 tollit
2531 381 2788 437 liberum
2822 381 3144 437 voluntatis
3176 382 3482 439 arbitrium
3517 385 3651 450 ;sed
3681 402 3787 444 non
3813 391 3930 446 suffi-

2357 486 2488 525 cere
2515 470 2654 526 dicit
2686 469 2832 525 velle
2863 471 3290 536 nostrum,nisi
3321 472 3558 543 adjuvet
3584 477 3932 540 Deus,miseri-

2357 560 2566 616 cordes
2620 575 2732 616 nos
2781 559 3096 615 efﬁciendo
3148 560 3225 616 ad
3272 560 3422 618 bene
3481 565 3823 636 operandum
3861 584 3936 638 per

2357 647 2586 704 donum
2605 647 2859 720 Spiritus
2877 649 3090 712 sancti,
3111 648 3188 704 ad
3214 649 3329 705 hoc
3352 651 3624 716 referens,
3641 654 3788 725 quod
3810 672 3939 727 supe-

2359 738 2479 792 rius
2500 737 2666 802 dixit,
2694 737 3014 794 Miserebor
3043 738 3141 794 cui
3164 740 3436 795 misertus
3462 756 3576 810 ero,
3603 749 3653 798 et
3677 743 3940 800 misericor-

2358 826 2516 881 diam
2529 827 2827 895 prwstabo
2845 829 2944 882 cui
2954 827 3287 883 misericors
3295 829 3638 896 fuero.Quia
3652 846 3819 903 neque
3829 833 3940 888 velle

2359 929 2702 986 possumus,
2735 915 2844 970 nisi
2876 931 3161 970 vocemur
3193 932 3207 982 ;
3241 922 3295 971 et
3321 933 3456 973 cum
3487 923 3618 990 post
3642 921 3942 977 vocationem

2363 1003 2748 1068 voluerimus,
2782 1019 2903 1060 non
2935 1004 3156 1061 sufﬁcit
3181 1006 3457 1063 voluntas
3491 1011 3689 1064 nostra
3712 1013 3763 1064 et
3785 1025 3943 1065 cursus

2361 1098 2580 1156 noster,
2611 1093 2722 1149 nisi
2753 1097 2904 1149 Deus
2950 1099 3006 1149 et
3035 1094 3189 1149 vires
3229 1096 3605 1152 currentibus
3643 1097 3882 1167 praebeat,
3907 1103 3945 1152 et

2363 1182 2649 1254 perducat
2677 1197 2798 1254 quo
2834 1187 3028 1239 vocat.
3069 1182 3442 1239 Manifestum
3473 1188 3559 1240 est
3583 1201 3714 1256 ergo
3743 1201 3840 1241 non
3869 1202 3946 1241 vo-

2362 1269 2534 1326 lentis
2550 1286 2742 1343 neque
2766 1272 3078 1336 currentis,
3099 1271 3204 1327 sed
3221 1272 3554 1328 miserentis
3569 1274 3662 1329 Dei
3677 1289 3807 1338 esse,
3824 1274 3946 1345 quod

2363 1359 2592 1415 bonum
2618 1375 2977 1432 operamur:
3011 1376 3366 1432 quanquam
3402 1361 3482 1418 ibi
3513 1363 3586 1418 sit
3604 1363 3766 1419 etiam
3793 1363 3948 1419 volun-

2367 1454 2454 1504 tas
2501 1454 2721 1519 nostra,
2756 1464 2892 1520 quae
2924 1448 3051 1504 sola
3099 1449 3243 1505 nihil
3289 1455 3508 1521 posset.
3547 1452 3700 1507 [inde
3742 1452 3950 1524 sequitur

2365 1538 2543 1592 etiam
2566 1537 2638 1592 de
2667 1538 2993 1594 Pharaonis
3020 1539 3312 1610 supplicio
3329 1541 3746 1606 testimonium,
3767 1557 3876 1596 cum
3895 1540 3951 1596 ait

2367 1626 2669 1698 Scriptura
2689 1627 2761 1682 de
2793 1627 3123 1696 Pharaone,
3153 1628 3305 1695 Quia
3332 1629 3414 1684 ad
3441 1629 3549 1685 hoc
3576 1635 3628 1686 te
3653 1630 3889 1700 excitavi,
3908 1635 3951 1684 ut

2364 1716 2669 1772 ostendam
2701 1715 2762 1771 in
2795 1723 2848 1773 te
2875 1717 3201 1784 potentiam
3225 1733 3433 1782 meam,
3466 1724 3600 1775 etut
3626 1719 3952 1775 annuntietur

2364 1821 2575 1862 nomen
2595 1821 2784 1862 meum
2807 1806 2866 1861 in
2895 1807 3176 1862 universa
3195 1813 3382 1864 terra.
3407 1808 3732 1864 Sicutenim
3759 1808 3954 1877 legimus

2364 1894 2424 1950 in
2458 1895 2681 1962 Exodo,
2714 1895 3080 1951 obduratum
3107 1899 3196 1950 est
3226 1911 3329 1952 cor
3362 1897 3680 1953 Pharaonis
3711 1896 3888 1967 (Exod.
3913 1913 3954 1958 ι,

2369 1984 2438 2055 1),
2465 1988 2529 2040 ut
2553 1989 2672 2039 tam
2703 1983 3078 2039 evidentibus
3106 1985 3290 2054 signis
3325 2001 3449 2041 non
3481 1985 3954 2050 moveretur.0uod

2363 2087 2505 2143 ergo
2526 2076 2662 2127 tunc
2681 2071 2911 2128 Pharao
2933 2087 3055 2128 non
3083 2073 3549 2144 obtemperabat
3575 2075 3850 2145 praeceptis
3869 2072 3954 2130 Dei,

2359 2160 2489 2230 jam
2507 2159 2581 2216 de
2604 2160 2894 2232 supplicio
2914 2162 3212 2217 veniebat.
3230 2165 3357 2218 Non
3379 2167 3580 2219 autem
3593 2164 3874 2235 quisquam
3885 2177 3958 2232 po-

2364 2247 2681 2304 testdicere
2695 2249 3152 2305 obdurationem
3176 2250 3339 2306 illam
3363 2248 3958 2307 cordisimmeritoacci-

2363 2337 2520 2392 disse
2554 2337 2870 2403 Pharaoni,
2907 2338 3010 2393 sed
3037 2338 3264 2409 judicio
3307 2339 3413 2395 Dei
3439 2341 3791 2396 retribuentis
3815 2339 3956 2393 incre—

2365 2426 2595 2482 dulitati
2645 2427 2774 2496 ejus
2819 2427 3086 2482 debitam
3133 2443 3405 2499 pcenam.
3438 2432 3563 2485 Non
3607 2444 3738 2498 ergo
3775 2428 3866 2482 hoc
3903 2424 3957 2480 illi

2369 2515 2889 2588 imputatur,quod
2906 2521 3042 2572 tunc
3055 2532 3175 2572 non
3190 2513 3959 2590 obtemperaret,quandoqui-

2371 2604 2508 2659 dem
2536 2604 2828 2660 obdurato
2851 2605 3028 2660 corde
3046 2606 3469 2678 obtemperare
3492 2623 3608 2663 non
3639 2610 3866 2678 poterat;
3885 2602 3958 2657 sed

2371 2693 2777 2765 quiadignum
2804 2709 2866 2749 se
2895 2694 3274 2765 prrebuit,cui
3307 2692 3956 2765 corobdurareturpriore

2369 2782 2734 2838 infidelitate.
2768 2782 2928 2838 Sicut
2956 2783 3114 2838 enim
3139 2783 3198 2838 in
3223 2783 3293 2839 iis
3313 2801 3474 2856 quos
3501 2785 3669 2855 elegit
3699 2785 3845 2847 Deus,
3871 2794 3957 2836 non

2370 2887 2552 2945 opera
2577 2871 2680 2926 sed
2707 2870 2856 2927 ﬁdes
2883 2871 3125 2928 inchoat
3153 2874 3657 2947 meritum,utper
3685 2887 3871 2930 munus
3891 2867 3958 2923 Dei

2369 2962 2523 3018 bene
2554 2965 2874 3032 operentur
2897 2982 2908 3016 :
2930 2961 3015 3017 sic
3036 2961 3095 3016 in
3121 2962 3211 3017 his
3239 2977 3400 3034 quos
3421 2963 3684 3027 damnat,
3709 2957 3960 3017 inﬁdelitas

2371 3056 2426 3107 et
2457 3050 2731 3120 impietas
2764 3049 3004 3106 inchoat
3033 3066 3226 3122 poenae
3261 3052 3567 3122 meritum,
3595 3056 3653 3106 ut
3679 3065 3769 3123 per
3813 3048 3959 3119 ipsam

2370 3156 2616 3213 pinnam
2663 3139 2843 3194 etiam
2876 3139 3030 3195 male
3077 3145 3405 3212 operentur
3438 3159 3451 3209 ;
3484 3143 3632 3198 sicut
3659 3147 3710 3197 et
3747 3136 3955 3209 superius

2370 3230 2529 3284 idem
2550 3227 2694 3283 dicit
2719 3227 3048 3299 apostolus,
3073 3228 3148 3284 Et
3175 3231 3459 3300 quoniam
3483 3247 3598 3288 non
3627 3226 3961 3300 probaverunt

2373 3319 2557 3374 Deum
2575 3320 2636 3373 in
2663 3317 2879 3373 notitia
2902 3317 3138 3382 habere,
3156 3319 3416 3374 tradidit
3442 3321 3577 3377 illos
3593 3321 3734 3376 Deus
3747 3318 3798 3372 in
3811 3325 3958 3381 repro-

2374 3407 2509 3462 bum
2544 3422 2800 3474 sensum,
2819 3412 2880 3461 ut
2905 3407 3140 3476 faciant
3168 3423 3296 3479 quae
3309 3424 3435 3465 non
3457 3409 3792 3466 conveniunt
3818 3404 3959 3471 (Rom.

2369 3504 2403 3559 ι,
2433 3499 2545 3565 28).
2573 3497 2946 3567 Quapropter
2967 3497 3046 3552 ita
3059 3497 3362 3552 concludit
3391 3497 3722 3571 Apostolus,
3748 3495 3876 3563 Ergo
3893 3488 3962 3545 cui

2373 3586 2500 3641 vult
2525 3585 2856 3650 miseretur,
2889 3591 2942 3641 et
2973 3601 3143 3656 quem
3191 3588 3317 3641 vult
3349 3587 3628 3643 obdurat.
3663 3586 3819 3655 Cujus
3842 3578 3959 3635 enim

2372 3673 2702 3736 miseretur,
2735 3672 2874 3729 facit
2894 3689 3033 3728 eum
3059 3673 3210 3729 bene
3242 3676 3483 3746 operari
3502 3695 3522 3748 ;
3555 3680 3609 3732 et
3632 3687 3795 3746 quem
3819 3664 3962 3724 obdu-

2371 3767 2482 3828 rat,
2499 3761 2775 3834 relinquit
2787 3777 2924 3816 eum
2940 3767 3004 3817 ut
3018 3763 3170 3818 male
3186 3765 3606 3835 operetur.Sed
3625 3769 3677 3819 et
3689 3762 3776 3816 illa
3790 3753 3961 3813 miseri-

2371 3852 2577 3906 cordia
2605 3850 2964 3922 praecedenti
2985 3851 3197 3908 merito
3219 3851 3355 3907 ﬁdei
3393 3853 3686 3918 tribuitur,
3707 3853 3757 3906 et
3776 3849 3869 3903 ista
3886 3840 3960 3898 ob-

2371 3939 2608 3996 duratio
2639 3939 2991 4011 praecedenti
3015 3939 3308 4011 impietati
3333 3943 3419 4013 (a)
3439 3948 3529 3997 :ut
3545 3949 3598 3997 et
3619 3941 3767 3997 bona
3785 3950 3872 4009 per
3884 3932 3962 3986 do-

2371 4044 2518 4084 num
2553 4029 2647 4083 Dei
2678 4044 3017 4099 operemur,
3053 4034 3109 4084 et
3130 4028 3292 4085 mala
3318 4046 3429 4102 per
3456 4029 3797 4102 supplicium
3824 4043 3834 4088 ς
3859 4032 3961 4076 cum

2372 4123 2567 4172 tamen
2584 4116 2811 4172 homini
2827 4132 2946 4172 non
2963 4116 3538 4175 auferaturliberum
3554 4107 3962 4174 voluntatisarbi-

2370 4206 2572 4271 trium,
2594 4205 2719 4261 sive
2755 4205 2831 4262 ad
2863 4206 3229 4262 credendum
3258 4205 3380 4263 Deo
3411 4213 3474 4263 ut
3496 4208 3960 4279 consequaturnos

2371 4295 2798 4360 misericordia,
2845 4297 2968 4350 sive
3005 4296 3082 4351 ad
3133 4295 3504 4368 impietatem
3539 4303 3599 4353 ut
3628 4294 3962 4363 consequatur

2370 4384 2898 4457 supplicium.Qua
2929 4385 3314 4441 conclusione
3342 4385 3524 4452 illata,
3555 4385 3720 4441 infert
3741 4376 3961 4452 quaestio-

2368 4490 2508 4530 nem
2563 4479 2853 4545 tanquam
2908 4490 2943 4529 a
2981 4475 3452 4531 contradicente.
3487 4477 3576 4531 Ait
3622 4473 3767 4529 enim
3797 4486 3808 4522 :
3840 4463 3960 4520 Dicis

2368 4563 2570 4634 itaque
2589 4563 2754 4626 mihi,
2782 4563 2936 4630 Quid
2956 4564 3156 4620 adhuc
3178 4566 3568 4636 conqueritur
3590 4569 3614 4610 ί)
3639 4577 3766 4617 nam
3795 4557 3961 4613 votun-

2369 4654 2483 4708 tati
2511 4654 2636 4721 ejus
2666 4652 2795 4722 quis
2828 4651 3086 4708 resistit?
3111 4653 3212 4708 Cui
3245 4649 3758 4726 saneinquisitioni
3784 4648 3854 4702 sic
3874 4656 3959 4697 res-

2367 4741 2608 4813 pondet,
2639 4746 2702 4796 ut
2733 4741 3130 4811 intelligamus
3165 4743 3574 4814 spiritualibus
3621 4742 3770 4804 viris,
3795 4734 3956 4804 etjam

2367 4845 2486 4886 non
2515 4830 2846 4885 secundum
2881 4837 3177 4886 terrenum
3206 4831 3515 4888 hominem
3543 4828 3863 4887 viventibus,
3885 4835 3955 4892 Pa'

2369 4924 2484 4974 tere
2499 4934 2673 4990 pOSSe
2687 4919 2882 4990 prima
2906 4921 3113 4976 merita
3138 4919 3275 4976 fidei
3289 4921 3691 4993 etimpietatis,
3705 4908 3956 4988 quomodo

2368 5009 2522 5063 Deus
2539 5007 2818 5079 praescius
2840 5007 3017 5078 eligat
3038 5009 3380 5075 credituros,
3408 5015 3466 5065 et
3493 4995 3963 5065 damnetincredu-

2365 5096 2487 5164 10$;
2521 5112 2629 5152 nec
2653 5097 2783 5152 illos
2805 5113 2876 5151 ex
2902 5097 3184 5169 operibus
3207 5098 3456 5168 eligens,
3487 5114 3592 5154 nec
3621 5097 3754 5151 istos
3781 5106 3838 5146 ex
3854 5099 3956 5156 ope-

2366 5185 2531 5241 ribus
2561 5185 2857 5241 damnans
2882 5203 2894 5252 ;
2925 5186 3028 5240 sed
3047 5186 3282 5242 illorum
3308 5186 3444 5242 ﬁdei
3464 5193 3740 5259 prmstans
3762 5184 3814 5235 ut
3838 5176 3956 5231 bene

2367 5279 2706 5346 operentur,
2739 5278 2794 5329 et
2825 5274 3073 5330 istorum
3105 5275 3467 5345 impietatem
3500 5274 3790 5331 obdurans
3825 5265 3956 5319 dese-

2365 5365 2570 5427 rendo,
2604 5363 2831 5419 utmale
2861 5365 3324 5435 operentur.Qui
3351 5364 3634 5435 quoniam
3664 5355 3954 5416 intellectus,

2367 5457 2430 5508 ut
2459 5453 2597 5520 dixi,
2631 5452 3036 5524 spiritualibus
3065 5457 3244 5525 patet,
3300 5469 3336 5509 a
3363 5451 3588 5508 carnali
3619 5454 3798 5506 autem
3843 5455 3954 5513 pru-

2429 5619 2601 5684 (a)De
2635 5619 2828 5684 hocet
2861 5620 3226 5684 superioribus
3259 5620 3386 5672 locis
3423 5619 3528 5674 vid.
3561 5617 3772 5669 Retract.
3818 5607 3895 5660 lib.
3921 5605 3953 5657 1,

2367 5682 2588 5748 θαμὶϐ,
2620 5695 2714 5734 nn.
2745 5683 2790 5742 3,
2815 5684 2864 5735 4.
