4164 6184
196 195 331 259 2081

193 325 400 383 dentia
427 324 605 394 longe
633 327 898 380 remotus
928 327 1036 389 est,
1068 323 1154 379 sic
1183 322 1391 380 refellit
1421 325 1844 397 inquirentem,

194 413 628 486 utintelligatse
650 413 950 485 deponere
962 413 1178 468 debere
1200 414 1364 484 prius
1388 415 1695 470 hominem
1718 414 1844 480 luti,

192 511 258 564 ut
285 505 402 562 ista
432 519 539 576 per
563 503 837 575 spiritum
877 502 1229 572 investigare
1273 511 1586 560 mereatur.
1622 506 1846 576 Itaque,

195 594 413 667 inquit,
435 593 482 649 0
495 591 667 648 homo
680 599 743 647 tu
756 591 886 663 quis
903 607 980 657 es,
995 591 1098 663 qui
1117 593 1474 661 respondeas
1494 594 1615 649 Deo
1627 593 1850 651 ‘?Num-

189 685 337 757 quid
357 683 502 740 dicit
525 683 871 752 ﬁgmentum
900 682 953 737 ei
978 680 1082 752 qui
1109 696 1168 736 se
1195 681 1397 750 ﬁnxit,
1434 683 1630 750 Quare
1649 685 1735 739 sic
1760 698 1850 740 me

189 773 444 845 fecisti?
473 772 694 826 Annon
726 770 899 827 habet
940 776 1287 839 potestatem
1329 771 1556 841 ﬁgulus
1598 772 1730 837 luti,
1775 787 1851 828 ex

191 863 395 921 eadem
425 858 837 930 conspersione
857 874 958 916 vas
978 860 1390 929 facere,aliud
1410 860 1644 931 quidem
1668 862 1727 917 in
1751 861 1852 917 ho-

191 967 420 1020 norem,
450 949 622 1007 aliud
652 951 711 1004 in
741 949 1158 1004 contumeliam
1190 948 1217 1002 ‘l
1256 947 1552 1013 Quamdiu
1597 948 1848 1018 ﬁgmen-

190 1046 320 1098 tum
339 1055 424 1106 es,
442 1038 655 1111 inquit,
680 1037 826 1092 etad
841 1053 1112 1094 massam
1137 1036 1242 1093 luti
1263 1037 1543 1108 pertines.
1574 1038 1848 1095 nondum

189 1129 517 1202 perductus
552 1126 630 1183 ad
676 1126 1028 1199 spiritualia,
1065 1133 1126 1181 ut
1156 1127 1236 1182 sis
1281 1126 1599 1198 spiritualis
1643 1129 1850 1184 omnia

185 1220 492 1291 judicans,
522 1224 577 1272 et
599 1232 636 1272 a
659 1215 898 1272 nemine
915 1215 1218 1286 judiceris,
1241 1215 1524 1272 oohibeas
1551 1222 1602 1272 te
1619 1222 1852 1288 oportet

188 1307 274 1364 ab
303 1304 652 1379 hujusmodi
677 1304 1081 1376 inquisitione,
1108 1308 1299 1360 etnon
1318 1304 1684 1376 respondeas
1708 1306 1847 1362 Deo.

188 1396 374 1466 Cujus
390 1394 713 1451 consilium
729 1392 866 1464 quis
884 1393 1033 1448 scire
1055 1393 1322 1465 cupiens,
1342 1397 1575 1465 oportet
1598 1397 1660 1449 ut
1682 1395 1847 1466 prius

187 1485 252 1540 in
283 1484 334 1555 ej
346 1500 415 1539 us
440 1482 764 1538 amicitiam
794 1482 1144 1554 recipiatur:
1178 1482 1345 1554 quod
1365 1484 1710 1553 contingere
1732 1483 1848 1540 nisi

184 1571 598 1646 spiritualibus
613 1587 734 1628 non
748 1575 962 1643 potest,
973 1571 1101 1642 jam
1117 1571 1494 1643 portantibus
1514 1572 1841 1643 imaginem

185 1662 447 1720 caelestis
472 1661 766 1727 hominis;
789 1662 913 1717 Jam
937 1661 1098 1717 enim
1129 1660 1337 1734 inquit,
1367 1678 1485 1718 non
1518 1677 1619 1718 vos
1648 1662 1846 1719 dicam

186 1768 413 1818 servos,
438 1752 541 1809 sed
558 1750 808 1808 amicos:
829 1749 1027 1806 omnia
1040 1750 1191 1807 enim
1215 1766 1347 1822 quae
1372 1751 1579 1808 audivi
1598 1767 1636 1809 a
1665 1754 1852 1808 Patre

187 1848 494 1911 meo,nota
514 1839 638 1910 feci
658 1839 817 1896 vobis
841 1839 1037 1909 (Joan.
1063 1855 1160 1906 xv,
1188 1841 1296 1910 15).
1324 1841 1624 1906 Quamdiu
1647 1841 1852 1913 itaque

186 1947 303 1988 vas
316 1930 492 1985 ﬁctile
510 1946 592 1995 es,
623 1929 1052 1984 conterendum
1075 1932 1159 1983 est
1181 1928 1294 1984 hoc
1318 1930 1520 2001 ipsum
1537 1931 1596 1984 in
1623 1935 1674 1986 te
1687 1931 1853 2002 prius

187 2021 369 2090 virga
399 2019 497 2075 illa
527 2018 737 2086 ferrea,
784 2019 857 2072 de
887 2033 1010 2088 qua
1041 2017 1264 2073 dictum
1298 2024 1402 2084 est,
1437 2020 1618 2090 Reges
1649 2035 1742 2076 eos
1790 2019 1852 2075 in

187 2109 367 2179 virga
376 2108 601 2178 ferrea,
619 2113 671 2163 et
687 2113 969 2176 tanquam
984 2121 1084 2161 vas
1092 2106 1270 2176 ﬁguli
1284 2114 1548 2165 conteres
1561 2124 1653 2166 eos
1667 2107 1856 2180 (Psal,

191 2215 255 2263 ιι,
273 2199 330 2270 9)
357 2214 368 2252 :
387 2202 450 2253 ut
462 2200 740 2268 corrupto
752 2195 1039 2251 exteriore
1056 2195 1318 2261 homine,
1335 2201 1392 2253 et
1403 2197 1678 2255 interiore
1692 2217 1855 2258 reno-

184 2294 358 2355 vato,
381 2286 580 2358 possis
601 2287 660 2340 in
683 2285 968 2340 charitate
992 2285 1292 2341 radicatus
1313 2292 1366 2342 et
1388 2287 1669 2345 fundatus
1695 2307 1855 2348 com-

184 2373 973 2449 prehenderelatitudinem,
987 2374 1442 2444 longitudinem,
1459 2377 1850 2446 altitudinem,

187 2470 248 2522 et
277 2463 666 2538 profundum,
710 2477 1070 2534 cognoscere
1099 2465 1276 2520 etiam
1311 2467 1852 2536 supereminentem

187 2554 508 2610 scientiam
559 2551 864 2609 cbaritatis
907 2553 1004 2607 Dei
1048 2553 1285 2622 (Ep/ws.
1321 2570 1396 2620 Ill,
1454 2558 1852 2626 t6-19).Nunc

184 2644 401 2715 itaque
417 2658 555 2698 cum
568 2658 636 2698 ex
653 2641 865 2697 eadem
883 2643 1303 2713 conspersione
1330 2646 1478 2700 Deus
1495 2645 1612 2702 alia
1633 2662 1777 2702 vasa
1791 2648 1851 2702 in

183 2732 487 2789 honorem
501 2730 1443 2800 facit,aliaincontumeliam,non
1457 2739 1722 2790 esttuum
1736 2736 1852 2791 dis-

186 2827 415 2886 cutere,
471 2820 747 2892 quisquis
790 2820 1119 2875 secundum
1170 2821 1328 2877 hanc
1366 2825 1849 2895 conspersionem

188 2910 400 2969 adhuc
441 2910 613 2976 vivis,
664 2908 725 2964 id
770 2913 877 2974 est,
931 2913 1163 2966 terreno
1214 2926 1393 2966 sensu
1432 2917 1489 2967 et
1537 2914 1852 2970 carnaliter

188 3016 387 3072 sapis.

271 3122 450 3179 LXIII.
466 3119 578 3194 [1b.
594 3136 670 3187 ix,
693 3118 809 3193 22.]
827 3120 996 3186 Quod
1011 3124 1209 3177 autem
1225 3122 1325 3188 ait,
1341 3124 1388 3178 A
1401 3124 1564 3180 ttulit
1576 3124 1639 3180 in
1661 3126 1851 3182 multa

181 3211 489 3284 patientia
512 3225 654 3267 vasa
665 3210 924 3281 irae,quae
933 3210 1202 3279 perfecta
1214 3219 1350 3267 sunt
1363 3212 1425 3267 in
1433 3214 1848 3282 perditionem,

182 3303 334 3359 hinc
362 3301 505 3356 satis
534 3300 885 3371 signiﬁcavit
913 3299 1365 3356 obdurationem
1399 3303 1596 3358 cordis
1624 3319 1757 3376 quae
1789 3305 1850 3360 in

185 3392 505 3448 Pharaone
530 3388 686 3445 facta
707 3393 813 3455 est,
829 3404 900 3445 ex
914 3388 1140 3444 meritis
1158 3390 1392 3447 venisse
1411 3393 1656 3448 occultae
1678 3408 1850 3465 supe-

184 3481 369 3538 rioris
400 3478 720 3550 impietatis
749 3493 761 3532 :
793 3493 978 3550 quam
1014 3485 1210 3534 tamen
1252 3482 1535 3551 patienter
1574 3483 1850 3538 sustinuit

185 3569 374 3636 Deus,
403 3568 596 3624 donec
618 3567 693 3622 ad
711 3566 856 3622 illud
889 3571 1125 3639 tempus
1138 3569 1578 3641 perduceretur,
1597 3587 1719 3644 quo
1743 3587 1847 3643 op-

184 3657 522 3732 portunein
535 3671 674 3711 eum
689 3655 946 3712 vindicta
960 3657 1408 3727 procederet,ad
1421 3661 1848 3717 correctionem

184 3762 403 3805 eorum
425 3760 576 3818 quos
593 3744 672 3800 ab
688 3760 884 3801 errore
908 3745 1242 3803 instituerat
1263 3747 1536 3814 liberare,
1557 3755 1614 3805 et
1639 3749 1716 3805 ad
1729 3750 1851 3805 cul-

185 3841 317 3894 tum
369 3850 544 3890 suum
579 3834 797 3906 pietate
828 3833 1099 3891 vocando
1137 3837 1522 3907 perduceret,
1564 3838 1845 3908 precibus

185 3939 404 3983 eorum
433 3928 488 3979 et
518 3923 836 3994 gemitibus
867 3939 1045 3995 opem
1077 3926 1372 3996 praebens.

262 4050 441 4106 LXIV.
473 4047 583 4121 [1b.
617 4063 697 4113 Ix,
729 4050 817 4113 24,
845 4047 962 4120 25.]
997 4049 1168 4113 Quod
1208 4054 1409 4107 autem
1449 4051 1549 4117 ait,
1586 4051 1740 4119 Quos
1795 4059 1849 4109 et

184 4138 425 4197 vocavit
453 4153 578 4201 nos,
606 4152 725 4194 non
737 4138 928 4193 solum
950 4152 1024 4194 ex
1039 4139 1281 4206 Judxis,
1296 4141 1397 4196 sed
1417 4142 1593 4197 etiam
1610 4157 1683 4198 ex
1705 4142 1846 4199 Gen-

175 4229 348 4290 tibus
361 4249 381 4285 .-
402 4229 551 4284 sicut
566 4226 692 4282 etin
710 4226 848 4283 Osee
858 4227 1024 4295 dicit,
1045 4227 1256 4283 Vocabo
1269 4244 1388 4284 non
1397 4232 1622 4298 plebem
1636 4247 1846 4299 meam,

178 4319 420 4390 plebem
440 4331 646 4385 meam,
663 4321 796 4380 etc.,
813 4316 988 4371 totius
1000 4315 1181 4388 hujus
1193 4317 1614 4390 disputationis
1627 4337 1847 4393 propo-

188 4407 377 4464 situm
393 4405 470 4461 ad
489 4405 604 4460 hoc
618 4404 905 4476 perducit,
923 4410 983 4461 ut
995 4406 1286 4477 quoniam
1303 4408 1503 4465 docuit
1521 4411 1849 4466 misericor-

186 4495 310 4553 diae
332 4493 430 4550 Dei
447 4509 577 4549 esse
601 4493 763 4565 quod
780 4493 934 4549 bene
951 4509 1293 4565 operamur,
1310 4512 1432 4553 non
1454 4503 1741 4571 tanquam
1775 4515 1848 4554 ex

183 4582 476 4656 operibus
489 4584 516 4636 J
525 4582 676 4638 ιιόωί
689 4582 1034 4653 glorientur,
1049 4585 1301 4656 quicum
1315 4588 1703 4660 Evangelium
1722 4604 1848 4660 per-

184 4672 518 4744 cepissent,
534 4677 824 4746 tanquam
838 4671 1061 4728 meritis
1076 4674 1198 4728 suis
1219 4674 1278 4729 id
1293 4675 1677 4734 tribuendum
1694 4679 1848 4733 exis-

183 4764 492 4826 timantes,
524 4760 807 4816 nolebant
837 4762 1118 4818 Gentibus
1144 4763 1274 4818 dari
1305 4782 1317 4816 :
1347 4781 1383 4821 a
1408 4781 1531 4838 qua
1561 4768 1846 4839 superbia

179 4851 314 4924 jam
343 4851 565 4906 debent
585 4849 883 4916 desistere,
909 4851 1300 4923 intelligentes
1331 4856 1620 4926 quoniam
1650 4859 1697 4912 si
1721 4874 1843 4915 non

183 4956 260 4997 ex
276 4938 582 5013 operibus,
604 4939 707 4994 sed
721 4940 1127 4998 misericordia
1146 4944 1243 4998 Dei
1264 4959 1552 5001 vocamur
1568 4948 1844 5006 utoreda-

183 5046 352 5094 mus,
387 5035 440 5084 et
472 5028 852 5084 credentibus
883 5035 1195 5100 praestatur
1227 5038 1288 5088 ut
1317 5032 1468 5088 bene
1499 5050 1842 5106 operemur,

183 5133 314 5175 non
347 5123 436 5174 est
461 5117 744 5173 Gentibus
787 5117 900 5174 ista
929 5119 1254 5176 invidenda
1300 5122 1712 5181 misericordia
1742 5127 1842 5198 (α),

182 5209 365 5280 quasi
394 5205 640 5278 praelato
663 5206 870 5263 merito
899 5207 1265 5274 Iudaeorum,
1291 5212 1457 5282 quod
1482 5213 1714 5270 nullum
1737 5221 1844 5271 est.

267 5323 418 5377 LXV.
450 5322 554 5393 [lb,
589 5337 667 5391 ιχ,
690 5321 804 5396 27.]
835 5323 1003 5388 Quod
1027 5329 1225 5380 autem
1253 5326 1410 5391 dicit,
1443 5329 1624 5386 Isaias
1647 5338 1844 5389 autem

184 5410 419 5468 clamat
445 5425 558 5479 pro
574 5410 778 5480 Israel,
805 5413 873 5469 Si
888 5413 1072 5483 fuerit
1089 5419 1644 5486 numerus/ﬁliorum
1657 5421 1850 5479 Israel

253 5595 481 5676 f-I‘iostjri
511 5611 698 5676 omnes
741 5595 888 5659 Mss.,
921 5605 965 5650 et
1006 5602 1071 5652 ad
1097 5602 1289 5654 cultum
1322 5619 1471 5656 suum
1503 5607 1851 5676 pietatemque

183 5661 480 5713 morando
511 5662 802 5722 perducere.

254 5723 331 5788 (α)
365 5723 643 5777 lRetract.
673 5738 789 5791 cap.
812 5725 957 5786 23,n.
988 5727 1040 5780 ι.

1695 191 2096 256 EXPOSITIO.

3459 190 3601 254 2082

1953 322 2122 393 quasi
2148 334 2334 376 arena
2364 318 2568 384 maris,
2613 318 2879 389 reliquiae
2925 320 3106 375 salvx
3149 321 3312 387 ﬁent,
3347 325 3607 379 ostendit

1956 408 2475 481 quemadmodum
2498 407 2571 461 sit
2597 406 2916 478 Deuslapis
2934 407 3262 477 angularis,
3293 417 3611 483 utrumque

1959 499 2240 570 parietem
2262 496 2323 552 in
2350 511 2410 551 se
2432 497 2802 566 conjungens
2827 496 3071 567 (Ep/tes.
3103 514 3162 564 ιι,
3187 498 3296 569 20).
3323 501 3612 557 Testimo-

1959 588 2126 643 nium
2154 587 2310 642 enim
2335 587 2480 642 Osee
2505 585 2810 657 prophetae
2827 586 3051 641 dictum
3074 592 3160 642 est
3176 602 3282 658 pro
3303 589 3610 656 Gentibus,

1971 676 2196 733 Vocabo
2213 691 2331 732 non
2342 675 2571 744 plebem
2602 689 2808 741 meam,
2837 675 3065 743 plebem
3097 684 3374 741 meam,et
3389 694 3504 734 non
3525 679 3614 733 di-

1962 766 2488 834 lectam,dilectam
2510 765 2671 834 (Osee
2695 780 2755 829 ιι,
2786 764 2875 835 24)
2896 781 2908 830 ;
2932 771 2986 820 et
3015 767 3177 821 Isaiae
3201 768 3608 826 testimonium

1959 856 2184 911 dictum
2198 859 2283 909 est
2308 869 2413 926 pro
2437 853 2633 919 Israel,
2656 853 2948 917 Quoniam
2969 855 3236 926 reliquiae
3261 857 3442 911 salvae
3465 858 3611 925 ﬁent

1958 943 2121 1014 (Isai.
2155 960 2210 1008 χ,
2243 943 2353 1011 2'2),
2386 947 2446 997 ut
2476 941 2620 1012 ipsae
2647 941 3003 1011 deputentur
3028 942 3087 995 in
3110 957 3312 997 semen
3335 944 3610 1012 Abrahae,

1957 1048 2093 1104 quae
2119 1030 2494 1087 crediderunt
2517 1033 2576 1084 in
2601 1029 2923 1085 Christum:
2945 1031 3026 1085 ita
3043 1032 3371 1088 concordes
3395 1033 3612 1089 ambos

1957 1121 2215 1194 populos
2270 1119 2426 1185 facit,
2460 1118 2794 1174 secundum
2826 1124 2880 1174 et
2923 1119 3156 1174 Domini
3208 1123 3614 1179 testimonium

1957 1210 2204 1267 dicentis
2235 1208 2294 1263 in
2313 1207 2628 1276 Evangelio
2652 1207 2725 1262 de
2747 1208 3048 1272 Gentibus,
3082 1209 3281 1265 Habeo
3308 1211 3458 1266 alias
3483 1227 3616 1268 oves

1960 1315 2089 1373 qux
2113 1315 2233 1355 non
2244 1304 2380 1355 sunt
2395 1298 2466 1354 de
2479 1297 2587 1352 hoc
2598 1296 2759 1360 ovili,
2785 1298 3173 1367 quasjoportet
3189 1315 3277 1355 me
3289 1301 3613 1373 adducere;

1956 1397 2011 1448 et
2041 1389 2152 1446 erit
2183 1404 2335 1444 unus
2365 1402 2536 1457 grex,
2571 1393 2624 1442 et
2657 1401 2809 1441 unus
2834 1393 3042 1454 pastor
3073 1389 3266 1452 (Joan.
3302 1405 3358 1455 x,
3396 1391 3505 1460 16).

2027 1477 2206 1534 LXVI.
2237 1476 2345 1548 [1b.
2374 1492 2433 1544 x,
2471 1473 2546 1548 I.]
2573 1475 2744 1539 Quod
2765 1479 2962 1530 autem
3007 1475 3106 1545 ait,
3153 1478 3413 1543 Fratres,
3466 1477 3617 1535 bona

1957 1568 2234 1624 voluntas
2255 1565 2450 1622 cordis
2491 1566 2606 1620 mei
2646 1568 2698 1620 et
2723 1564 3059 1633 deprecatio
3083 1565 3164 1621 ad
3202 1566 3389 1622 Deum
3409 1567 3468 1636 ﬁt
3513 1584 3613 1636 pro

1957 1657 2082 1712 illis
2120 1657 2184 1711 in
2202 1657 2454 1711 salutem
2472 1676 2491 1724 ,-
2511 1653 2778 1726 hincjam
2816 1653 3018 1724 incipit
3038 1653 3112 1709 de
3134 1669 3238 1725 spe
3263 1656 3611 1711 Iudaeorum

1957 1746 2142 1818 loqui,
2170 1762 2242 1801 ne
2271 1745 2450 1800 etiam
2482 1746 2692 1799 Gentes
2709 1743 3019 1814 superbire
3041 1744 3303 1799 audeant
3325 1744 3614 1800 adversus

1957 1835 2187 1891 Iudaeos
2211 1852 2224 1900 ;
2259 1835 2421 1890 Sicut
2441 1833 2600 1888 enim
2621 1832 2962 1887 Iudaeorum
2994 1833 3276 1903 superbia
3288 1833 3612 1890 refellenda

1961 1930 2086 1980 erat
2114 1930 2401 1995 tanquam
2433 1938 2503 1977 ex
2521 1921 2804 1992 operibus
2820 1921 3202 1990 gloriantium
3219 1938 3232 1986 ;
3250 1922 3333 1976 sic
3351 1928 3406 1978 et
3421 1921 3615 1978 Genti—

1961 2013 2075 2070 bus
2103 2011 2539 2069 occurrendum
2567 2016 2674 2079 est,
2708 2026 2781 2065 ne
2814 2015 3104 2081 tanquam
3138 2010 3361 2067 Judaeis
3388 2011 3615 2083 praelati

1962 2101 2328 2174 superbiant.

2034 2191 2231 2258 LXVII.
2255 2190 2362 2258 [Ib.
2395 2205 2452 2259 x,
2479 2187 2838 2259 8-t0.]Quod
2853 2191 3050 2242 autem
3070 2187 3233 2258 dicit,
3267 2209 3290 2238 α
3326 2189 3515 2262 Prope
3530 2195 3616 2248 est

1961 2277 2214 2333 verbum
2245 2276 2305 2330 in
2331 2289 2431 2329 ore
2461 2280 2580 2339 tuo,
2607 2280 2662 2328 et
2681 2275 2742 2327 in
2768 2272 3224 2338 cordetuo;hoc
3245 2280 3335 2328 est
3366 2274 3613 2331 verbum

1961 2365 2101 2421 ﬁdei
2129 2364 2292 2437 quod
2326 2363 2760 2434 praedicamus:
2795 2361 2938 2432 quia
2969 2360 3016 2415 si
3059 2361 3394 2418 confitearis
3425 2364 3484 2418 in
3512 2379 3613 2420 ore

1963 2460 2063 2511 tuo
2085 2453 2229 2526 quia
2257 2451 2542 2507 Dominus
2571 2456 2659 2506 est
2686 2452 2880 2515 Jesus,
2909 2455 2965 2506 et
2994 2450 3312 2506 credideris
3345 2452 3402 2506 in
3435 2453 3614 2509 corde

1963 2549 2058 2600 tuo
2088 2543 2231 2614 quia
2249 2540 2576 2597 Deusillum
2592 2539 2898 2595 suscitavit
2913 2555 2948 2595 a
2962 2540 3232 2606 mortuis,
3263 2540 3460 2596 salvus
3478 2541 3611 2598 eris.

1963 2631 2148 2690 Corde
2166 2631 2324 2686 enim
2341 2629 2595 2686 creditur
2607 2627 3013 2698 adjustitiam,
3029 2644 3130 2684 ore
3152 2635 3351 2685 autem
3385 2629 3615 2686 confes-

1961 2722 2049 2777 sio
2074 2720 2141 2776 ﬁt
2165 2720 2225 2776 in
2248 2720 2499 2775 salutem
2526 2737 2588 2787 ;»
2614 2723 2770 2773 totus
2799 2717 2894 2772 hic
2915 2717 3082 2773 locus
3107 2719 3184 2773 ad
3207 2718 3350 2774 illud
3367 2719 3616 2775 refertur

1960 2811 2125 2883 quod
2151 2809 2426 2882 superius
2459 2808 2620 2869 dixit,
2664 2807 2910 2863 Verbum
2944 2807 3096 2863 enim
3127 2823 3541 2865 consummans
3563 2816 3615 2865 et

1963 2899 2229 2955 brevians
2246 2897 2429 2968 faciet
2455 2898 2738 2952 Dominus
2767 2911 2946 2965 super
2966 2900 3183 2954 terram
3203 2898 3384 2968 (Rom.
3411 2915 3479 2968 1x,
3500 2899 3612 2970 28).

1962 2988 2222 3044 Remotis
2262 2987 2422 3042 enim
2474 2985 3015 3041 innumerabilibus
3069 2992 3126 3041 et
3184 2987 3614 3059 multiplicibus

1961 3077 2347 3134 sacramentis
2363 3075 2584 3148 quibus
2608 3075 2636 3128 .I
2647 3074 2896 3129 udaicus
2917 3075 3174 3146 populus
3208 3077 3614 3149 premebatur,

1958 3183 2064 3239 per
2082 3165 2553 3222 misericordiam
2588 3163 2682 3219 Dei
2708 3162 2930 3219 factum
2962 3168 3052 3218 est
3079 3166 3443 3223 utbrevitate
3471 3182 3614 3225 con-

1959 3256 2229 3312 fessionis
2264 3253 2403 3309 ﬁdei
2433 3253 2509 3310 ad
2540 3252 2791 3308 salutem
2848 3253 3316 3323 perveniremus.

2028 3335 2267 3391 LXVIII.
2300 3333 2410 3407 [1b.
2440 3350 2496 3404 x,
2523 3332 2632 3406 I9.]
2655 3332 2824 3398 Quod
2847 3338 3046 3388 autem
3078 3333 3236 3399 dicit,
3277 3335 3613 3392 secundum

1956 3424 2367 3482 testimonium
2399 3423 2605 3495 Moysi,
2638 3423 2761 3492 Ego
2782 3422 2862 3478 ad
2891 3423 3316 3479 aemulationem
3349 3440 3446 3480 vos
3477 3440 3616 3494 per-

1956 3515 2171 3571 ducam
2203 3515 2265 3570 in
2280 3529 2397 3569 non
2410 3518 2631 3583 gentem
2649 3533 2671 3582 ;
2685 3513 2747 3566 in
2759 3519 2971 3582 gentem
2983 3510 3349 3581 insipientem
3363 3513 3613 3571 irritabo

1955 3619 2072 3672 vos,
2094 3602 2348 3658 dicendo
2393 3607 2614 3672 gentem
2640 3600 3033 3670 insipientem,
3063 3603 3329 3673 exposuit
3357 3603 3506 3674 quid
3527 3604 3615 3659 di-

1955 3694 2123 3757 xerit,
2138 3691 2201 3747 in
2218 3707 2336 3747 non
2348 3696 2577 3761 gentem
2589 3690 2796 3762 .‘quasi
2809 3689 2968 3762 quod
2984 3705 3090 3745 nec
3106 3705 3251 3759 gens
3264 3690 3521 3749 dicenda
3540 3694 3614 3750 sit

1955 3796 2091 3853 quae
2106 3780 2390 3851 insipiens
2404 3784 2512 3835 est.
2527 3782 2600 3834 De
2615 3778 2785 3850 cujus
2800 3783 3000 3834 tamen
3013 3779 3130 3836 ﬁde
3145 3779 3499 3837 irritandum
3520 3783 3611 3838 di-

1956 3871 2032 3927 cit
2052 3869 2345 3943 populum
2383 3869 2719 3938 Iudaicum,
2761 3868 2904 3940 quia
2960 3867 3040 3923 illi
3084 3868 3614 3940 apprehenderunt

1955 3960 2119 4032 quod
2133 3959 2225 4014 isti
2242 3962 2615 4029 respuerunt.
2636 3957 2727 4012 Vel
2742 3963 2894 4013 certe
2906 3957 2969 4013 in
2990 3973 3109 4013 non
3126 3965 3377 4028 gentem,
3395 3960 3455 4016 in
3472 3976 3611 4032 gen-

1955 4052 2065 4105 tem
2081 4047 2771 4119 insipientem;quiacum
2786 4049 2944 4101 esset
2955 4062 3098 4119 gens
3113 4047 3399 4119 insipiens
3415 4051 3613 4106 omnis

1954 4137 2214 4209 populus
2233 4136 2394 4192 idola
2432 4137 2654 4200 colens,
2673 4139 2875 4190 tamen
2898 4135 3284 4205 gentilitatem
3311 4139 3612 4195 credendo

1953 4226 2248 4298 deposuit.
2269 4224 2586 4281 Undeillud
2615 4225 2794 4279 etiam
2815 4228 2938 4279 est:
2963 4223 3021 4278 Si
3041 4225 3232 4293 igitur
3247 4225 3609 4295 prxputium

1942 4316 2211 4386 justitias
2240 4315 2402 4385 Legis
2432 4313 2746 4378 custodiat,
2778 4327 2978 4368 nonne
3011 4316 3370 4382 praeputium
3403 4315 3529 4384 ejus
3546 4314 3608 4370 in

1953 4402 2787 4472 circumcisionedeputabitur
2816 4402 2928 4472 (1d.
2957 4419 3012 4466 ιι,
3033 4401 3164 4470 26)?
3189 4404 3255 4457 Ut
3277 4402 3458 4458 sithic
3481 4419 3611 4459 sen-

1955 4508 2097 4549 sus:
2129 4493 2249 4562 Ego
2279 4494 2338 4548 in
2371 4491 2812 4546 aemulationem
2847 4505 2952 4545 vos
3008 4489 3312 4545 adducam
3364 4492 3424 4546 in
3473 4507 3607 4549 eam

1951 4598 2086 4655 qua:
2129 4597 2249 4637 non
2282 4596 2427 4651 gens
2458 4579 2615 4634 facta
2635 4583 2747 4642 est,
2797 4577 3156 4649 deponendo
3219 4580 3607 4649 gentilitatem

1950 4687 2057 4744 per
2086 4670 2268 4725 ﬁdem
2288 4667 2671 4731 Christi,cum
2693 4665 3058 4736 fuissetgens
3091 4667 3380 4740 insipiens
3413 4669 3611 4726 colen-

1947 4758 2318 4908 ἀοιῖιῗέῗίιι).
2333 4853 2410 4902 xx,
2427 4836 2451 4890 1
2468 4833 2595 4908 1.]10
2607 4835 2724 4892 uod
2737 4840 2936 4893 autem
2949 4836 3047 4902 ait,
3067 4834 3377 4909 Numquid
3389 4839 3610 4908 repulit

1949 4930 2103 4985 Deus
2131 4928 2356 4996 plebem
2385 4941 2552 4982 suam
2574 4924 2601 4980 ‘l
2630 4926 2820 4981 Absit.
2863 4925 3018 4982 Nam
3048 4931 3100 4982 et
3157 4942 3262 4996 ego
3327 4929 3603 4985 Israelita

1948 5019 2198 5084 sum,fex
2223 5016 2439 5073 semine
2461 5015 2793 5085 Abraham,
2821 5015 2892 5072 de
2923 5015 3077 5071 tribu
3141 5015 3473 5087 Benjamin,
3529 5015 3606 5073 ad

1947 5106 2063 5162 hoc
2089 5106 2334 5160 refertur
2357 5104 2523 5176 quod
2555 5106 2828 5176 superius
2854 5104 3018 5170 dixit,
3045 5103 3182 5161 Non
3208 5112 3393 5175 potest
3417 5112 3606 5162 autem

1949 5194 2217 5251 excidere
2247 5194 2484 5251 verbum
2510 5194 2635 5249 Dei.
2668 5192 2805 5249 Non
2832 5197 2986 5250 enim
3013 5209 3208 5250 omnes
3239 5194 3343 5265 qui
3369 5202 3506 5250 sunt
3533 5211 3608 5252 ex

1950 5285 2158 5348 Israel,
2201 5283 2261 5338 hi
2280 5289 2419 5338 sunt
2448 5282 2737 5338 Israelita?
2759 5299 2775 5347 ;
2807 5297 2990 5353 neque
3045 5285 3185 5353 quia
3241 5291 3373 5338 sunt
3412 5299 3606 5341 semen

1951 5373 2282 5436 Abraham,
2310 5386 2502 5427 omnes
2542 5370 2819 5439 ﬁlii;sed
2844 5372 2904 5425 in
2930 5371 3100 5427 Isaac
3148 5371 3454 5427 vocabitur
3505 5374 3608 5430 tibi

1949 5477 2142 5519 semen
2166 5481 2185 5518 :
2216 5466 2277 5517 ut
2315 5460 2389 5515 de
2415 5460 2547 5530 ipso
2600 5459 2818 5514 scilicet
2871 5459 3093 5529 populo
3129 5461 3472 5518 Iudaeorum
3520 5463 3604 5518 illi

1950 5549 2309 5622 deputentur
2340 5547 2400 5604 in
2422 5563 2646 5611 semen,
2681 5547 2782 5619 qui
2817 5545 3067 5603 Domino
3099 5549 3495 5607 crediderunt.
3524 5554 3603 5608 De

1948 5639 2063 5697 hoc
2087 5639 2230 5695 item
2249 5637 2390 5694 dicit
2415 5637 2706 5708 superius,
2732 5637 3019 5708 Reliquiae
3033 5639 3214 5695 salvas
3231 5639 3496 5714 ﬁent(1d.
3518 5657 3602 5712 ix,

1953 5732 2006 5800 6,
2045 5731 2099 5798 7,
2141 5728 2254 5804 27).
