4182 6198
606 182 749 239 2083

678 305 829 359 LXX.
866 300 974 375 [1b.
1006 317 1085 369 ιι,
1123 299 1233 372 II.]
1267 300 1436 365 Quod
1468 304 1664 355 autem
1702 298 1862 362 dicit,
1922 299 2067 353 Dico
2098 313 2255 367 ergo,

605 394 907 464 Numquid
934 393 1018 447 sic
1063 390 1441 460 deliquerunt
1468 394 1531 442 ut
1571 386 1890 443 caderent?
1933 387 2117 441 Absit.
2148 386 2261 443 Sed

605 482 845 538 illorum
877 481 1091 537 delicto
1123 479 1285 534 salus
1320 476 1603 532 Gentibus
1654 478 1694 541 ί,
1753 491 1874 531 non
1930 475 2066 531 ideo
2123 475 2265 531 dicit

604 572 749 643 quia
778 587 899 626 non
920 570 1259 625 ceciderunt
1288 583 1300 631 ;
1330 565 1435 620 sed
1462 566 1603 636 quia
1636 580 1811 620 casus
1835 565 2103 636 ipsorum
2138 581 2259 619 non
2314 590 2317 591 ν

604 661 711 716 fuit
736 660 954 723 inanis,
982 657 1272 730 quoniam
1295 654 1371 710 ad
1414 653 1661 709 salutem
1686 655 1957 710 Gentium
1988 654 2257 725 profecit.

606 752 730 805 Non
761 764 900 817 ergo
924 750 997 802 ita
1028 745 1405 816 deliquerunt
1463 747 1525 797 ut
1582 742 1879 807 caderent,
1922 743 1981 797 id
2032 747 2139 807 est,
2198 746 2261 798 ut

604 835 1017 894 tantummodo
1045 834 1344 902 caderent,
1379 831 1550 903 quasi
1579 832 1654 887 ad
1687 847 1924 903 pmnam
1960 848 2131 887 suam
2163 847 2261 887 so-

600 925 759 993 lum;
794 924 899 979 sed
925 929 984 978 ut
1005 923 1119 977 hoc
1144 922 1341 992 ipsum
1368 921 1527 991 quod
1560 920 1922 988 ceciderunt,
1948 921 2260 993 prodesset

604 1013 884 1069 Gentibus
916 1012 992 1067 ad
1025 1010 1300 1065 salutem.
1332 1010 1550 1064 Deinde
1584 1010 1789 1080 incipit
1840 1025 1911 1064 ex
1964 1009 2076 1065 hoc
2129 1010 2259 1066 loco

598 1102 934 1157 Judaeorum
971 1099 1262 1171 populum
1298 1097 1743 1164 commendare,
1769 1098 1944 1153 etiam
2004 1098 2078 1153 de
2128 1100 2259 1170 ipso

600 1204 741 1244 casu
770 1187 1152 1252 infidelitatis,
1185 1192 1246 1240 ut
1278 1201 1397 1241 non
1430 1185 1779 1256 superbiant
1837 1187 2087 1255 Gentes;
2118 1186 2261 1257 quia

597 1270 777 1333 etiam
791 1277 1320 1333 casusludaeorum
1341 1280 1460 1330 tam
1490 1272 1789 1343 pretiosus
1809 1274 2002 1329 existit
2031 1290 2139 1346 pro
2172 1291 2261 1330 sa-

596 1365 1036 1422 luteGentium:
1074 1364 1177 1418 sed
1205 1362 1396 1431 magis
1427 1362 1648 1416 debent
1678 1377 1887 1417 cavere
1928 1364 2139 1419 Gentes
2164 1378 2257 1426 ne,

599 1452 765 1521 dum,
804 1452 1179 1523 superbiunt,
1262 1450 1529 1504 similiter
1559 1450 1796 1505 cadant.

676 1541 854 1596 LXXI.
887 1540 996 1611 [1b.
1031 1556 1129 1608 XII,
1164 1542 1251 1603 20,
1292 1540 1371 1604 14,
1408 1538 1515 1609 17.]
1546 1538 1737 1603 Quod,
1789 1543 1985 1595 autem
2018 1538 2184 1609 dixit,
2205 1539 2264 1595 Si

599 1630 868 1687 esurierit
895 1628 1169 1684 inimicus
1209 1634 1365 1693 tuus,
1435 1628 1566 1683 ciba
1595 1628 1806 1697 illum;
1836 1628 1909 1683 sit
1938 1629 2003 1694 it,
2057 1634 2260 1698 potum

597 1720 677 1775 da
703 1718 837 1774 illi:
868 1718 976 1774 hoc
1003 1717 1155 1773 enim
1182 1718 1437 1786 faciens,
1473 1717 1755 1773 carbones
1803 1718 1935 1787 igni
1983 1732 2263 1787 congeres

596 1822 773 1876 super
802 1809 1154 1876 caputeius,
1218 1806 1414 1860 multis
1473 1805 1656 1859 videri
1704 1810 1895 1877 potest
1925 1821 2265 1877 repugnare

598 1896 679 1964 illi
703 1896 1005 1951 sententiae
1035 1910 1153 1966 qua
1190 1895 1477 1948 Dominus
1511 1894 1793 1964 praecepit
1826 1899 1887 1949 ut
1943 1894 2265 1963 diligamus

600 1985 870 2040 inimicos
904 1990 1164 2048 nostros,
1202 1989 1250 2037 et
1281 1999 1521 2037 oremus
1560 1998 1667 2053 pro
1696 1982 1765 2037 iis
1795 1983 1897 2054 qui
1933 1999 2041 2039 nos
2072 2000 2267 2055 perse-

600 2079 865 2146 quuntur
895 2073 1133 2143 (Matth.
1170 2088 1221 2136 v,
1256 2073 1365 2143 44),
1404 2072 1492 2125 vel
1512 2071 1652 2126 huic
1685 2072 1860 2127 etiam
1889 2088 2073 2143 quam
2105 2073 2266 2129 idem

602 2162 911 2234 apostolus
945 2161 1218 2232 superius
1246 2160 1414 2224 dixit,
1464 2159 1803 2216 Benedicite
1858 2168 2266 2233 persequentes

600 2267 732 2320 vos;
770 2250 1110 2313 benedicite,
1168 2256 1219 2304 et
1250 2248 1433 2304 nolite
1493 2248 1880 2315 maledicere;
1910 2255 1965 2305 et
2029 2252 2264 2318 iterum,

600 2340 777 2397 Nulli
799 2341 1021 2395 malum
1048 2354 1155 2407 pro
1181 2338 1339 2393 malo
1371 2337 1695 2393 reddentes.
1735 2338 2052 2403 Quomodo
2106 2339 2268 2395 enim

603 2430 854 2501 quisque
880 2427 1071 2497 diligit
1099 2443 1237 2482 eum
1266 2427 1361 2480 cui
1396 2432 1711 2497 propterea
1739 2427 1935 2481 cibum
1961 2433 2015 2482 et
2058 2433 2269 2499 potum

603 2520 722 2587 dat,
752 2523 812 2571 ut
842 2518 1136 2572 carbones
1168 2514 1320 2584 ignis
1348 2519 1632 2583 congerat
1671 2530 1850 2585 super
1908 2521 2087 2586 caput
2135 2517 2266 2585 ejus

606 2606 654 2661 si
684 2604 1265 2674 carbonesignishoc
1288 2603 1418 2657 loco
1447 2602 1709 2673 aliquam
1742 2618 1987 2674 gravem
2033 2620 2274 2676 pcenam

608 2694 983 2764 signiﬁcant?
1014 2695 1394 2764 Quapropter
1427 2690 1878 2759 intelligendum
1928 2699 2015 2747 est
2040 2692 2118 2747 ad
2162 2694 2277 2749 hoc

605 2784 829 2838 dictum
858 2786 1081 2847 esse,ut
1109 2796 1246 2835 eum
1279 2778 1381 2851 qui
1412 2778 1752 2835 noslteserit
1775 2796 2170 2851 provocemus
2199 2783 2276 2837 ad

607 2870 990 2943 pcenientiam
1014 2868 1150 2924 facti
1174 2868 1267 2922 sui
1294 2883 1437 2922 cum
1465 2866 1517 2923 ei
1556 2882 1668 2923 nos
1714 2868 2147 2926 benefacimus.
2179 2870 2277 2925 Isti

606 2960 765 3016 enim
789 2958 1079 3015 carbones
1100 2957 1251 3029 ignis
1273 2956 1353 3011 ad
1373 2957 1769 3023 exustionem,
1792 2957 1851 3012 id
1870 2963 1955 3013 est
1977 2959 2277 3015 contribu-

602 3047 884 3104 lationem
901 3046 1142 3119 spiritus
1168 3045 1383 3111 valent,
1408 3046 1510 3118 qui
1533 3050 1619 3101 est
1640 3046 1814 3118 quasi
1836 3053 2017 3118 caput
2035 3049 2274 3117 animae,

602 3138 663 3192 in
690 3152 811 3210 qua
841 3136 1106 3192 exuritur
1131 3134 1329 3192 omnis
1368 3134 1615 3200 malitia,
1637 3150 1773 3190 cum
1790 3136 2046 3192 homoin
2062 3137 2275 3193 melius

603 3242 711 3299 per
740 3225 1154 3298 paenitentiam
1186 3229 1614 3290 commutatur,
1660 3232 1723 3280 ut
1749 3229 1885 3280 sunt
1924 3225 2004 3280 illi
2061 3226 2271 3281 carbo-

603 3331 730 3382 nes,
760 3315 833 3371 de
862 3316 1083 3387 quibus
1109 3314 1323 3369 dicitur
1352 3314 1411 3368 in
1439 3313 1686 3368 Psalmis
1710 3330 1721 3367 :
1758 3313 1909 3377 Quid
1934 3315 2113 3370 detur
2144 3314 2270 3381 tibi,

604 3405 857 3476 dutquid
883 3409 1226 3473 apponatur
1240 3402 1346 3457 tibi
1356 3403 1436 3459 ad
1450 3402 1713 3472 linguam
1742 3402 2081 3459 subdolam?
2092 3402 2273 3473 Sagit-

602 3501 676 3550 tae
717 3493 971 3564 potentis
1037 3499 1227 3548 acutae
1274 3506 1404 3547 cum
1455 3489 1816 3547 carbonibus
1869 3492 2272 3550 vastatoribus

601 3584 783 3666 (Psal.
818 3599 964 3647 cxxx,
1001 3585 1052 3650 3,
1084 3582 1194 3653 44).
2067 3651 2075 3657 _

669 3673 865 3727 LXXII.
899 3670 1145 3742 [1b.xm,
1186 3668 1263 3741 1.]
1282 3668 1453 3736 Quod
1486 3672 1683 3725 autem
1714 3668 1813 3737 ait,
1831 3667 2033 3724 Omnis
2065 3669 2266 3725 anima

589 3760 976 3835 potestatibus
1005 3758 1448 3813 sublimioribus
1468 3758 1837 3814 subditasit:
1863 3773 1982 3814 non
1996 3762 2079 3815 est
2113 3757 2267 3814 enim

590 3854 845 3919 potestas
876 3848 1039 3902 nisia
1055 3849 1191 3911 Deo,
1210 3846 1535 3901 rectissime
1551 3846 1679 3917 jam
1695 3851 1921 3913 monet,
1945 3863 2016 3903 ne
2033 3848 2168 3918 quis
2194 3861 2266 3901 ex

596 3944 666 3991 e‘o
679 3936 841 4007 quod
856 3934 1153 3990 aDomino
1184 3950 1293 3989 suo
1318 3934 1377 3988 in
1397 3934 1730 3990 libertatem
1754 3941 2003 3992 vocatus
2023 3942 2130 4002 est,
2147 3934 2267 3991 fac-

595 4030 811 4096 tusque
842 4023 1223 4086 christiauus,
1259 4021 1579 4077 extollatur
1600 4024 1659 4077 in
1679 4024 2046 4094 superbiam,
2068 4028 2122 4079 et
2140 4039 2263 4080 non

595 4113 909 4170 arbitretur
941 4113 1000 4167 in
1031 4111 1213 4181 hujus
1246 4111 1377 4166 vitae
1396 4109 1604 4165 itinere
1625 4113 1987 4168 servandum
2010 4128 2138 4169 esse
2164 4129 2265 4168 or-

594 4202 796 4259 dinem
812 4218 1007 4267 suum,
1034 4199 1502 4271 etpotestatibus
1539 4198 2006 4267 sublimioribus,
2042 4202 2263 4274 quibus

591 4308 700 4364 pro
730 4298 1132 4364 temporerum
1184 4288 1600 4361 temporalium
1650 4291 2001 4359 gubernatio
2044 4291 2262 4347 tradita

590 4387 700 4448 e’st,
734 4388 1037 4454 putetnon
1069 4396 1130 4435 se
1161 4395 1289 4435 esse
1314 4378 1720 4435 subdendum.
1752 4380 1896 4435 Cum
1918 4381 2074 4435 enim
2091 4397 2263 4436 cons-

593 4477 788 4527 temus
818 4487 888 4526 ex
917 4472 1119 4526 anima
1145 4474 1202 4524 et
1233 4484 1501 4540 corpore,
1530 4472 1586 4524 et
1615 4467 1980 4541 quamdiuin
2006 4469 2119 4525 hac
2144 4470 2260 4526 vita

591 4560 905 4633 temporali
923 4576 1151 4625 sumus,
1175 4558 1353 4614 etiam
1376 4558 1556 4614 rebus
1581 4557 2012 4631 temporalibus
2026 4558 2101 4614 ad
2121 4558 2259 4615 sub-

591 4651 811 4705 sidium
838 4649 1127 4719 degenda:
1157 4648 1339 4719 hujus
1392 4648 1520 4703 vitae
1561 4653 1841 4716 utamur;
1887 4653 2119 4720 oportet
2147 4665 2259 4705 nos

591 4754 665 4794 ex
693 4754 766 4794 ea
794 4743 981 4810 parte,
1004 4754 1141 4810 quae
1171 4738 1249 4793 ad
1288 4738 1443 4792 hanc
1473 4738 1658 4792 vitam
1690 4738 1959 4809 pertinet,
1986 4738 2257 4795 subditos

590 4843 723 4885 esse
753 4826 1170 4899 potestatibus,
1202 4826 1263 4880 id
1293 4832 1402 4891 est,
1434 4824 1781 4881 hominibus
1806 4842 1900 4881 res
1954 4828 2255 4883 humanas

590 4934 729 4975 cum
760 4916 963 4988 aliquo
988 4916 1215 4972 honore
1247 4914 1825 4970 administrantibus.
1856 4918 1937 4971 Ex
1966 4915 2067 4971 illa
2117 4931 2254 4973 vero

590 5013 756 5081 parte
769 5022 893 5080 qua
914 5004 1210 5061 credimus
1226 5004 1365 5068 Deo,
1385 5008 1440 5059 et
1455 5003 1514 5059 in
1535 5018 1789 5074 regnum
1803 5004 1930 5074 ejus
1943 5020 2254 5081 vocamur,

588 5114 712 5157 non
741 5114 849 5155 nos
878 5098 1106 5169 oportet
1170 5108 1301 5150 esse
1356 5091 1633 5148 subditos
1675 5094 1959 5165 cuiquam
2002 5093 2249 5163 homini,

588 5188 856 5261 idipsum
887 5187 948 5242 in
974 5184 1149 5242 nobis
1178 5186 1433 5240 evertere
1464 5182 1741 5254 cupienti,
1765 5183 1927 5254 quod
1958 5185 2113 5239 Deus
2171 5184 2251 5242 ad

590 5281 773 5335 vitam
786 5282 1071 5333 aeternam
1086 5274 1313 5330 donare
1325 5272 1607 5343 dignatus
1621 5277 1729 5328 est.
1743 5271 1802 5326 Si
1825 5272 1959 5344 quis
1983 5288 2122 5345 ergo
2140 5289 2252 5346 pu-

589 5373 672 5423 tat
696 5366 985 5440 quoniam
1015 5365 1377 5421 christianus
1408 5366 1515 5429 est,
1539 5377 1661 5418 non
1688 5362 1799 5418 sibi
1839 5378 1966 5418 esse
1998 5362 2248 5433 vectigal

590 5456 984 5522 reddendum,
1000 5460 1102 5512 aut
1114 5453 1423 5518 tributum,
1440 5455 1675 5509 autnon
1688 5466 1815 5509 esse
1833 5451 2243 5510 exhibendum

622 5629 757 5694 {in
778 5628 932 5694 editis
957 5629 1186 5694 additur,
1213 5634 1301 5694 est,
1324 5628 1531 5694 quod_a
1548 5628 1670 5677 Mss.
1709 5631 1760 5694 et
1783 5641 1816 5679 a
1850 5642 2022 5694 grteco
2053 5629 2204 5681 abest
2228 5642 2244 5681 :

589 5696 646 5747 at
674 5692 963 5745 Vaticanus
986 5692 1085 5745 Ms.
1128 5691 1242 5753 ejus
1270 5689 1386 5740 loco
1409 5689 1585 5746 habet,
1611 5692 1767 5740 venit.

1099 161 1563 245 QUARUMDAM
1604 171 2194 231 PROPOSITIONUM
2243 156 2337 230 EX
2374 158 2591 232 EPIST.
2639 175 2734 231 AD
2775 175 2977 243 ROM.,
3018 172 3077 231 s.
3118 166 3499 232 AUGUSTINI

2370 298 2658 355 honorem
2674 300 2938 356 debitum
2954 300 3039 355 eis
3053 316 3186 372 quae
3201 300 3330 356 haec
3345 308 3933 376 curantpotestatibus;in

2371 404 2593 459 magno
2618 403 2812 445 errore
2844 394 3133 444 versatur.
3178 393 3320 445 Item
3388 390 3433 445 si
3458 392 3581 462 quis
3619 394 3691 449 sic
3716 411 3768 452 se
3812 406 3935 468 putat

2370 492 2498 532 esse
2531 478 2939 544 subdendum,
2977 482 3035 533 ut
3065 478 3244 533 etiam
3287 479 3345 534 in
3379 495 3539 536 suam
3568 481 3726 538 ﬁdem
3765 484 3935 544 habere

2370 570 2726 637 potestatem
2758 567 3075 623 arbitretur
3098 583 3236 623 eum
3263 568 3367 639 qui
3391 571 3779 640 temporalibus
3797 574 3939 630 admi-

2368 655 2687 711 nistrandis
2714 656 2917 729 aliqua
2935 656 3300 713 sublimitate
3320 658 3577 728 praecellit
3598 676 3610 724 ;
3631 660 3687 715 in
3704 662 3935 733 majorem

2368 759 2628 800 errorem
2654 744 2933 802 labitur‘.
2967 744 3085 800 Sed
3118 746 3335 801 modus
3386 747 3487 803 iste
3524 750 3815 805 servandus
3856 760 3936 816 est,

2368 849 2549 905 quem
2582 835 2867 889 Dominus
2880 835 3006 907 ipse
3024 835 3371 906 praescribit,
3396 835 3757 895 utreddamus
3775 840 3938 894 δωδειὶ

2368 938 2503 994 quae
2535 924 2779 979 Caesaris
2807 928 2966 990 sunt,
2991 928 3045 979 et
3064 926 3180 980 Deo
3202 940 3336 997 quae
3356 925 3451 979 Dei
3472 927 3937 998 sunt(Matth.mi,

2368 1012 2479 1083 2t).
2510 1013 2869 1084 Quanquam
2896 1013 3055 1068 enim
3080 1012 3156 1068 ad
3179 1013 3325 1068 illud
3353 1029 3590 1085 regnum
3610 1016 3941 1071 vocemurubi

2368 1100 2534 1156 nulla
2560 1102 2665 1156 erit
2694 1106 2956 1172 potestas
2988 1102 3357 1173 hujusmodi,
3393 1102 3452 1158 in
3473 1103 3580 1159 hoc
3596 1104 3941 1159 tamenilinere

2368 1189 2511 1245 dum
2546 1190 2803 1258 agimus,
2832 1190 3024 1246 donec
3044 1191 3463 1261 perveniamus
3484 1192 3555 1246 ad
3570 1192 3698 1247 illud
3716 1191 3943 1247 saeculum

2368 1277 2471 1333 ubi
2503 1277 2565 1332 ﬁt
2585 1279 2895 1335 evacuatio
2925 1279 3121 1334 omnis
3168 1279 3530 1351 principatus
3578 1285 3628 1335 et
3682 1278 3939 1351 potestatis,

2369 1366 2774 1422 conditionem
2807 1372 3074 1423 nostram
3099 1382 3206 1439 pro
3236 1367 3372 1438 ipso
3401 1382 3592 1423 rerum
3613 1368 3945 1423 humanarum

2369 1456 2578 1512 ordine
2610 1455 2949 1526 toleremus,
2980 1456 3124 1512 nihil
3155 1456 3427 1512 simulate
3452 1457 3731 1521 facientes,
3760 1460 3807 1510 et
3829 1455 3947 1509 ineo

2368 1544 2503 1615 ipso
2535 1560 2655 1600 non
2681 1549 2802 1601 tam
2820 1544 3169 1601 hominibus
3196 1561 3384 1618 quam
3416 1548 3547 1611 Deo,
3567 1546 3663 1619 qui
3686 1546 3796 1601 hac
3806 1543 3945 1614 jubet,

2369 1633 2870 1704 obtemperantes.
3468 1640 3475 1669 τ

2441 1723 2660 1778 LXXIII.
2698 1724 2801 1793 [lb.
2835 1739 2955 1787 xm,
2984 1723 3036 1788 3,
3083 1723 3161 1794 4.]
3220 1723 3401 1789 Quod
3429 1726 3620 1779 autem
3644 1722 3731 1790 ait,
3770 1720 3847 1775 Vis
3870 1734 3948 1774 au-

2373 1817 2484 1869 tem
2517 1827 2635 1867 non
2665 1812 2870 1868 timere
2891 1817 3257 1881 potestatem
3284 1811 3313 1866 ?
3347 1813 3556 1869 bonum
3574 1812 3690 1881 fac,
3707 1817 3753 1866 et
3768 1807 3951 1865 habebis

2377 1902 2612 1957 laudem
2646 1900 2882 1966 catilla,
2922 1906 3117 1972 potest
3151 1916 3390 1956 movere
3420 1901 3660 1973 aliquos,
3692 1913 3809 1954 cum
3829 1895 3950 1963 cogi-

2374 1990 2631 2045 taverint
2667 1989 2744 2045 ab
2772 1989 2895 2045 istis
2930 1990 3327 2061 potestatibus
3363 1989 3801 2062 persecutionem
3834 1997 3951 2054 saepe

2374 2094 2591 2149 passos
2616 2077 2796 2133 fuisse
2811 2077 3189 2133 Christianos.
3212 2078 3515 2151 Numquid
3539 2091 3670 2146 ergo
3693 2090 3795 2131 non
3814 2072 3951 2127 facie-

2375 2167 2523 2222 bant
2551 2166 2802 2232 bonum,
2827 2167 2971 2237 quia
2994 2182 3113 2223 non
3146 2167 3342 2223 solum
3380 2182 3501 2223 non
3532 2170 3660 2221 sunt
3685 2161 3872 2219 laudati
3896 2158 3952 2213 ab

2376 2256 2504 2310 istis
2535 2256 2952 2326 potestatibus,
2977 2255 3080 2310 sed
3113 2257 3291 2312 etiam
3318 2256 3514 2328 pmnis
3548 2252 3724 2310 aﬂecti
3744 2256 3791 2306 et
3807 2245 3950 2305 necati

2376 2342 2557 2400 sunt?
2579 2344 3022 2401 Consideranda
3047 2359 3190 2415 ergo
3216 2350 3355 2401 sunt
3384 2345 3562 2400 verba
3586 2338 3835 2414 Apostoli.
3862 2338 3952 2392 Non

2376 2435 2534 2489 enim
2567 2435 2669 2502 ait,
2705 2436 2931 2489 Bonum
2963 2433 3076 2502 fac,
3110 2438 3166 2488 et
3195 2434 3468 2490 laudabit
3499 2438 3549 2489 te
3579 2435 3840 2504 potestas;
3875 2423 3952 2478 sed

2382 2524 2477 2587 ait,
2510 2524 2738 2579 Bonum
2753 2524 2874 2592 fac,
2899 2530 2956 2579 et
2977 2523 3211 2580 habebis
3227 2524 3465 2580 laudem
3492 2521 3692 2579 exitia.
3716 2517 3822 2574 Sive
3833 2513 3955 2569 enim

2382 2611 2594 2683 probet
2644 2611 2867 2667 factum
2924 2617 3093 2667 tuum
3141 2611 3399 2678 bonum,
3450 2613 3569 2665 sive
3613 2608 3954 2681 persequatur,

2384 2700 2620 2757 laudem
2646 2699 2884 2757 habebis
2896 2716 2970 2757 ex
2998 2700 3107 2756 illa
3121 2716 3145 2771 ,·
3160 2701 3247 2756 vel
3267 2717 3408 2756 cum
3431 2715 3562 2757 eam
3579 2698 3631 2753 in
3663 2690 3954 2763 obsequium

2383 2790 2480 2845 Dei
2508 2789 2772 2845 lucratus
2814 2790 3014 2858 fueris,
3046 2789 3137 2844 vel
3169 2805 3306 2845 cum
3330 2791 3464 2863 ejus
3498 2784 3860 2860 persecutione
3884 2791 3956 2831 co-

2381 2892 2591 2932 ronam
2624 2879 2933 2934 merueris.
2970 2881 3089 2933 Hoc
3114 2879 3290 2933 etiam
3318 2879 3385 2934 in
3411 2870 3871 2947 consequentibus
3892 2865 3958 2919 ιιι·

2382 2965 2676 3035 telligitur,
2702 2982 2840 3022 cum
2872 2966 3033 3037 dicit,
3087 2966 3194 3023 Dei
3234 2968 3392 3022 enim
3422 2966 3680 3022 minister
3705 2965 3775 3017 est
3808 2953 3891 3011 tibi
3912 2951 3955 3006 in

2384 3055 2618 3121 bonum,
2661 3055 2842 3111 etiam
2872 3055 2921 3110 si
2960 3054 3073 3110 sibi
3099 3055 3158 3109 in
3188 3056 3441 3112 malum.

2449 3143 2677 3198 LXXIV.
2710 3143 2815 3213 [1b.
2846 3159 2967 3214 χιιι,
2995 3143 3074 3215 5.]
3104 3143 3276 3208 Quod
3307 3151 3511 3200 autem
3529 3142 3625 3209 ait,
3657 3139 3867 3207 Ideoque
3883 3143 3958 3183 ne-

2380 3231 2635 3287 cessitati
2660 3234 2681 3266 ³
2711 3231 2935 3287 subditi
2964 3238 3160 3297 estote,
3187 3232 3265 3287 ad
3292 3232 3412 3289 hoc
3449 3231 3615 3297 valet,
3643 3233 3699 3282 ut
3724 3220 3958 3287 intelliga-

2380 3335 2513 3374 mus
2543 3320 2686 3391 quia
2712 3336 2953 3376 necesse
2980 3326 3065 3376 est
3091 3327 3334 3393 propter
3367 3322 3520 3377 hanc
3549 3318 3723 3373 vitam
3744 3307 3960 3367 subditos

2376 3424 2488 3464 nos
2512 3425 2641 3464 esse
2654 3414 3076 3481 oportere,non
3104 3410 3451 3467 resistentes
3476 3409 3523 3464 si
3546 3397 3957 3480 quidilliaulerre

2376 3498 2689 3563 voluerint,
2722 3499 2783 3553 in
2805 3497 2970 3571 quod
2988 3498 3095 3554 sibi
3117 3505 3385 3571 potestas
3415 3500 3557 3555 data
3572 3499 3674 3565 est,
3695 3492 3761 3549 de
3785 3495 3960 3554 tempo-

2375 3585 2602 3642 ralibus
2620 3586 2798 3642 rebus
2818 3606 2835 3657 ;
2862 3603 2997 3659 quae
3019 3587 3305 3658 quoniam
3323 3590 3647 3652 transeunt,
3674 3582 3794 3638 ideo
3811 3581 3856 3632 et
3877 3573 3961 3667 ista

2374 3673 2659 3745 subjectio
2691 3690 2811 3731 non
2852 3675 2911 3730 in
2934 3676 3109 3731 bonis
3134 3675 3317 3748 quasi
3361 3668 3777 3748 permansuris,
3811 3660 3897 3719 sed
3915 3660 3961 3713 in

2372 3764 2723 3821 necessariis
2752 3764 2890 3820 huic
2941 3764 3196 3836 tempori
3227 3764 3643 3823 constituenda
3670 3763 3765 3816 est.
3791 3757 3960 3843 Tamell

2371 3852 2657 3923 quoniam
2690 3852 2856 3917 dixit,
2900 3852 3249 3909 Necessitati
3273 3854 3501 3910 subditi
3533 3857 3703 3908 estote
3730 3863 3745 3913 ;
3774 3856 3838 3901 ne
3858 3848 3960 3911 qu“

2369 3956 2490 3996 non
2518 3941 2748 4010 integro
2766 3942 2971 3997 animo
2988 3945 3045 3995 et
3063 3956 3214 4013 pura
3226 3941 3545 3998 dilectione
3568 3936 3819 3994 subditus
3839 3927 3962 3985 ﬁeret

2366 4028 2715 4099 hujusmodi
2732 4029 3147 4101 potestatibus,
3177 4031 3436 4097 addidit,
3454 4030 3673 4093 dicens,
3688 4024 3805 4080 Non
3817 4017 3961 4074 solum

2365 4124 2613 4187 propter
2622 4118 2905 4184 iram,sed
2915 4120 3097 4175 etiam
3110 4126 3364 4189 propter
3378 4116 3784 4176 conscientiam
3795 4128 3814 4164 .·
3824 4107 3871 4163 id
3881 4105 3963 4189 est,

2368 4172 2490 4263 'noii
2514 4172 2711 4263 solum
2724 4172 2969 4264 assae
2988 4172 3367 4265 tutelas...
3382 4172 3434 4274 ἐξ
3457 4172 3619 4281 ith
3633 4204 3807 4278 potest
3824 4172 3968 4291 etiaiti

2368 4296 2645 4352 simulate
2674 4296 2802 4352 ﬁeri
2833 4314 2845 4363 ;
2872 4298 2978 4351 sed
3002 4302 3065 4353 ut
3095 4299 3152 4352 in
3179 4303 3283 4353 tua
3302 4295 3673 4355 conscientia
3700 4295 3869 4348 certus
3888 4296 3962 4343 εις,

2364 4384 2523 4439 illius
2540 4385 2855 4441 dilectione
2881 4391 2933 4442 te
2962 4385 3178 4451 facere,
3209 4388 3307 4442 cui
3346 4386 3623 4443 subditus
3647 4378 3810 4438 fueris
3827 4376 3962 4467 jussit

2363 4474 2599 4529 Domini
2621 4476 2723 4540 tui,
2756 4476 2861 4545 qui
2885 4491 3084 4532 omnes
3116 4479 3245 4532 vult
3276 4478 3478 4533 salvos
3498 4473 3648 4545 ﬁeri,
3676 4476 3726 4528 et
3754 4469 3806 4523 in
3832 4472 3963 4532 (19⁷³³⁸

2363 4562 2579 4618 tionem
2609 4563 2874 4618 veritatis
2906 4566 3106 4620 venire
3134 4564 3178 4635 (Ι
3213 4564 3367 4621 Tim.
3403 4581 3465 4631 ιι,
3493 4564 3569 4634 4).
3613 4563 3675 4615 Et
3710 4557 3812 4612 hoc
3838 4548 3961 4605 enim

2362 4666 2501 4706 cum
2514 4652 2735 4706 diceret
2748 4652 3081 4723 Apostolus,
3101 4653 3175 4708 de
3192 4653 3339 4721 ipsis
3361 4647 3750 4726 potestatibus
3770 4637 3960 4711 agebat-

2362 4741 2481 4795 Hoc
2512 4748 2598 4795 est
2623 4740 2788 4812 quod
2821 4742 3008 4796 servis
3034 4741 3148 4797 alio
3178 4741 3312 4798 loco
3350 4744 3586 4809 suadet,
3611 4738 3739 4794 Non
3764 4730 3837 4788 ad
3859 4736 3965 4782 σεεμ

2363 4829 2484 4884 tum
2516 4829 2852 4895 servientes,
2879 4830 3051 4900 quasi
3082 4831 3421 4887 hominibus
3444 4830 3740 4901 placentes
3765 4815 3959 4910 (Ep/Its-

2360 4933 2437 4983 VI,
2464 4918 2517 4989 6)
2549 4932 2563 4971 :
2599 4922 2661 4974 ut
2697 4918 2955 4986 idipsum
2993 4919 3159 4991 quod
3199 4920 3547 4975 subduntur
3573 4912 3821 4973 dominis
3846 4916 3956 4962 suis.

2359 5021 2480 5063 non
2498 5022 2600 5062 eos
2629 5006 2881 5073 oderint,
2911 5014 3012 5065 aut
3029 5008 3277 5065 fallaciis
3295 5006 3628 5081 promereri
3655 4991 3958 5060 desiderent-

2432 5097 2621 5152 LXXV.
2659 5095 2769 5170 [1b.
2792 5099 2980 5165 xui,8,
3004 5097 3113 5169 10.]
3130 5098 3297 5163 Quod
3315 5104 3521 5155 autem
3542 5096 3696 5159 dicit,
3722 5087 3818 5156 Qui
3838 5082 3957 5141 enim

2356 5182 3960 5259 diligitalterum‘,Legemimplevit,ostenditconsumma-

2420 5320 2658 5391 }.lstheec
2692 5324 2974 5391 sententia,
3005 5321 3131 5372 Item
3158 5324 3203 5371 si
3220 5322 3391 5391 quis...
3429 5322 3489 5391 in
3510 5313 3953 5391 ηιαίοηηῖίννρξίῇ

2350 5359 3693 5493 Ἇιὸίῖἆῖῐέὖθῦμῇξέίυδῶἧ’θᾏ’θῖυῖιιῚ-[ιθιιίῗὸιιιῖθεδ
3725 5377 3796 5426 est
3838 5359 3954 5433 apud

2397 5459 2473 5493 m.
2518 5459 2545 5493 Θ
2625 5459 2667 5493 Γ.

2397 5459 2473 5498 m.
2518 5459 2569 5494 Θῐ
2585 5459 2667 5495 δι’.

2412 5508 2430 5537 ³
2463 5509 2581 5556 Am.
2614 5507 2699 5556 Er.
2730 5511 2783 5557 et
2816 5523 2906 5559 sex
2936 5509 3060 5560 Mss.
3093 5512 3175 5561 hic
3207 5514 3258 5561 et
3284 5510 3445 5568 infra,
3469 5505 3764 5559 necessitate.

2410 5571 2429 5640 ξ
2461 5571 2657 5640 gmnes
2679 5572 2855 5640 nostri
2884 5572 3027 5640 Mss,
3059 5574 3427 5640 evacuanda‘m.
3586 5631 3616 5640 __
3789 5636 3799 5640 Α
3830 5606 3966 5640 ,Μκῖ

2410 5633 2427 5665 ι
2463 5615 2855 5697 eaafaegiz'
2874 5615 3493 5697 [SEEMQET'Kt—Hss,
3547 5631 3750 5682 alterum
3782 5615 3950 5683 ilum

2350 5708 2531 5759 graia,
2566 5701 2655 5745 ton
2675 5701 2869 5748 eteron.
3186 5728 3190 5735 ι
3305 5702 3309 5705 ⁷
3868 5720 3871 5723 -
3906 5710 3911 5719 ί
