4182 6198
204 236 351 298 2085

204 369 430 431 tionem
459 363 625 433 Legis
660 362 721 418 in
746 361 1064 418 dilectione
1096 362 1378 434 positam,
1404 361 1465 417 id
1497 366 1606 429 est,
1638 363 1697 418 in
1725 365 1869 420 cha.

206 455 402 511 ritate.
434 451 600 508 Unde
622 458 677 506 et
705 451 993 507 Dominus
1022 451 1081 506 in
1131 450 1245 506 illis
1278 449 1520 508 duobus
1551 452 1864 525 praeceptis

207 548 397 601 totam
428 541 646 611 Legem
678 540 937 612 pendere
977 540 1139 605 dicit,
1176 546 1233 595 et
1261 556 1472 597 omnes
1517 542 1861 613 Prophetas,

206 622 268 689 id
292 636 385 688 est
414 631 475 685 in
502 630 814 686 dilectione
838 630 939 685 Dei
968 634 1023 685 et
1055 630 1304 701 proximi
1337 630 1580 700 (Matth.
1623 647 1763 702 xxii,
1797 630 1864 686 37

208 720 323 793 40).
355 719 521 775 Unde
556 723 612 774 et
640 719 766 791 ipse
796 718 898 790 qui
944 720 1155 788 Legem
1189 718 1348 775 venit
1378 719 1648 791 implere,
1689 719 1866 774 dilec-

210 811 436 867 tionem
454 807 701 863 donavit
721 822 826 879 per
849 807 1130 879 Spiritum
1162 812 1457 874 sanctum,
1490 813 1552 863 ut
1576 807 1742 879 quod
1764 821 1865 862 an-

209 903 308 954 tea
325 896 759 968 timorimplere
784 912 903 951 non
923 901 1169 969 poterat,
1192 896 1450 953 charitas
1477 896 1865 969 postmodum

212 986 508 1060 impleret.
538 984 681 1040 Inde
713 990 800 1040 est
841 990 897 1041 et
924 985 1068 1041 illud
1099 986 1371 1057 ejusdem
1411 986 1687 1059 apostoli,
1732 985 1864 1041 Ple-

215 1076 427 1131 nitudo
454 1080 651 1131 autem
674 1074 837 1145 Legis
861 1074 1119 1131 charitas
1147 1096 1166 1132 :
1198 1080 1253 1131 et
1283 1074 1451 1141 illud,
1481 1076 1647 1131 Finis
1669 1081 1864 1131 autem

211 1164 498 1236 praecepti
527 1171 606 1220 est
629 1163 895 1221 charitas
926 1164 997 1219 de
1026 1164 1202 1221 corde
1226 1180 1399 1234 puro,
1435 1172 1488 1221 et
1515 1164 1867 1222 conscientia

219 1255 394 1323 bona,
426 1265 476 1310 et
501 1253 619 1323 ﬁde
652 1270 768 1309 non
795 1255 930 1323 [icta
971 1255 1013 1323 (Ι
1048 1254 1188 1310 Tim.
1238 1260 1283 1320 t,
1326 1257 1403 1326 5).

287 1362 505 1418 LXXVI.
535 1361 778 1434 [lb.xm,
797 1363 820 1415 1
841 1360 1098 1433 t.]Quod
1120 1367 1320 1419 autem
1346 1363 1447 1428 ait,
1463 1362 1540 1419 Et
1565 1363 1868 1419 hocscien-

213 1458 297 1508 tes
328 1449 724 1521 tempus,quia
747 1450 894 1506 hora
908 1454 991 1505 est
1006 1452 1140 1519 jam
1159 1466 1262 1507 nos
1289 1451 1361 1507 de
1375 1466 1574 1507 somno
1595 1464 1864 1521 surgere,

213 1540 352 1597 illuc
379 1544 610 1610 spectat
637 1538 803 1611 quod
832 1537 1058 1595 dictum
1107 1545 1215 1605 est,
1258 1541 1414 1597 Ecce
1449 1556 1609 1597 nunc
1641 1548 1868 1611 tempus

211 1628 597 1698 acceptabite,
619 1642 749 1683 ecce
796 1643 959 1683 nunc
1007 1628 1128 1684 dies
1157 1629 1365 1685 salutis
1399 1629 1469 1701 (Il
1502 1630 1638 1685 Cor.
1674 1646 1752 1696 vi,
1786 1632 1866 1703 2).

208 1719 469 1789 Tempus
495 1716 658 1772 enim
689 1717 982 1786 Evangelii
1014 1716 1405 1787 signiﬁcatur,
1441 1722 1499 1774 et
1528 1718 1627 1775 illa
1648 1734 1867 1792 oppor-

215 1808 442 1863 tunitas
473 1805 674 1861 salvos
696 1804 951 1861 faciendi
977 1806 1283 1863 credentes
1308 1808 1369 1863 in
1395 1810 1603 1865 Deum.

292 1915 540 1972 LXXVII.
577 1914 682 1986 [lb.
711 1929 831 1980 xm,
862 1916 975 1985 14.]
1002 1914 1173 1982 Quod
1198 1922 1401 1972 autem
1425 1917 1525 1981 ail,
1571 1918 1649 1972 Et
1673 1918 1872 1973 carnis

215 2004 653 2077 providentiam
679 2019 753 2060 ne
767 2004 1031 2073 feceritis
1044 2007 1059 2037 ¹
1077 2006 1137 2061 in
1156 2004 1661 2075 concupiscentiis,
1678 2012 1875 2062 osten-

216 2094 305 2152 dit
328 2108 452 2150 non
469 2108 598 2149 esse
610 2093 978 2164 culpandam
996 2095 1192 2149 carnis
1210 2095 1662 2166 providentiam,
1688 2109 1877 2167 quan-

220 2183 300 2241 do
323 2199 396 2240 ea
414 2181 800 2254 providentur
819 2198 955 2247 quas
972 2184 1051 2239 ad
1074 2184 1484 2240 necessitatem
1518 2185 1727 2240 salutis
1746 2200 1877 2241 cor-

220 2273 447 2346 poralis
464 2271 679 2328 valent.
695 2272 751 2327 Si
778 2278 976 2328 autem
1001 2272 1075 2327 ad
1096 2272 1432 2344 superﬂuas
1451 2272 1878 2329 delectationes

221 2360 697 2435 atqueluxurias,
719 2366 780 2417 ut
804 2361 1131 2433 quisquein
1154 2362 1245 2417 his
1272 2362 1679 2434 gaudeatquae
1695 2378 1877 2418 carne

224 2452 407 2524 cupit,
439 2454 598 2507 recte
627 2450 1099 2523 reprehenditur,
1123 2450 1268 2522 quia
1296 2451 1737 2523 providentiam
1755 2468 1879 2507 car-

228 2542 319 2598 nis
353 2540 413 2596 in
443 2539 941 2612 concupiscentiis
972 2540 1133 2597 facit.
1185 2542 1475 2608 Quoniam
1506 2542 1610 2614 qui
1628 2543 1879 2598 seminat

226 2633 291 2687 in
313 2645 495 2687 carne
524 2645 651 2695 sua,
682 2628 753 2686 de
782 2645 961 2685 carne
981 2635 1150 2685 metet
1177 2631 1618 2700 corruptionem
1651 2631 1878 2702 (Galat.

232 2723 460 2789 Vl,\'lll),
476 2720 536 2775 id
548 2719 766 2791 est,qui
778 2718 1269 2775 delectationibus
1282 2720 1625 2776 carnalibus
1638 2720 1881 2791 gaudet.

307 2818 572 2873 LXXVIII.
604 2816 713 2889 [lb.
759 2832 879 2883 xiv,
910 2815 1056 2889 1-3.]
1086 2817 1255 2881 Quod
1282 2822 1483 2873 autem
1515 2818 1678 2885 dicit,
1715 2819 1886 2888 Inﬁr-

234 2924 396 2965 mum
409 2910 603 2963 autem
617 2909 679 2961 in
689 2906 805 2973 ﬁde
831 2907 1094 2975 recipite,
1119 2922 1238 2962 non
1264 2908 1325 2962 in
1352 2908 1886 2976 dijudicationibus

234 2996 681 3068 cogitationum,
708 2994 822 3051 hoc
836 2995 997 3061 dicit,
1020 3001 1083 3050 ut
1102 3012 1239 3051 eum
1267 2998 1369 3068 qui
1389 2996 1663 3052 inﬁrmus
1688 2996 1747 3052 in
1770 2997 1888 3054 ﬁde

238 3091 351 3153 est,
386 3086 763 3157 recipiamus,
794 3090 849 3141 et
898 3090 1102 3141 nostra
1156 3085 1434 3141 ﬁrmitate
1485 3087 1889 3143 infirmitatem

240 3177 373 3247 ejus
396 3174 824 3239 sustineamus,
855 3188 1049 3247 neque
1069 3174 1472 3246 dijudicemus
1502 3175 1890 3247 cogitationes

240 3265 393 3335 ejus,
424 3264 484 3317 id
513 3268 619 3329 est,
650 3263 825 3336 quasi
872 3262 1021 3319 ferre
1073 3263 1404 3319 audeamus
1432 3265 1786 3320 sententiam
1817 3264 1891 3320 de

240 3354 437 3409 alieno
458 3352 657 3410 corde.
691 3350 857 3423 quod
886 3366 1006 3407 non
1032 3352 1324 3407 videmus.
1352 3353 1486 3409 Ideo
1514 3353 1802 3425 sequitur,
1838 3358 1894 3409 et

239 3442 401 3510 dicit,
428 3440 601 3497 Atius
635 3441 869 3513 quidem
900 3440 1086 3497 credit
1116 3442 1484 3499 manducare
1516 3444 1712 3499 omnia
1742 3459 1760 3497 :
1792 3442 1895 3513 qui

239 3538 439 3589 autem
470 3531 740 3601 inﬁrmus
770 3535 875 3595 est,
907 3530 1037 3585 olus
1082 3531 1416 3587 manducet.
1452 3531 1603 3597 Quia
1632 3532 1731 3587 illo
1761 3532 1890 3602 jam

242 3628 511 3693 tempore
534 3619 703 3675 multi
727 3618 857 3691 jam
884 3618 1039 3675 ﬁrmi
1066 3619 1123 3675 in
1155 3620 1295 3685 ﬁde,
1329 3625 1386 3677 et
1406 3621 1658 3677 scientes
1688 3636 1896 3677 secun-

241 3712 391 3766 dum
412 3708 769 3764 sententiam
796 3707 1049 3774 Domini,
1071 3723 1191 3763 non
1205 3710 1643 3765 commaculare
1670 3725 1741 3765 ea
1758 3724 1894 3781 quas

240 3801 300 3856 in
324 3814 426 3855 eos
458 3800 697 3865 intrant,
731 3796 834 3852 sed
861 3812 995 3869 quae
1026 3802 1245 3853 exeunt
1271 3797 1506 3869 (Matth.
1554 3813 1651 3865 xv,
1684 3799 1890 3869 11-20),

241 3886 644 3945 indifferenter
701 3888 1022 3941 sumebant
1068 3886 1234 3942 cibos
1285 3886 1455 3943 salva
1484 3887 1891 3943 conscientia:

241 3977 493 4050 quidam
521 3990 661 4031 vero
690 3974 1049 4030 inﬁrmiores
1080 3975 1464 4032 abstinebant
1485 3992 1521 4032 a
1545 3975 1825 4031 carnibus
1841 3980 1897 4031 et

242 4083 279 4125 a
300 4068 463 4131 vino,
488 4080 561 4121 ne
580 4063 667 4120 vel
688 4063 1017 4119 nescientes
1040 4064 1368 4120 inciderent
1392 4064 1452 4120 in
1469 4080 1539 4120 ea
1565 4081 1699 4137 quae
1723 4063 1897 4120 idolis

244 4154 758 4214 sacriﬁcabantur.
789 4152 994 4207 Omnis
1010 4153 1171 4208 enim
1194 4159 1333 4208 tunc
1355 4152 1732 4210 immolatitia
1758 4168 1897 4209 caro

243 4247 305 4303 in
334 4243 585 4300 macello
614 4240 1001 4307 vendebatur,
1030 4246 1085 4298 et
1105 4240 1179 4296 de
1202 4242 1473 4313 primitiis
1495 4240 1902 4297 vinilibabant

244 4333 460 4390 Gentes
486 4331 821 4386 simulacris
854 4331 997 4394 suis,
1031 4334 1089 4386 et
1112 4330 1395 4402 quaedam
1440 4331 1499 4385 in
1533 4331 1676 4402 ipsis
1706 4336 1899 4386 torcu-

245 4421 476 4479 laribus
506 4420 797 4476 sacriﬁcia
822 4418 1143 4475 faciebant.
1181 4418 1356 4475 Jubet
1407 4435 1549 4491 ergo
1579 4419 1898 4491 Apostolus

246 4518 305 4569 et
331 4509 429 4565 his
454 4510 552 4582 qui
582 4508 749 4565 salva
774 4508 1138 4565 conscientia
1180 4507 1397 4565 talibus
1450 4508 1747 4565 alimentis
1781 4513 1903 4564 ute-

246 4599 490 4667 bantur,
514 4613 634 4654 non
658 4612 938 4669 spernere
964 4596 1369 4653 inﬁrmitatem
1396 4597 1634 4654 illorum
1657 4598 1760 4671 qui
1787 4612 1851 4652 se
1867 4612 1904 4653 a

247 4689 471 4745 talibus
501 4687 647 4743 cibis
677 4691 735 4742 et
762 4692 908 4759 potu
929 4686 1312 4743 abstinebant
1346 4704 1358 4741 :
1387 4693 1443 4743 et
1471 4688 1582 4743 illis
1627 4688 1900 4755 inﬁrmis,

246 4795 323 4835 ne
354 4794 458 4835 eos
487 4778 589 4851 qui
621 4776 905 4832 carnibus
931 4792 1054 4832 non
1080 4778 1483 4842 abstinebant,
1510 4784 1567 4834 et
1592 4779 1797 4834 vinum
1820 4777 1906 4833 bi-

245 4868 493 4933 bebant,
525 4873 816 4938 tanquam
847 4865 1034 4937 pollui
1073 4866 1428 4937 judicarent.
1488 4868 1576 4923 Ad
1605 4869 1721 4923 hoc
1753 4867 1906 4923 valet

246 4957 418 5031 quod
446 4956 1053 5029 consequenterdicit,
1082 4956 1195 5023 Qui
1222 4958 1567 5022 manducat,
1594 4972 1714 5012 non
1731 4972 1904 5013 man-

246 5050 567 5104 ducantem
590 5061 708 5103 non
734 5050 976 5114 spernat
999 5061 1023 5111 ,ι
1050 5052 1101 5100 et
1127 5048 1231 5117 qui
1240 5061 1358 5101 non
1372 5046 1715 5112 manducat,
1740 5061 1906 5102 man-

246 5139 571 5195 ducantem
602 5150 720 5192 non
736 5136 987 5207 judicet.
1005 5135 1179 5191 Firmi
1204 5135 1364 5191 enim
1393 5134 1749 5190 inﬁrmiores
1770 5150 1911 5191 con-

245 5226 569 5284 tumaciter
597 5225 1081 5289 contemnebant,
1114 5230 1172 5281 et
1199 5224 1421 5281 inﬁrmi
1447 5224 1656 5281 ﬁrmos
1685 5228 1906 5281 temere

243 5316 628 5389 judicabant.

323 5422 546 5478 LXXIX.
582 5420 686 5492 [lb.
719 5436 841 5487 xiv,
862 5419 944 5493 4.]
974 5419 1147 5487 Quod
1174 5423 1376 5476 autem
1403 5418 1566 5487 dicit,
1593 5417 1821 5491 Tuquis
1849 5433 1905 5476 es

248 5512 355 5585 qui
372 5511 615 5584 judices
633 5511 897 5568 alienum
909 5526 1142 5568 servum
1158 5507 1184 5556 7
1208 5510 1287 5567 ad
1311 5510 1425 5566 hoc
1456 5508 1620 5578 dicit,
1658 5515 1719 5565 ut
1738 5509 1800 5565 in
1814 5508 1909 5566 his

316 5700 655 5817 ‘Eaticanus
688 5699 873 5759 codex,
919 5698 1314 5763 superfereritis,
1345 5697 1529 5750 Ceteri
1562 5697 1718 5754 Mss.,
1743 5696 1910 5762 perfe-

316 5779 360 5815 η
386 5780 446 5817 u.

258 5778 446 5817 εοηω.

1705 226 2081 295 EXPOSITIO
2095 280 2110 295 .

3479 240 3619 298 2086

1975 363 2154 419 rebus
2166 378 2301 435 quae
2317 367 2631 435 possuntet
2652 363 2812 419 bono
2830 362 3032 419 animo
3052 362 3177 418 ﬁeri
3194 366 3251 419 et
3268 364 3620 436 malo,judi—

1972 452 2131 507 cium
2166 451 2285 507 Deo
2314 453 2710 517 dimittamus,
2767 468 2874 508 nec
2905 452 3239 508 audeamus
3269 454 3342 507 de
3374 454 3616 509 alterius

1972 541 2173 607 corde,
2202 542 2366 613 quod
2388 557 2511 597 non
2540 541 2834 606 videmus,
2869 540 3014 596 ferre
3040 543 3417 597 sententiam.
3446 546 3508 598 In
3528 542 3620 597 his

1971 646 2113 687 vero
2134 631 2314 686 rebus
2343 646 2479 702 quae
2510 630 2591 686 ita
2613 630 3218 701 comprehenduntur,
3248 636 3309 686 ut
3334 632 3622 688 eas'bono

1973 724 2028 776 et
2048 724 2211 776 casto
2241 721 2444 775 animo
2468 735 2590 775 non
2622 735 2795 791 posse
2816 719 2939 774 ﬁeri
2966 720 3350 775 manifestum
3376 721 3466 785 sit,
3502 736 3623 777 non

1973 808 2369 880 improbatur,
2406 809 2453 863 si
2471 808 2831 878 judicemus.
2851 812 3055 880 Itaque
3076 808 3190 864 hoc
3212 810 3461 880 quodde
3477 810 3623 865 cibis

1971 897 2131 962 dicit,
2162 898 2306 970 quia
2336 897 2646 967 ignoratur
2671 913 2791 968 quo
2814 898 3018 953 animo
3048 897 3172 961 ﬁat,
3205 914 3326 953 non
3360 899 3484 954 vult
3514 916 3623 955 nos

1973 1002 2102 1042 esse
2124 985 2380 1058 judices,
2412 986 2518 1041 sed
2546 988 2761 1040 Deum:
2787 986 2860 1041 de
2883 985 2981 1041 illo
3012 990 3211 1041 autem
3244 987 3471 1042 nefario
3503 992 3628 1043 stu-

1973 1090 2104 1147 pro,
2138 1074 2237 1130 ubi
2265 1090 2507 1130 uxorem
2541 1074 2717 1145 patris
2740 1075 2828 1129 sui
2856 1074 3101 1145 quidam
3130 1074 3443 1141 habuerat,
3476 1092 3630 1148 pras-

1973 1164 2129 1234 cepit
2156 1163 2371 1219 debere
2393 1163 2646 1233 judicari
2669 1165 2711 1228 (l
2737 1162 2865 1217 Cor.
2894 1180 2948 1227 ν,
2978 1165 3045 1231 l).
3073 1166 3197 1219 Non
3216 1165 3376 1219 enim
3399 1168 3627 1236 poterat

1972 1250 2067 1307 ille
2097 1250 2310 1315 dicere,
2341 1250 2502 1305 bono
2533 1250 2737 1306 animo
2768 1266 2829 1303 se
2853 1256 2986 1319 ,tam
3040 1252 3303 1307 immane
3330 1252 3625 1323 ﬂagitium

1976 1340 2367 1396 commisisse.
2388 1341 2535 1408 Ergo
2557 1354 2956 1411 quaecumque
2979 1339 3133 1395 facta
3150 1342 3228 1395 ita
3243 1342 3629 1397 manifestan-

1977 1433 2089 1495 tur,
2120 1435 2182 1485 ut
2207 1444 2329 1484 non
2361 1427 2699 1499 possitdici,
2728 1428 2889 1481 Bono
2915 1427 3119 1482 animo
3142 1427 3271 1496 feci,
3292 1429 3626 1499 judicanda

1976 1523 2116 1574 sunt
2145 1534 2180 1574 a
2209 1517 2382 1573 nobis
2416 1533 2429 1584 ;
2460 1531 2860 1588 quaecumque
2887 1522 3089 1571 autem
3113 1516 3193 1572 ita
3220 1516 3388 1583 ﬁunt,
3425 1523 3486 1573 ut
3508 1534 3630 1589 quo

1976 1608 2179 1664 animo
2205 1608 2349 1664 ﬁant
2373 1607 2665 1661 incertum
2697 1607 2788 1668 sit,
2822 1620 2941 1661 non
2970 1610 3108 1661 sunt
3130 1606 3487 1677 judicanda,
3524 1607 3631 1663 sed

1975 1695 2580 1766 reservandajudicio
2633 1694 2773 1749 Dei:
2828 1695 2977 1749 sicut
3019 1696 3308 1766 scriptum
3356 1700 3460 1763 est,
3492 1698 3631 1764 Quae

1978 1787 2215 1842 occulta
2243 1788 2400 1851 sunt,
2435 1784 2596 1853 Deo;
2624 1798 2754 1854 quaD
2783 1789 2979 1839 autem
3018 1784 3223 1852 palam
3280 1792 3437 1850 sunt,
3473 1786 3635 1841 vobis

1979 1882 2032 1932 et
2058 1876 2196 1943 ﬁliis
2236 1874 2442 1930 vestris
2466 1880 2637 1928 erunt
2671 1872 2864 1943 (Deut.
2901 1887 3061 1940 xxrx,
3091 1874 3202 1943 29).

2052 1981 2247 2036 LXXX.
2279 1978 2388 2051 [lb.
2421 1994 2538 2042 xw,
2572 1983 2623 2046 5,
2653 1977 2726 2048 6].
2761 1978 2932 2042 Quod
2960 1983 3159 2033 autem
3175 1980 3276 2044 ait,
3308 1980 3476 2034 Alius
3501 1978 3638 2051 qui-

1982 2071 2107 2126 dem
2122 2069 2362 2138 judicat
2388 2068 2652 2123 alternos
2682 2065 2824 2129 dies,
2858 2066 3015 2121 atius
3029 2072 3224 2123 autem
3243 2068 3482 2136 judicat
3508 2084 3635 2125 om-

1981 2174 2114 2215 nem
2142 2157 2320 2222 diem,
2354 2160 2719 2226 sequestrata
2748 2154 2983 2209 interim
3015 2155 3257 2211 meliore
3301 2156 3641 2213 considera-

1984 2249 2161 2313 tione,
2186 2261 2308 2300 non
2334 2243 2407 2299 de
2432 2244 2673 2298 duobus
2701 2243 3049 2299 hominibus
3072 2245 3219 2300 mihi
3252 2246 3483 2301 videtur
3509 2246 3636 2300 dic-

1986 2342 2135 2403 tum,
2159 2335 2266 2390 sed
2287 2334 2360 2389 de
2385 2331 2629 2388 homine
2659 2338 2715 2387 et
2742 2334 2878 2387 Deo.
2904 2332 3008 2397 Qui
3032 2334 3191 2389 enim
3217 2334 3476 2390 alternos
3504 2334 3636 2390 dies

1980 2425 2233 2498 judicat,
2261 2422 2445 2478 homo
2475 2427 2567 2476 est
2595 2438 2607 2476 :
2638 2426 2833 2492 potest
2888 2421 3049 2476 enim
3079 2422 3257 2478 hodie
3288 2424 3471 2489 aliud,
3506 2440 3638 2481 cras

1988 2513 2151 2570 aliud
2164 2514 2183 2583 j
2196 2511 2437 2566 udicare
2462 2523 2474 2562 :
2491 2510 2551 2565 id
2566 2515 2670 2574 est,
2682 2515 3198 2583 utquemcumque
3219 2511 3397 2568 hodie
3411 2513 3640 2569 malum

1987 2601 2324 2659 convictum
2356 2598 2775 2654 confessumve
2824 2598 3222 2667 damnaverit,
3248 2616 3378 2655 cras
3409 2600 3641 2657 bonum

1989 2690 2253 2748 inveniat
2283 2704 2421 2744 cum
2451 2703 2511 2743 se
2538 2687 2858 2743 correxerit
2885 2705 2903 2759 ς
2950 2694 3175 2753 contra,
3206 2682 3355 2745 cum
3374 2689 3641 2761 aliquem

1986 2782 2216 2852 justum
2229 2778 2407 2833 hodie
2427 2776 2923 2842 laudaverit,cras
2947 2776 3640 2850 inveniatdepravatum.

1993 2868 2102 2936 Qui
2117 2864 2555 2936 autemjudicat
2574 2880 2818 2920 omnem
2843 2866 3022 2931 diem,
3051 2865 3202 2921 Deus
3229 2868 3507 2939 est;quia
3521 2883 3645 2925 non

1995 2957 2190 3014 solum
2218 2954 2412 3027 qualis
2441 2954 2695 3025 quisque
2751 2954 2843 3020 sit,
2878 2954 2984 3009 sed
3014 2954 3195 3011 etiam
3251 2956 3449 3028 qualis
3478 2958 3647 3015 omni

1996 3046 2091 3101 die
2113 3044 2346 3099 futurus
2372 3040 2466 3107 sit,
2496 3043 2677 3096 novit.
2703 3044 2875 3111 Ergo,
2909 3042 3320 3114 Unusquisque
3344 3048 3403 3100 in
3434 3061 3539 3101 suo
3559 3046 3649 3101 in-

1997 3134 2235 3190 tettectu
2258 3130 2540 3197 abundet,
2567 3130 2760 3199 inquit
2790 3144 2803 3180 :
2833 3129 2893 3184 id
2914 3136 3020 3196 est,
3051 3138 3345 3202 quantum
3377 3134 3647 3192 humano

1998 3218 2341 3283 intellectui,
2375 3218 2464 3273 vel
2499 3218 2819 3289 unicuique
2866 3218 3094 3273 homini
3151 3235 3507 3277 concessum
3538 3228 3647 3292 est,

2001 3316 2230 3367 tantum
2242 3308 2462 3365 audeat
2482 3305 2772 3377 judicare.
2799 3306 2910 3373 Qui
2929 3308 3323 3379 sapit,inquit,
3341 3309 3515 3374 diem,
3536 3312 3652 3367 Do-

2000 3401 2160 3456 mino
2178 3398 2334 3468 sapit
2361 3414 2376 3451 :
2408 3396 2468 3451 id
2501 3400 2612 3460 est,
2639 3395 2782 3466 quia
2807 3396 2922 3450 hoc
2952 3396 3151 3467 ipsum
3183 3397 3349 3468 quod
3380 3414 3617 3468 praesen

2002 3493 2121 3544 tem
2146 3486 2306 3542 diem
2331 3486 2481 3540 bene
2490 3484 2740 3555 judicat,
2760 3484 3008 3539 Domino
3021 3485 3191 3556 sapit.
3221 3487 3649 3543 Hocestautem

1997 3577 2152 3633 bene
2174 3574 2441 3647 judicare
2472 3573 2548 3629 ad
2570 3573 2752 3637 diem,
2776 3578 2835 3627 ut
2866 3574 3099 3628 noveris
3121 3589 3244 3629 non
3274 3590 3403 3630 esse
3429 3576 3504 3632 de
3528 3592 3654 3633 cor-

1998 3666 2257 3724 rectione
2288 3663 2417 3733 ejus
2445 3660 2890 3733 desperandum
2944 3662 3003 3716 in
3055 3661 3344 3731 futurum,
3376 3665 3450 3720 de
3477 3666 3652 3737 cujus

2000 3756 2177 3826 culpa
2203 3750 2525 3807 manifesta
2555 3750 2616 3804 in
2647 3750 2965 3821 praesentia
2988 3750 3373 3821 judicaveris.

2074 3860 2289 3916 LXXXI.
2324 3858 2433 3927 [lb.
2466 3873 2584 3921 xiv,
2613 3860 2701 3922 22,
2734 3856 2845 3930 16.]
2875 3857 3045 3922 Quod
3072 3862 3268 3915 autem
3299 3860 3400 3926 ait,
3437 3861 3655 3918 Beatus

1995 3952 2100 4022 qui
2128 3965 2246 4005 non
2267 3947 2509 4017 judicat
2535 3945 2911 4016 semetipsum
2954 3946 3019 4003 in
3051 3963 3161 4019 quo
3214 3950 3451 4018 probat,
3484 3950 3563 4007 ad
3593 3950 3655 4006 id

2003 4038 2379 4112 potissimum
2405 4034 2782 4092 referendum
2818 4041 2922 4102 est,
2961 4037 3127 4108 quod
3173 4039 3454 4110 superius
3482 4040 3652 4112 dixit,

2000 4129 2137 4185 Non
2168 4143 2307 4197 ergo
2362 4126 2805 4195 blasphemetur
2854 4126 3065 4181 bonum
3097 4134 3386 4183 nostrum.
3420 4129 3541 4183 Hoc
3571 4132 3665 4184 est

2003 4218 2183 4274 etiam
2196 4215 2363 4288 quod
2378 4230 2535 4270 nunc
2547 4216 2777 4271 aitante
2792 4215 2967 4270 istam
2992 4217 3362 4283 sententiam,
3378 4217 3463 4271 Tu
3477 4216 3656 4284 [idem

2004 4322 2183 4378 quam
2236 4305 2413 4361 habes
2451 4319 2626 4374 penes
2659 4303 3045 4373 temetipsum,
3081 4304 3232 4361 habe
3260 4319 3459 4361 coram
3490 4306 3609 4361 Deo
3640 4316 3661 4357 :

2012 4399 2074 4449 ut
2097 4394 2387 4467 quoniam
2416 4392 2579 4448 bona
2604 4398 2690 4446 est
2720 4392 2841 4447 haec
2871 4392 3018 4446 ﬁdes
3049 4407 3169 4463 qua
3201 4392 3502 4447 credimus
3534 4408 3666 4448 om-

2006 4485 2107 4540 nia
2137 4482 2366 4539 munda
2396 4481 2639 4537 mundis
2690 4480 2823 4551 (Tit.
2866 4486 2911 4547 l,
2951 4480 3058 4546 15),
3105 4486 3161 4536 et
3203 4481 3264 4535 in
3306 4497 3376 4536 ea
3404 4481 3522 4536 ﬁde
3551 4496 3665 4537 nos

2007 4572 2359 4645 probamus,
2380 4570 2534 4624 bene
2553 4575 2792 4624 utamur
2820 4569 2955 4640 ipso
2982 4569 3143 4625 bono
3171 4575 3376 4626 nostro
3405 4586 3418 4638 ;
3453 4586 3526 4626 ne
3548 4569 3666 4626 for-

2010 4666 2060 4717 te
2075 4676 2213 4717 cum
2227 4660 2304 4716 ad
2316 4658 2744 4714 offendiculum
2756 4657 3134 4714 inﬁrmorum
3146 4658 3391 4715 fratrum
3407 4675 3477 4716 eo
3498 4660 3663 4717 bono

2010 4750 2186 4807 abusi
2210 4747 2519 4814 fuerimus,
2551 4763 2868 4819 peccemus
2894 4747 2957 4803 in
2988 4747 3197 4804 fratres
3224 4764 3237 4815 ;
3266 4754 3321 4805 et
3341 4748 3403 4805 in
3429 4765 3499 4805 eo
3533 4750 3663 4821 ipso

2009 4840 2173 4894 bono
2190 4853 2299 4894 nos
2319 4837 2679 4909 judicemus,
2704 4854 2842 4893 cum
2861 4837 3341 4894 scaudalizamus
3369 4838 3666 4904 inﬁrmos,

2012 4927 2073 4983 in
2098 4942 2220 4999 quo
2246 4927 2403 4984 bono
2432 4943 2543 4985 nos
2586 4926 2938 4999 probamus,
2971 4943 3110 4984 cum
3156 4929 3291 5001 ipsa
3316 4928 3465 4985 ﬁdes
3493 4927 3666 4987 nobis

2011 5017 2227 5086 placet.

2082 5123 2332 5180 LXXXII.
2359 5123 2467 5195 [lb.
2488 5140 2586 5194 xv,
2617 5127 2671 5191 8,
2696 5125 2773 5196 9].
2809 5124 2981 5190 Quod
2998 5125 3311 5190 autemait,
3347 5124 3489 5178 Dico
3504 5121 3659 5179 enim

2014 5212 2317 5269 Christum
2344 5215 2541 5270 Jesum
2573 5214 2911 5270 ministrum
2953 5216 3144 5284 fuisse
3174 5212 3661 5280 circumcisionis,

2010 5308 2259 5373 propter
2282 5306 2584 5360 veritatem
2614 5304 2739 5360 Dei.
2763 5303 2843 5359 ad
2868 5304 3309 5370 conﬁrmandos
3326 5302 3666 5371 promissio-

2013 5409 2114 5450 nes
2142 5399 2409 5472 patrum,
2446 5393 2651 5449 Gentes
2678 5399 2875 5449 autem
2896 5406 3075 5461 super
3104 5392 3514 5449 misericordia
3538 5393 3665 5463 glo-

2014 5482 2254 5551 riﬁcare
2277 5484 2481 5546 Deum,
2515 5481 2594 5538 ad
2623 5481 2737 5537 hoc
2766 5480 2930 5549 dicit,
2962 5485 3023 5537 ut
3070 5481 3401 5552 intelligant
3448 5484 3660 5539 Gentes

2014 5569 2336 5628 Dominum
2368 5570 2664 5626 Christum
2719 5568 2800 5626 ad
2836 5569 3076 5626 Judaaos
3113 5585 3246 5626 esse
3276 5571 3555 5641 missum,
3610 5575 3670 5629 et

2016 5675 2139 5717 non
2176 5659 2545 5731 superbiant.
2584 5658 2806 5716 tudinis
2844 5659 3007 5715 enim
3036 5659 3459 5733 repellentibus
3510 5660 3672 5735 quod

2017 5749 2098 5808 ad
2135 5750 2301 5823 ipsos
2351 5749 2607 5807 missum
2660 5756 2768 5817 est,
2839 5748 3063 5808 factum
3124 5755 3212 5810 est
3268 5756 3337 5809 ut
3378 5750 3662 5809 Gentibus
