4182 6198
607 213 746 285 2087

606 351 995 422 Evangelium
1017 352 1439 423 praedicaretur
1466 355 1656 425 :quod
1670 357 1795 412 etin
1821 358 2062 415 Actibus
2076 364 2255 429 Apos-

606 442 864 498 tolorum
882 441 1363 498 manifestissime
1390 442 1687 511 scribitur,
1704 460 1841 502 cum
1855 447 2256 519 dicuntApos-

605 530 706 587 toli
736 531 982 594 Judaeis,
1023 530 1191 586 Vobis
1211 532 1477 599 primum
1499 535 1761 600 oportuit
1778 538 2104 604 praedicari
2128 552 2254 593 ver-

607 620 784 684 bum;
836 619 938 675 sed
972 619 1241 689 quoniam
1278 619 1555 689 indignos
1596 637 1695 678 vos
1728 624 2074 693 judicastis,
2125 640 2256 682 ecce

603 709 997 766 convertimus
1012 724 1115 763 nos
1142 708 1221 763 ad
1248 708 1459 764 Gentes
1472 710 1760 779 (Act.x1u,
1778 716 1887 785 46).
1907 713 2253 770 Secundum

604 798 730 869 ipsa
759 798 937 852 etiam
971 796 1202 851 Domini
1224 798 1737 863 testimonia,cum
1766 801 1928 872 dicit,
1958 804 2093 861 Non
2123 819 2251 859 sum

605 886 809 942 missus
838 885 955 941 nisi
982 886 1063 941 ad
1099 900 1231 941 oves
1269 886 1535 954 perditas
1565 888 1771 945 domus
1806 892 1989 948 Israel
2016 914 2035 962 ,-
2070 898 2126 948 et
2156 894 2255 946 ite-

601 989 755 1040 rum,
780 975 913 1030 Non
935 978 1015 1030 est
1030 974 1244 1030 bonum
1256 990 1466 1043 panem
1482 977 1739 1046 ﬁliorum
1765 980 2253 1038 mitterecanibus

604 1062 841 1135 (Matth.
869 1080 960 1128 xv,
994 1066 1083 1129 24,
1129 1063 1238 1135 26).
1274 1064 1439 1132 Quod
1466 1065 1679 1121 Gentes
1711 1067 1757 1123 si
1805 1068 1957 1124 bene
1985 1068 2255 1125 conside-

598 1152 1216 1222 rent,intelliguntista
1228 1170 1339 1209 sua
1352 1154 1488 1220 fide,
1506 1156 1759 1227 quajam
1785 1158 2253 1215 creduntomnia

601 1241 830 1297 munda
855 1241 1117 1307 mundis,
1150 1258 1272 1298 non
1298 1259 1360 1297 se
1385 1243 1601 1299 debere
1628 1246 1915 1302 insultare
1938 1246 2049 1312 his,
2084 1247 2130 1302 si
2150 1247 2254 1319 qui

600 1330 748 1386 forte
772 1329 989 1384 inﬁrmi
1021 1345 1093 1384 ex
1124 1329 1577 1387 circumcisione
1600 1332 1854 1390 fuerint1
1888 1334 1989 1406 qui
2013 1340 2254 1407 propter

599 1417 1521 1475 communicationemidolorum
1535 1420 1731 1477 nullas
1743 1423 1980 1479 omnino
1993 1423 2256 1481 audeant

602 1521 813 1563 carnes
844 1506 1151 1576 attingere.

674 1593 943 1649 LXXXIII.
976 1592 1088 1666 [1b.
1119 1611 1216 1661 xv,
1255 1594 1369 1667 16.]
1404 1596 1575 1660 Quod
1617 1601 1817 1654 autem
1850 1598 2011 1667 dicit,
2052 1600 2123 1656 Ut
2149 1600 2254 1657 mi-

603 1682 907 1739 nistersim
924 1683 1143 1739 Christi
1153 1684 1291 1739 Jesu
1304 1683 1364 1739 in
1382 1685 2039 1751 Gentibus,consecrans
2060 1690 2256 1745 Evan-

602 1772 820 1843 gelium
856 1772 981 1839 Dei,
1015 1778 1078 1826 ut
1104 1772 1213 1840 ﬁat
1270 1773 1493 1828 oblatio
1538 1775 1811 1831 Gentium
1843 1777 2248 1846 acceptabilis,

602 1862 974 1931 sanctiﬁcata
1004 1864 1064 1916 in
1091 1861 1321 1929 Spiritu
1365 1872 1591 1929 sancto,
1638 1864 1752 1920 hoc
1797 1866 2159 1938 intelligitur,
2191 1872 2258 1924 ut

602 1949 927 2005 offerantur
958 1952 1165 2005 Gentes
1201 1953 1336 2015 Deo,
1374 1956 1661 2022 tanquam
1688 1954 2054 2025 acceptabile
2078 1956 2256 2011 sacri-

600 2037 826 2102 ﬁcium,
853 2053 990 2093 cum
1022 2038 1080 2093 iu
1101 2039 1394 2094 Christum
1425 2040 1730 2096 credentes
1754 2057 1855 2112 per
1870 2043 2255 2113 Evangelium

601 2126 1075 2183 sanctiﬁcantur:
1111 2125 1263 2182 sicut
1294 2133 1350 2183 et
1380 2128 1654 2199 superius
1680 2129 1840 2195 dicit,
1875 2131 2123 2188 Obsecro
2146 2132 2256 2189 ita-

605 2231 718 2289 que
750 2230 872 2281 vos,
896 2216 1144 2285 fratres,
1171 2230 1277 2286 per
1303 2216 1765 2275 misericordiam
1800 2218 1908 2276 Dei
1930 2222 1975 2289 ',
1997 2226 2063 2276 ut
2091 2222 2257 2278 exhi-

664 2360 679 2391 ¹
714 2356 911 2421 anes
941 2358 1089 2415 Mss,
1119 2359 1316 2420 inﬁrmi
1344 2374 1404 2408 ex
1431 2374 1482 2408 se
1510 2361 1725 2421 fuerint.

663 2420 682 2451 ³
710 2420 804 2470 Hic
833 2421 1029 2470 desinit
1057 2422 1379 2485 opusculum
1409 2422 1462 2472 in
1488 2420 1645 2472 editis
1674 2425 1791 2472 Am.
1828 2428 1880 2473 et
1914 2424 1995 2473 Er.
2055 2425 2258 2475 omissa

1596 216 1957 291 121:1erLG
1996 232 2092 291 AD
2134 214 2501 302 ROMANOS,
2543 232 2599 287 s.
2642 214 3034 289 AUGUSTINI

3831 225 3937 291 2088

2358 356 2542 413 beatis
2582 371 2838 425 corpora
2907 361 3102 412 vestra
3156 353 3403 412 hostiam
3450 354 3653 421 vivam,
3698 362 3940 428 sanctam,

2359 445 2480 501 Deo
2517 446 2847 515 placentem
2878 444 3066 515 (Rom.
3099 458 3200 510 xu,
3236 443 3301 513 Ι).

2434 569 2699 625 LXXXIV.
2736 567 2842 640 [1b.
2872 583 2991 634 xvi,
3031 572 3116 637 l7,
3149 566 3253 629 18].
3288 566 3453 633 Quod
3484 571 3671 624 autem
3692 568 3779 635 ait,
3810 569 3945 627 Obse-

2359 673 2461 715 cro
2476 673 2594 724 vos,
2625 658 2874 728 fratres,
2889 662 2956 712 ut
2979 656 3308 712 intendatis
3334 657 3393 712 in
3406 671 3497 713 eos
3513 658 3607 728 qui
3618 657 3945 716 dissensiones

2357 754 2411 805 et
2430 747 2978 815 scandala,praeter
3001 745 3335 802 doctrinam
3350 761 3524 817 quam
3559 761 3652 802 vos
3681 746 3942 815 didicistis,

2350 836 2614 907 faciunt,
2638 835 2712 891 de
2743 835 2834 891 his
2866 834 3209 904 intelligitur
3251 833 3466 900 dicere,
3493 834 3564 890 de
3590 834 3788 907 quibus
3813 842 3861 892 et
3881 836 3942 893 ad

2356 926 2732 981 Timotheum
2764 924 3019 995 scripsit,
3050 923 3257 979 dicens
3288 940 3302 979 :
3350 945 3375 974 α
3426 924 3581 980 Sicut
3606 924 3789 994 rogavi
3814 930 3872 990 te,
3898 931 3946 981 ut

2359 1013 2685 1069 sustineres
2720 1012 2952 1084 Ephesi,
2986 1028 3126 1067 cum
3177 1013 3326 1068 irem
3377 1013 3437 1067 in
3489 1012 3872 1079 Macedoniam,
3901 1020 3947 1069 ut

2358 1101 2745 1157 denuntiares
2773 1099 3141 1173 quibusdam
3170 1116 3243 1155 ne
3292 1100 3457 1157 aliter
3484 1099 3765 1167 docerent,
3792 1116 3945 1173 neque

2358 1189 2959 1247 intenderentfabulis
2972 1193 3026 1246 et
3048 1190 3413 1259 genealogiis
3433 1190 3821 1254 interminatis,
3837 1205 3942 1261 qua

2358 1279 2720 1352 qumstiones
2734 1279 2920 1349 magis
2934 1282 3225 1349 praestant
3236 1294 3411 1351 quam
3425 1277 3837 1334 aediﬁcationem
3852 1279 3947 1342 Dei,

2357 1383 2495 1437 quae
2519 1371 2605 1423 est
2635 1368 2694 1422 in
2717 1366 2875 1423 ﬁde»
2906 1366 2949 1439 (l
2984 1367 3131 1423 Tim.
3155 1385 3190 1432 ι,
3222 1371 3274 1432 3,
3305 1368 3359 1439 4)
3387 1366 3770 1438 ;etad]’l‘itum,
3792 1368 3948 1423 «Sunt

2358 1456 2519 1512 enim
2547 1456 2715 1512 multi
2738 1472 2859 1512 non
2883 1455 3126 1520 subditi,
3153 1456 3465 1527 vaniloqui
3493 1460 3547 1511 et
3571 1456 3767 1511 mentis
3786 1454 3949 1510 seduc-

2359 1544 2643 1617 tores,qui
2659 1546 2918 1600 maxime
2932 1560 3003 1599 ex
3019 1544 3475 1601 circumcisione
3491 1549 3624 1599 sunt
3639 1587 3652 1609 ,
3665 1559 3803 1615 quos
3814 1557 3947 1615 opor-

2362 1639 2439 1691 tet
2452 1633 2627 1690 refelli
2645 1649 2659 1697 ;
2680 1634 2780 1705 qui
2797 1634 3107 1690 universas
3120 1633 3337 1690 domos
3353 1632 3950 1698 subvertunt,docentes

2360 1740 2491 1797 quae
2523 1738 2642 1778 non
2668 1727 2923 1794 oportet,
2954 1723 3141 1795 turpis
3161 1722 3308 1778 lucri
3340 1722 3561 1793 gratia:
3585 1721 3720 1777 dixit
3744 1719 3948 1793 quidam

2361 1827 2431 1869 ex
2446 1811 2883 1883 ipsisproprius
2898 1826 3106 1867 eorum
3122 1811 3436 1883 propheta.
3455 1811 3741 1866 Cretenses
3762 1823 3952 1879 semper

2364 1900 2892 1969 mendaces,malaa
2907 1899 3173 1966 bestiaa,v
3186 1906 3379 1955 entres
3394 1899 3543 1972 pigri
3568 1921 3586 1947 ι
3605 1900 3730 1969 (Tit.
3751 1896 3951 1967 1,1042).

2363 1989 2447 2045 Ad
2462 1990 2575 2045 hoc
2589 1989 2749 2043 enim
2761 1988 3011 2044 refertur
3021 1988 3185 2062 quod
3198 1994 3255 2045 et
3268 1988 3364 2044 hic
3381 1988 3483 2054 ait,
3510 1988 3590 2043 Hi
3613 1988 3754 2045 enim
3769 1984 3953 2042 Christo

2364 2079 2613 2134 Domino
2630 2093 2747 2133 non
2768 2078 3056 2143 serviunt,
3076 2077 3180 2134 sed
3202 2093 3308 2133 suo
3335 2076 3646 2135 ventri:de
3657 2074 3849 2148 quibus
3865 2072 3953 2128 alio

2362 2168 2496 2225 loco
2517 2166 2680 2233 dicit,
2703 2167 2965 2235 Quorum
2994 2167 3150 2224 Deus
3172 2172 3380 2224 venter
3399 2173 3483 2224 est
3498 2164 3762 2238 (Philipp.
3783 2179 3852 2229 ιιι,
3870 2161 3952 2232 19).

2362 2360 3078 2426 Propositioneoctogesima
3096 2362 3308 2423 quarta,
3335 2373 3458 2424 qua:
3482 2362 3737 2425 postrema
3758 2361 3827 2408 est
3845 2354 3955 2420 apud

2364 2422 2487 2474 Lov'.
2518 2428 2570 2474 et
2603 2423 2743 2487 apud
2774 2436 2962 2473 omnes
2990 2422 3117 2471 Mss.

610 2586 3951 2623 ᾗ

695 2698 789 2760 De
827 2693 1264 2786 subsequenti
1292 2717 1514 2785 opere,
1550 2696 1703 2763 vide
1737 2697 1853 2764 lib.
1904 2699 1966 2780 1,
2002 2720 2154 2788 cap.
2185 2700 2298 2781 25,
2330 2699 2940 2781 Retractationum,
2974 2719 3018 2763 a
3043 2696 3168 2765 col.
3206 2697 3364 2781 623,
3425 2696 3660 2783 verbis,
3690 2691 3953 2786 Epistola

605 2832 880 2899 quoque
923 2810 1010 2876 ad
1043 2811 1415 2895 Romanos,
1450 2834 1664 2900 usque
1689 2812 1786 2879 ad
1820 2812 1945 2881 col.
1999 2814 2151 2895 624,
2196 2814 2438 2897 verbis,
2469 2814 2741 2904 scripsit
2778 2813 2865 2881 ad
2923 2813 3288 2880 Romanos.
3569 2812 3655 2879 M.

1206 3151 1337 3294 S.
1455 3154 2244 3300 AUBELIIQ
2361 3151 3427 3304 AUGUSTINI

1617 3416 2355 3508 HIPPONENSIS
2493 3414 3007 3505 EPISCOPI

1095 3579 2098 3727 EPISTOL/E
2209 3581 2480 3724 AD
2599 3579 3546 3725 ROMANOS

1476 3813 1619 3931 IN
1632 3810 2221 3934 CHOATA
2336 3809 3151 3953 EXPOSITIO,

1784 4009 2390 4064 MM

2401 4007 2791 4063 Ν

1949 4157 2209 4255 fiber
2282 4188 2506 4254 unus
2582 4150 2691 4254 (α).

1032 4340 1090 4392 In
1106 4355 1214 4407 quo
1238 4340 1491 4393 salutatio
1511 4343 1887 4395 tantummodo
1913 4345 2209 4410 expeditur,
2224 4349 2277 4395 et
2296 4345 2601 4409 diSputatur
2624 4344 2923 4409 de'peccato
2948 4344 3003 4393 in
3032 4341 3289 4408 Spiritum
3314 4346 3582 4395 sanctum.

670 4451 721 4508 1.
756 4452 816 4509 In
838 4450 1101 4523 Epistola
1126 4467 1312 4523 quam
1334 4450 1552 4507 Paulus
1577 4452 1887 4523 apostolus
1912 4452 2151 4525 scripsit
2170 4453 2250 4509 ad

596 4540 921 4607 Romanos,
954 4548 1249 4613 quantum
1281 4556 1352 4596 ex
1384 4541 1513 4611 ejus
1544 4546 1705 4597 textu
1754 4541 1998 4612 intelligi
2030 4547 2247 4614 potest,

593 4633 988 4702 quaestionem
1002 4630 1182 4686 habet
1206 4630 1380 4686 talem
1402 4645 1414 4683 :
1435 4632 1641 4687 Utrum
1666 4630 1694 4685 J
1704 4630 1888 4688 udaais
1904 4631 2045 4687 solis
2060 4633 2250 4687 Evan-

594 4718 817 4789 gelium
872 4718 1103 4773 Domini
1130 4718 1317 4774 nostri
1342 4719 1481 4774 Jesu
1509 4718 1719 4774 Christi
1749 4720 1969 4776 venerit
2007 4724 2251 4792 propter

596 4806 807 4862 merita
836 4822 1088 4878 operum
1118 4806 1313 4877 Legis;
1344 4822 1421 4861 an
1449 4822 1583 4861 vero
1598 4806 1776 4862 nullis
1801 4823 2049 4879 operum
2078 4808 2247 4863 meri-

593 4895 665 4952 tis
696 4895 1198 4968 preecedentibus,
1225 4894 1511 4950 omnibus
1538 4894 1823 4951 Gentibus
1876 4896 2098 4952 venerit
2122 4897 2245 4966 jus-

591 4984 836 5042 tiﬁcatio
861 4982 1021 5049 ﬁdei,
1050 4998 1185 5056 quae
1216 4988 1307 5039 est
1336 4982 1395 5038 in
1426 4982 1655 5039 Christo
1680 4984 1842 5049 Jesu,
1877 4989 2079 5040 utnon
2105 4986 2248 5053 quia

590 5075 728 5147 iusti
760 5080 929 5131 erant
958 5073 1261 5140 homines,
1287 5072 1596 5128 crederent
1623 5088 1637 5139 ;
1672 5072 1779 5128 sed
1804 5072 2106 5129 credendo
2122 5074 2244 5145 jus-

591 5164 813 5233 tiﬂcati,
847 5164 1135 5235 deinceps
1158 5162 1314 5235 juste
1356 5162 1550 5217 vivere
1582 5161 1925 5234 inciperent.
1959 5162 2077 5218 Hoc
2103 5180 2245 5235 ergo

591 5254 805 5311 docere
818 5253 1089 5319 intendit,
1117 5252 1402 5308 omnibus
1415 5251 1649 5308 venisse
1666 5251 1919 5322 gratiam
1943 5251 2243 5324 Evangelii

2359 4452 2597 4508 Domini
2622 4452 2811 4508 nostri
2829 4454 2968 4507 Jesu
2996 4450 3218 4507 Christi.
3248 4452 3423 4518 Quod
3480 4457 3780 4526 propterea
3820 4442 3960 4500 etiam

2358 4542 2615 4612 gratiam
2647 4541 2847 4597 vocari
2873 4538 3149 4605 ostendit,
3206 4541 3351 4611 quia
3391 4557 3512 4598 non
3540 4540 3707 4613 quasi
3733 4534 3959 4593 debitum

2353 4630 2593 4701 justitiae
2608 4629 2906 4686 redditum
2922 4628 3146 4697 est,sed
3172 4632 3431 4701 gratuito
3448 4631 3672 4687 datum.
3702 4621 3960 4698 Coeperam

2357 4718 2517 4775 enim
2548 4718 2820 4775 nonnulli
2848 4720 2951 4791 qui
3000 4734 3077 4775 ex
3102 4718 3327 4774 Iudaeis
3360 4719 3749 4781 crediderant,
3779 4704 3960 4768 tumul-

2356 4808 2510 4865 tuari
2538 4808 2826 4864 adversus
2859 4807 3090 4872 Gentes,
3115 4812 3168 4862 et
3194 4810 3457 4865 maxime
3470 4808 3745 4865 adversus
3767 4800 3957 4874 aposto-

2354 4897 2481 4953 lum
2510 4896 2783 4964 Paulum,
2808 4896 2969 4968 quod
3020 4896 3465 4953 incircumcisos
3498 4902 3553 4953 et
3605 4894 3763 4966 Legis
3788 4882 3958 4945 veteris

2356 4986 2608 5042 vinculis
2642 4986 2862 5042 liberos
2893 4984 3243 5043 admittebat
3292 4986 3371 5042 ad
3402 4985 3699 5057 Evangelii
3726 4978 3954 5053 gratiam.

2354 5075 2689 5149 praedicans
2718 5074 2801 5130 eis
2832 5079 2894 5130 ut
2917 5074 2977 5129 in
3010 5073 3305 5130 Christum
3335 5075 3663 5139 crederent,
3696 5069 3840 5127 nullo
3864 5065 3953 5117 im-

2352 5165 2554 5237 posito
2568 5163 2821 5221 carnalis
2835 5162 3303 5219 circumcisionis
3320 5164 3489 5235 jugo.
3516 5163 3627 5221 Sed
3655 5161 3815 5233 plane
3828 5155 3958 5209 tanta

2354 5253 2785 5319 moderatione,
2827 5252 2909 5308 uti
2932 5266 3041 5307 nec
3068 5252 3303 5309 Iudaeos
3352 5252 3659 5326 superbire
3682 5239 3954 5321 permittat,

1872 5363 2148 5399 ADMONITIO
2182 5366 2256 5399 PP.
2289 5366 2740 5400 BBNEDIC‘I’INORUX.

652 5440 709 5505 In
742 5443 862 5491 Mss.
891 5441 1090 5490 nostris
1116 5452 1235 5505 non,
1248 5443 1457 5505 reperta
1480 5443 1560 5490 est
1582 5441 1841 5505 (praesens
1872 5437 2165 5505 Expositio)
2198 5455 2209 5489 :
2238 5440 2331 5491 sed
2363 5440 2546 5491 multis
2577 5440 2787 5491 mendis
2810 5440 3043 5504 purgata
3070 5452 3215 5489 nunc
3244 5438 3342 5490 fuit
3370 5451 3473 5503 cpe
3504 5422 3957 5496 manuscriptiVati-

592 5504 710 5550 cani
750 5519 761 5559 ;
797 5507 849 5552 et
882 5505 1149 5553 recensita
1175 5504 1243 5553 ad
1273 5502 1534 5553 editiones
1566 5502 1681 5551 Am.
1707 5502 1790 5553 Er.
1829 5505 1882 5551 et
1908 5502 2038 5553 Lov.

683 5591 1249 5679 Comparavimus
1268 5606 1605 5682 praeterea
1635 5615 1746 5659 eas
1774 5614 2001 5659 omnes
2034 5591 2369 5661 editiones
2400 5592 2600 5661 initio
2635 5594 2817 5661 Retr.
2854 5598 2920 5660 et
2954 5594 3264 5663 Confess.
3294 5606 3341 5660 t.
3370 5594 3431 5673 1,
3468 5594 3873 5657 memoratas.

651 5705 722 5774 (a)
752 5702 988 5771 Scriptus
1012 5705 1220 5756 circiter
1249 5706 1440 5757 Christi
1465 5721 1671 5759 annum
1706 5709 1814 5769 39b,
1847 5709 2049 5761 scilicet
2070 5710 2375 5774 Augustino
2399 5708 2575 5760 adhuc
2600 5708 2933 5773 presbytero,
2965 5723 3031 5761 ex
3059 5710 3309 5769 Retract.,
3336 5706 3427 5758 lib.
3464 5707 3508 5766 1,
3542 5719 3614 5757 cc.
3642 5703 3720 5761 23,
3742 5700 3816 5751 25.
