4182 6198
222 126 362 195 ἓῧ89

217 268 509 336 tanquam
541 260 615 317 de
637 249 863 316 meritis
889 261 1141 329 operum
1171 258 1337 328 Legis
1359 273 1502 325 ;nec
1528 260 1738 315 Gentes
1758 273 1879 313 me-

218 355 325 410 rito
351 352 491 408 ﬁdei
524 350 812 406 adversus
842 347 1085 403 Judaos
1115 347 1334 414 inﬂari,
1361 348 1525 420 quod
1558 348 1672 421 ipsi
1713 363 1879 403 rece-

213 445 405 518 perint
431 440 748 505 Christum,
777 453 956 510 quem
978 437 1061 492 illi
1091 436 1511 493 cruciﬁxerunt
1539 455 1551 492 :
1583 443 1874 510 tanquam

221 533 398 600 enim,
435 531 591 586 sicut
618 528 736 585 alio
777 527 908 584 loco
938 526 1097 593 dicit,
1131 543 1239 599 pro
1275 527 1408 599 ipso
1435 527 1688 582 Domino
1713 527 1868 596 lega-

214 623 368 680 tione
399 621 656 689 fungens
687 618 757 689 (Il
807 616 944 672 Cor.
984 634 1035 680 v,
1087 618 1198 686 20),
1255 617 1369 672 hoc
1397 621 1504 680 est,
1538 631 1646 687 pro
1675 615 1872 687 lapide

217 709 487 781 angulari
520 707 761 780 (Ephes.
819 723 876 772 ιι,
909 706 1020 775 20),
1056 712 1376 779 utrumque
1427 705 1718 777 populum
1751 710 1870 760 tam

221 818 288 858 ex
320 798 544 854 Judais
594 812 778 868 quam
809 812 876 850 ex
912 795 1195 851 Gentibus
1222 793 1518 851 connectit
1550 795 1609 849 in
1643 794 1872 850 Christo

217 905 320 962 per
374 885 680 942 vinculum
734 884 958 954 gratia,
993 883 1260 955 utrisque
1308 883 1583 940 auferens
1626 898 1872 938 omnem

219 976 560 1050 superbiam
612 975 980 1037 meritorum,
1015 978 1071 1027 et
1114 972 1530 1042 justiﬁcandos
1587 977 1872 1043 utrosque

217 1082 320 1139 per
349 1062 736 1135 disciplinam
768 1061 1114 1117 humilitatis
1145 1063 1478 1117 associans.

285 1146 550 1217 2.1taque
578 1143 905 1215 Epistolam
928 1142 1010 1196 sic
1027 1157 1274 1197 exorsus
1297 1147 1383 1195 est
1409 1141 1651 1195 :Paulus
1674 1154 1873 1196 servus

220 1235 354 1290 Jesu
368 1233 586 1289 Christi
599 1237 832 1287 vocatus
844 1232 1510 1302 apostolus,segregatus
1527 1230 1590 1284 in
1603 1230 1873 1298 Evange-

225 1324 365 1379 tium
393 1323 496 1378 Dei
525 1322 706 1392 (Rom.
738 1337 773 1390 ι,
816 1321 885 1390 l).
916 1319 1167 1374 Breviter
1193 1320 1250 1374 in
1272 1318 1511 1374 duobus
1540 1319 1740 1374 verbis
1777 1320 1877 1372 Ec-

219 1412 416 1468 clesia
446 1410 796 1479 dignitatem
829 1424 865 1463 a
889 1408 1222 1479 Synagoga
1254 1411 1544 1464 vetustate
1567 1406 1873 1463 discernit.

224 1500 474 1557 Ecclesia
494 1499 719 1571 quippe
741 1513 812 1552 ex
833 1497 1140 1552 vocatione
1165 1496 1464 1568 appellata
1480 1501 1585 1561 est,
1605 1498 1875 1568 Synago-

225 1605 449 1660 gavero
463 1604 532 1643 ex
551 1586 1033 1655 congregatione.
1052 1586 1375 1641 Convocari
1389 1587 1546 1641 enim
1565 1584 1757 1655 magis
1770 1585 1877 1640 ho-

224 1679 481 1735 minibus
503 1676 794 1745 congruit,
811 1674 1167 1744 congregari
1193 1679 1394 1730 autem
1421 1675 1613 1745 magis
1645 1673 1876 1746 pecori-

224 1770 359 1824 bus:
379 1766 536 1822 unde
550 1780 759 1836 greges
774 1764 1013 1836 proprie
1029 1779 1311 1834 pecorum
1325 1763 1444 1818 dici
1459 1763 1666 1819 solent.
1677 1765 1875 1828 Quan-

223 1873 404 1930 quam
466 1869 606 1924 ergo
663 1854 962 1926 plerisque
1025 1853 1466 1924 Scripturarum
1524 1852 1674 1908 locis
1741 1853 1874 1923 ipsa

226 1945 479 2002 Ecclesia
493 1959 633 2016 grex
649 1944 838 2008 Dei,et
855 1941 1008 1998 ovile
1031 1943 1149 2007 Dei,
1177 1947 1232 1998 et
1255 1957 1438 2013 pecus
1463 1941 1564 1996 Dei
1596 1947 1831 1997 vocetur
1855 1958 1869 2006 ;

225 2041 421 2093 tamen
439 2049 575 2089 cum
595 2033 653 2087 in
672 2032 1123 2104 comparatione
1143 2030 1417 2087 homines
1435 2046 1653 2102 pecora
1668 2029 1875 2084 dicun-

225 2128 338 2189 tur,
350 2123 426 2179 ad
441 2124 623 2177 vitam
639 2129 892 2176 veterem
911 2120 1287 2190 pertinent.Et
1300 2123 1550 2191 apparet
1562 2119 1666 2189 huj
1679 2133 1873 2173 usmo-

224 2213 280 2268 di
323 2212 622 2280 homines,
671 2225 791 2265 non
835 2209 968 2265 cibo
1013 2209 1394 2279 sempiterna
1435 2207 1716 2273 veritatis,
1766 2206 1874 2262 sed

223 2301 637 2374 temporalium
652 2299 1119 2370 promissionum
1136 2303 1426 2369 tanquam
1442 2303 1672 2352 terreno
1687 2296 1875 2368 pabu-

226 2392 282 2447 lo
312 2407 443 2446 esse
474 2393 803 2445 contentos.
834 2388 1063 2443 Paulus
1093 2401 1235 2456 ergo
1259 2402 1456 2443 servus
1485 2386 1708 2441 Christi
1735 2387 1874 2440 Jesu

224 2487 457 2537 vocatus
479 2485 567 2534 est
586 2479 884 2545 apostolus
905 2498 926 2546 ;
946 2492 1082 2548 qua
1115 2476 1347 2531 vocatio
1380 2475 1547 2531 illum
1576 2474 1877 2546 cooptavit

224 2568 514 2625 Ecclesia.
539 2567 608 2622 In
629 2567 1021 2636 Evangetium
1041 2570 1241 2620 autem
1263 2565 1368 2620 Dei
1392 2571 1728 2635 segregatus
1749 2569 1836 2619 est
1859 2581 1874 2631 ;

227 2664 381 2714 unde
395 2657 508 2712 nisi
525 2672 560 2711 a
578 2671 755 2726 grege
772 2655 1127 2727 Synagoga,
1149 2655 1196 2709 si
1219 2654 1539 2709 verborum
1554 2654 1876 2710 latinorum

225 2745 581 2816 signiﬁcatio
611 2744 776 2800 omni
806 2744 989 2799 modo
1019 2759 1155 2798 cum
1179 2758 1374 2814 graca
1395 2744 1878 2815 interpretatione

223 2834 546 2893 concordat
575 2833 603 2889 ‘i

294 2919 346 2971 3.
382 2917 537 2971 Sane
565 2912 948 2984 Evangelium
973 2913 1093 2981 Dei,
1121 2912 1180 2967 in
1211 2911 1378 2983 quod
1405 2914 1786 2980 segregatum
1817 2926 1879 2966 se

225 3020 356 3060 esse
376 3006 832 3067 commemorat,
848 3000 1236 3056 commendat
1260 3000 1610 3056 auctoritate
1634 2999 1882 3070 Prophe-

227 3101 448 3151 tarum:
476 3099 538 3147 ut
558 3092 846 3163 quoniam
868 3090 1172 3145 credentes
1195 3089 1512 3154 Christum,
1530 3089 1592 3145 in
1622 3104 1880 3160 quorum

224 3198 546 3241 numerum
563 3185 806 3236 vocatus
818 3179 1155 3248 est,Judais
1171 3184 1595 3250 praposuerat,
1609 3195 1644 3234 a
1661 3177 1882 3249 quibus

226 3288 288 3327 se
300 3271 533 3327 dixerat
545 3275 943 3339 segregatum,
963 3268 1174 3323 Gentes
1188 3285 1394 3323 rursus
1403 3268 1530 3338 jam
1545 3283 1666 3323 non
1680 3283 1883 3338 super-

226 3360 354 3417 bire
367 3359 714 3415 admoneat.
734 3358 1038 3429 Siquidem
1057 3357 1131 3413 de
1159 3356 1380 3428 populo
1401 3356 1745 3412 Judaorum
1764 3355 1884 3410 fue-

229 3455 367 3506 runt
403 3447 734 3518 Propheta,
770 3462 874 3518 per
902 3461 1056 3518 quos
1097 3445 1505 3515 Evangelium,
1556 3445 1730 3515 cujus
1765 3444 1885 3499 ﬁde

231 3539 537 3595 credentes
558 3536 978 3607 justiﬁcantur,
1006 3540 1142 3591 ante
1166 3535 1523 3606 promissum
1550 3550 1678 3590 esse
1716 3539 1894 3589 testa-

239 3633 359 3683 tur:
379 3626 741 3696 Segregatus
754 3625 934 3690 enim,
955 3623 1159 3695 inquit,
1180 3623 1574 3693 Evangetium
1591 3624 1718 3687 Dei,
1742 3621 1895 3693 quod

234 3723 379 3773 ante
398 3716 754 3784 promiserat
779 3728 878 3784 per
915 3713 1234 3783 Prophetas
1267 3728 1393 3768 suos
1435 3714 1623 3782 (Rom.
1651 3727 1690 3776 ι,
1732 3717 1778 3776 l,
1811 3711 1889 3780 2).

237 3804 666 3860 Fueruntenim
681 3803 1051 3873 etpropheta
1067 3817 1184 3857 non
1200 3801 1474 3873 ipsius,in
1487 3801 1702 3873 quibus
1715 3801 1892 3856 etiam

236 3893 442 3965 aliqua
480 3893 860 3947 inveniuntur
885 3907 1021 3963 qua
1057 3891 1131 3946 de
1165 3890 1394 3946 Christo
1433 3889 1638 3947 audita
1668 3889 1893 3945 cecine-

235 3989 396 4049 runt,
415 3982 754 4037 sicutetiam
774 3981 848 4035 de
878 3979 1102 4051 Sibylla
1131 3979 1553 4051 dicitur:quod
1575 3994 1696 4034 non
1727 3977 1895 4034 facile

234 4071 565 4136 crederem,
596 4069 707 4125 nisi
728 4069 894 4141 quod
918 4073 1230 4139 poetarum
1261 4068 1510 4139 quidam
1540 4067 1598 4122 in
1626 4070 1896 4123 Romana

235 4161 446 4231 lingua
463 4159 869 4215 nobilissimus
891 4162 1217 4229 antequam
1234 4157 1454 4213 diceret
1470 4172 1540 4213 ea
1555 4156 1628 4212 de
1649 4157 1895 4212 innova-

235 4249 401 4306 tione
431 4247 652 4312 saculi,
675 4248 895 4320 quain
926 4246 1158 4301 Domini
1184 4246 1364 4300 nostri
1395 4245 1535 4300 Jesu
1569 4245 1779 4300 Christi
1810 4260 1895 4301 re-

237 4354 430 4409 gnum
461 4337 604 4392 satis
626 4337 939 4392 concinere
962 4339 1016 4390 et
1038 4335 1356 4391 convenire
1385 4335 1718 4404 videantur,
1750 4350 1899 4406 pra-

239 4426 445 4500 posuit
476 4442 737 4489 versum,
779 4425 986 4480 dicens
1030 4447 1042 4478 :

481 4514 677 4565 Ultima
697 4514 895 4564 Cumai
926 4513 1071 4564 venit
1090 4513 1204 4576 jam
1230 4513 1481 4576 carminis
1513 4516 1658 4562 atas.

1085 4574 1253 4638 (Virg.
1291 4575 1469 4637 Eclog.
1502 4577 1547 4635 4,
1575 4590 1622 4623 υ.
1651 4577 1719 4637 4.)

240 4661 553 4716 Cumaum
567 4662 765 4714 autem
794 4673 1035 4714 carmen
1065 4656 1421 4728 Sibyllinum
1442 4673 1569 4711 esse
1588 4671 1764 4712 nemo
1795 4655 1900 4710 du-

237 4747 536 4804 bitaverit.
552 4747 751 4802 Sciens
765 4762 906 4817 ergo
922 4745 1234 4818 Apostolus
1257 4761 1328 4801 ea
1345 4744 1405 4799 in
1431 4745 1591 4800 libris
1625 4745 1900 4800 Gentium

236 4837 494 4892 inveniri
525 4835 864 4891 testimonia
895 4834 1174 4898 veritatis,
1204 4849 1340 4905 qua
1365 4834 1547 4888 etiam
1576 4833 1634 4887 in
1656 4834 1899 4889 Actibus

237 4924 668 4998 Apostolorum
681 4924 932 4996 loquens
944 4923 1403 4978 Atheniensibus
1419 4921 1902 4978 manifestissime

235 5014 669 5082 ostendit(Act.
686 5028 826 5077 xvu,
847 5012 958 5083 28),
974 5027 1095 5068 non
1121 5011 1316 5067 solum
1335 5011 1434 5078 ait,
1452 5026 1560 5081 per
1578 5011 1902 5080 Prophetas

235 5119 402 5165 suos,
419 5118 494 5158 ne
506 5102 640 5174 quis
655 5117 688 5157 a
702 5100 1241 5174 pseudoprophetis
1264 5116 1368 5172 per
1380 5100 1682 5171 quasdam
1698 5101 1904 5156 verita-

239 5194 314 5249 tis
325 5192 742 5249 confessiones
755 5191 814 5246 in
829 5190 1097 5263 aliquam
1117 5189 1484 5260 impietatem
1499 5190 1900 5254 seduceretur;

239 5281 354 5338 sed
376 5279 612 5337 addidit
632 5281 833 5346 etiam,
858 5279 921 5335 in
941 5278 1264 5347 Scripturis
1281 5277 1502 5334 sanctis
1516 5298 1535 5334 .-
1561 5277 1768 5333 volens
1789 5279 1904 5332 uti-

237 5387 363 5445 que
385 5368 703 5427 ostendere
728 5367 950 5425 litteras
972 5367 1248 5424 Gentium
1272 5367 1699 5439 superstitiosa
1722 5366 1908 5422 idolo-

240 5459 440 5517 latria
459 5458 866 5530 plenissimas,
883 5473 1003 5514 non
1028 5456 1161 5513 ideo
1187 5462 1424 5512 sanctas
1445 5456 1653 5512 haberi
1674 5460 1909 5526 Oporte-

239 5566 329 5617 re,
356 5549 499 5622 quia
533 5547 593 5603 in
619 5545 706 5604 eis
735 5546 962 5619 aliquid
1003 5545 1170 5620 quod
1210 5545 1289 5602 ad
1326 5545 1621 5602 Christum
1657 5545 1909 5617 pertinet

243 5637 573 5697 invenitur.
651 5639 654 5642 ’

542 5727 775 5783 Ρλταοι..
814 5724 1036 5784 XXXV.

1541 115 1901 188 INCHOATA
1943 120 2346 190 EXPOSITIO.

3490 129 3631 195 2090

2056 259 2107 312 4.
2129 258 2194 313 Et
2212 272 2285 312 ne
2308 256 2632 328 quisquam
2645 257 2824 313 etiam
2851 257 3167 329 prophetas
3186 257 3417 329 aliquos
3441 276 3640 317 remo-

1982 351 2071 404 tos
2103 353 2281 418 atque
2300 347 2524 402 alienos
2542 363 2577 403 a
2599 351 2772 415 gente
2791 349 2816 402 J
2827 346 3133 401 udaorum
3157 345 3305 402 forte
3323 349 3626 418 proferret,

1971 437 2039 490 in
2063 436 2284 507 quibus
2314 435 2515 490 nullus
2540 436 2997 491 simulacrorum
3025 435 3216 491 cultus
3247 440 3418 501 esset,
3451 454 3640 508 quan-

1981 529 2107 580 tum
2126 526 2330 580 attinet
2344 525 2419 580 ad
2436 523 2760 580 simulacra
2777 541 2911 596 qua
2927 524 3196 580 humana
3208 529 3490 596 operatur
3516 543 3641 583 ma-

1979 627 2095 667 nus
2124 633 2138 668 :
2165 627 2308 667 nam
2340 612 2674 667 simulacris
2703 612 3198 683 phantasmatum
3232 629 3479 669 suorum
3515 630 3643 670 sec-

1977 704 2198 756 tatores
2215 717 2359 756 suos
2372 701 2570 756 omnis
2585 701 3048 756 errorilluditzne
3060 701 3195 772 quis
3210 706 3414 757 tamen
3435 703 3641 774 aliqua

1979 790 2326 860 hujusmodi
2350 788 2678 860 proferens,
2704 788 2939 860 quiaibi
2963 789 3171 844 Christi
3197 806 3418 846 nomen
3446 796 3640 847 osten-

1978 883 2081 944 tat,
2105 895 2208 935 eas
2238 879 2435 951 potius
2465 884 2701 935 sanctas
2727 880 3061 950 Scripturas
3091 895 3218 934 esse
3247 886 3494 944 asserat,
3514 896 3638 936 non

1979 983 2081 1023 eas
2100 984 2236 1040 qua
2263 967 2486 1040 populo
2512 970 2895 1023 Hebraorum
2919 972 3053 1023 sunt
3080 969 3362 1023 divinitus
3379 969 3635 1034 credita,

1979 1057 2120 1112 satis
2145 1064 2482 1129 opportune
2509 1056 2652 1112 mihi
2676 1057 2906 1112 videtur
2923 1057 3267 1127 adjungere,
3297 1075 3434 1113 cum
3458 1059 3641 1114 dixis-

1981 1151 2086 1213 set,
2109 1148 2172 1202 in
2194 1146 2526 1214 Scripturis
2545 1146 2783 1209 sanctis,
2809 1146 2971 1216 quod
2998 1147 3230 1216 adjecit,
3247 1148 3318 1202 de
3337 1148 3487 1202 Filio
3509 1165 3633 1219 suo,

1979 1235 2076 1306 qui
2099 1236 2300 1304 factus
2323 1240 2405 1291 est
2426 1234 2478 1288 ei
2499 1249 2574 1290 ea:
2597 1236 2812 1289 semine
2835 1234 3038 1298 David,
3057 1237 3372 1291 secundum
3395 1251 3634 1293 carnem

1982 1325 2169 1395 (Rom.
2212 1339 2248 1389 ι,
2282 1324 2358 1393 3).
2398 1323 2581 1378 David
2615 1323 2773 1377 enim
2805 1329 2960 1376 certe
2991 1337 3092 1376 rex
3127 1323 3471 1379 Judaorum
3505 1325 3633 1381 fuit.

1982 1411 2302 1484 Oportebat
2331 1416 2530 1467 autem
2565 1415 2626 1465 ut
2656 1427 2725 1466 ex
2759 1410 2860 1466 illa
2887 1415 3059 1479 gente
3089 1413 3384 1466 orirentur
3427 1413 3637 1469 Christi

1981 1503 2472 1574 pranuntiatores
2528 1499 2857 1569 Propheta,
2901 1515 2972 1554 ex
3012 1515 3136 1571 qua
3171 1506 3343 1568 gente
3393 1516 3637 1557 carnem

1984 1600 2402 1661 assumpturus
2424 1593 2549 1643 erat
2570 1603 2752 1658 quem
2777 1587 3283 1657 pranuntiabant.
3311 1589 3640 1644 Occurren-

1982 1679 2125 1735 dum
2168 1684 2367 1734 autem
2407 1682 2533 1732 erat
2571 1677 2749 1731 etiam
2781 1677 3018 1731 illorum
3050 1677 3359 1748 impietati,
3390 1679 3493 1749 qui
3523 1679 3634 1734 Do-

1984 1769 2214 1822 minum
2264 1771 2534 1821 nostrum
2572 1766 2781 1819 Jesum
2833 1765 3130 1820 Christum
3171 1766 3502 1821 secundum
3534 1768 3638 1823 ho-

1982 1858 2204 1912 minem
2245 1854 2685 1917 tantummodo,
2729 1869 2911 1924 quem
2951 1855 3231 1926 suscepit,
3277 1855 3580 1926 accipiunt
3618 1872 3632 1921 ;

1981 1946 2349 2001 divinitatem
2367 1948 2567 1999 autem
2585 1943 2644 1997 in
2659 1958 2728 1997 eo
2753 1958 2871 1998 non
2893 1942 3228 2011 intelligunt
3246 1944 3322 1999 ab
3344 1945 3634 2000 universa

1983 2039 2268 2090 creatura
2290 2031 2716 2088 communione
2735 2030 3055 2086 discretam
3076 2051 3088 2090 :
3107 2032 3267 2087 velut
3289 2032 3405 2104 ipsi
3423 2033 3633 2098 Judaei,

1982 2124 2084 2194 qui
2115 2121 2410 2182 Christum
2449 2119 2636 2174 ﬁlium
2679 2119 2862 2174 David
2893 2121 3313 2176 tantummodo
3355 2137 3482 2176 esse
3514 2123 3637 2192 opi-

1983 2217 2222 2275 nantur,
2255 2211 2594 2279 ignorantes
2625 2207 3036 2262 excellentiam
3067 2224 3190 2279 qua
3223 2210 3512 2264 Dominus
3547 2215 3637 2266 est

1982 2300 2168 2371 ipsius
2194 2295 2744 2361 David,secundum
2761 2295 2820 2350 id
2841 2296 3006 2366 quod
3024 2300 3112 2350 est
3132 2296 3303 2351 Filius
3322 2297 3442 2352 Dei.
3475 2301 3638 2354 Unde

1983 2388 2113 2444 illos
2143 2388 2202 2442 in
2237 2385 2555 2455 Evangelio
2590 2383 2893 2453 redarguit
2933 2400 3037 2454 per
3074 2386 3472 2456 prophetiam,
3507 2403 3639 2458 qua

1985 2478 2173 2549 ipsius
2212 2475 2401 2530 David
2430 2489 2532 2529 ore
2564 2473 2794 2543 prolata
2823 2476 2929 2527 est.
2966 2474 3183 2537 Quarit
3224 2475 3384 2529 enim
3416 2475 3493 2530 ab
3533 2477 3639 2541 eis,

1986 2581 2166 2637 quem
2180 2565 2305 2635 ipse
2325 2562 2509 2618 David
2527 2562 2839 2617 Dominum
2860 2561 3143 2632 appellat,
3161 2563 3468 2634 quomodo
3485 2564 3642 2620 ﬁlius

1987 2655 2115 2725 ejus
2147 2654 2222 2709 sit
2257 2652 2494 2724 (Matth.
2527 2666 2672 2716 xxu,
2705 2651 2893 2719 42-45)
2928 2668 2940 2705 :
2975 2651 3070 2705 cui
3110 2651 3394 2708 deberent
3438 2655 3642 2725 utique

1987 2742 2352 2814 respondere
2398 2739 2562 2811 quod
2607 2738 2941 2794 secundum
2987 2755 3230 2795 carnem
3278 2741 3437 2796 ﬁlius
3489 2749 3645 2798 esset

1991 2831 2199 2896 David,
2223 2829 2554 2886 secundum
2595 2827 2967 2883 divinitatem
3007 2834 3208 2884 autem
3241 2829 3422 2886 Filius
3457 2833 3554 2887 Dei
3593 2837 3648 2888 et

1993 2921 2279 2977 Dominus
2295 2918 2488 2988 ipsius
2504 2916 2711 2971 David.
2733 2916 2903 2980 Quod
2925 2917 3145 2973 Paulus
3167 2920 3475 2989 apostolus
3501 2922 3647 2992 quia

1985 3011 2114 3081 jam
2152 3008 2460 3069 didicerat,
2503 3010 2894 3075 posteaquam
2934 3005 3103 3070 dixit,
3144 3009 3205 3062 in
3249 3009 3646 3078 Evangelium

1991 3098 2117 3164 Dei,
2132 3096 2280 3167 quod
2291 3103 2419 3150 ante
2437 3095 2798 3162 promiserat
2804 3108 2912 3162 per
2930 3094 3250 3162 Prophetas
3263 3113 3393 3151 suos
3405 3101 3465 3153 in
3490 3100 3653 3155 Scri-

1987 3187 2184 3266 pturis
2197 3184 2415 3240 sanctis
2440 3182 2814 3244 deFitiosuo,
2832 3183 2935 3252 qui
2951 3183 3152 3249 factus
3173 3190 3258 3239 est
3270 3185 3320 3238 ei
3339 3201 3412 3242 ea:
3434 3189 3650 3244 semine

1993 3276 2211 3337 David,
2235 3272 2489 3336 addidit,
2515 3271 2837 3327 secundum
2858 3285 3096 3326 carnem
3118 3288 3133 3324 :
3154 3286 3228 3326 ne
3245 3273 3358 3327 hoc
3384 3274 3578 3329 solum
3597 3281 3654 3332 et

1997 3372 2184 3422 totum
2199 3364 2259 3418 in
2273 3361 2504 3418 Christo
2521 3376 2652 3416 esse
2672 3359 3115 3429 arbitrarentur,
3134 3360 3294 3432 quod
3313 3361 3505 3418 factus
3527 3369 3652 3422 erat

2002 3452 2336 3509 secundum
2368 3465 2632 3506 carnem.
2662 3447 2952 3504 Addendo
2980 3463 3140 3518 ergo,
3167 3451 3490 3508 secundum
3516 3467 3650 3508 car-

1996 3558 2152 3610 nem,
2173 3539 2425 3595 servavit
2447 3537 2741 3593 divinitati
2767 3536 3120 3607 dignitatem
3145 3555 3338 3594 suam.
3361 3542 3501 3605 Qua
3529 3557 3652 3598 non

2003 3631 2198 3688 solum
2213 3627 2427 3685 semini
2451 3627 2655 3694 David,
2672 3626 2779 3681 sed
2793 3641 2899 3681 nec
2913 3625 3089 3681 alicui
3108 3628 3391 3698 angelica
3413 3635 3515 3685 aut
3539 3646 3652 3685 cu-

1997 3721 2185 3792 jusvis
2224 3715 2729 3773 excellentissima
2755 3720 3038 3770 creatura
3067 3718 3436 3785 generationi
3470 3719 3654 3775 tribui

2001 3812 2194 3882 potest
2221 3826 2234 3874 ;
2257 3804 2755 3879 quandoquidem
2781 3805 2980 3875 ipsum
3012 3810 3103 3860 est
3125 3806 3379 3862 Verbum
3406 3809 3522 3873 Dei,
3546 3825 3651 3880 per

2000 3897 2164 3970 quod
2179 3896 2336 3951 facta
2349 3898 2489 3949 sunt
2509 3894 2733 3949 omnia.
2752 3893 2922 3958 Quod
2939 3893 3193 3950 Verbum
3208 3911 3279 3951 ex
3295 3898 3520 3952 semine
3546 3900 3653 3954 Da-

2001 3987 2101 4042 vid
2125 4001 2262 4041 caro
2280 3985 2505 4041 factum
2527 3988 2711 4048 est,‘,et
2731 3983 3021 4039 habitavit
3038 3984 3097 4039 in
3115 3985 3288 4041 nobis
3312 3987 3505 4056 (Joan.
3538 4006 3572 4053 1,
3603 3995 3652 4056 l,

2003 4081 2054 4142 3,
2083 4075 2193 4146 14),
2222 4090 2342 4130 non
2372 4078 2668 4129 mutatum
2691 4078 2746 4128 et
2770 4089 3125 4128 conversum
3157 4075 3216 4129 in
3230 4091 3471 4131 carnem
3507 4096 3519 4144 ;
3550 4079 3654 4133 sed

2002 4181 2176 4220 cerne
2193 4162 2607 4220 utcarnalibus
2622 4167 3343 4234 congruenterappareret
3356 4166 3657 4223 indutum.

2004 4257 2379 4325 Quapropter
2397 4250 2716 4322 Apostolus
2733 4265 2853 4305 non
2872 4251 3066 4305 solum
3081 4267 3149 4307 eo
3174 4254 3354 4307 verbo
3371 4253 3535 4324 quod
3553 4254 3653 4323 ait,

2001 4343 2322 4400 secundum
2367 4355 2624 4401 carnem,
2654 4340 3089 4394 humanitatem
3133 4356 3168 4395 a
3198 4341 3502 4397 divinitate
3533 4342 3655 4397 dis-

2007 4433 2174 4488 tinxit
2197 4448 2212 4494 ;
2234 4430 2338 4485 sed
2352 4430 2530 4484 etiam
2549 4427 2646 4482 illo
2660 4442 2781 4494 quo
2795 4427 3106 4495 ait,factus
3124 4435 3228 4483 est.
3249 4432 3376 4484 Non
3395 4435 3480 4485 est
3497 4431 3657 4487 enim

2005 4521 2195 4577 factus
2229 4517 2560 4574 secundum
2586 4515 2646 4570 id
2677 4516 2840 4586 quod
2881 4515 3132 4570 Verbum
3169 4519 3266 4572 Dei
3303 4523 3410 4574 est.
3445 4520 3660 4576 Omnia

2006 4609 2164 4665 enim
2191 4607 2505 4679 peripsum
2529 4604 2686 4660 facta
2713 4609 2886 4674 sunt;
2917 4620 3024 4660 nec
3049 4604 3174 4660 ﬁeri
3205 4622 3342 4662 cum
3376 4609 3660 4665 omnibus

2006 4702 2322 4770 possetper
2337 4710 2519 4766 quem
2537 4693 2692 4748 facta
2706 4698 2844 4747 sunt
2860 4694 3292 4767 omnia.Neque
3307 4703 3442 4753 ante
3457 4700 3661 4756 omnia

2006 4787 2196 4844 factus
2228 4788 2334 4847 est,
2364 4788 2424 4838 ut
2454 4799 2558 4855 per
2588 4783 2786 4854 ipsum
2810 4782 3017 4838 ﬁerent
3051 4785 3256 4841 omnia
3285 4802 3297 4840 :
3328 4787 3457 4859 ipso
3497 4790 3659 4844 enim

2006 4881 2274 4946 excepto,
2298 4873 2346 4927 si
2377 4878 2513 4928 ante
2541 4871 2774 4942 illajam
2792 4871 2982 4928 factus
3004 4880 3174 4939 esset,
3211 4891 3328 4931 non
3354 4877 3664 4932 essentilla

2007 4964 2213 5021 omnia
2234 4979 2369 5035 qua
2397 4978 2501 5033 per
2522 4962 2686 5017 illum
2714 4960 2920 5017 ﬁerent
2946 4978 2958 5027 ;
2990 4979 3096 5018 nec
3121 4970 3364 5034 possent
3385 4982 3520 5020 vere
3545 4966 3663 5020 dici

2006 5051 2163 5109 facta
2183 5051 2386 5106 omnia
2407 5066 2511 5120 per
2530 5050 2754 5120 ipsum,
2776 5050 2833 5104 in
2854 5052 3075 5122 quibus
3103 5051 3228 5121 ipse
3258 5069 3380 5106 non
3415 5057 3585 5116 esset,
3616 5053 3662 5106 si

2010 5139 2140 5213 ipse
2159 5141 2334 5195 etiam
2364 5139 2555 5193 factus
2587 5145 2758 5193 esset.
2790 5142 2856 5193 Et
2877 5141 3010 5195 ideo
3040 5141 3355 5211 Apostolus
3385 5158 3520 5195 cum
3549 5143 3667 5198 fac-

2013 5236 2135 5286 tum
2169 5229 2386 5284 diceret
2418 5227 2734 5292 Christum,
2766 5228 3014 5292 addidit,
3043 5230 3363 5285 secundum
3393 5245 3669 5297 carnem;

2014 5326 2074 5374 ut
2096 5316 2426 5373 secundum
2456 5315 2716 5370 Verbum
2743 5316 2906 5386 quod
2933 5322 3020 5370 est
3047 5317 3219 5371 Filius
3237 5317 3357 5383 Dei,
3394 5334 3514 5375 non
3553 5321 3669 5377 fac-

2011 5412 2137 5463 tum
2166 5421 2200 5462 a
2232 5407 2368 5468 Deo,
2413 5403 2517 5458 sed
2550 5407 2759 5458 natum
2791 5418 2919 5458 esse
2953 5409 3330 5460 monstraret.

2084 5546 2144 5602 5.
2166 5543 2454 5600 Eumdem
2471 5558 2614 5599 sane
2629 5542 2826 5614 ipsum
2841 5544 2948 5614 qui
2961 5545 3277 5601 secundum
3299 5562 3535 5606 carnem
3546 5553 3672 5620 fac-

2017 5640 2107 5691 tus
2119 5640 2199 5692 est
2223 5649 2296 5691 ex
2308 5632 2526 5690 semine
2545 5631 2761 5699 David,
2773 5633 3260 5702 praedestinatum
3285 5636 3422 5695 dicit
3447 5640 3670 5700 Filium

2911 5723 3386 5801 (Soixante-six.)
