  <div class='ocr_page' id='page_1' title='image "/cluster/home/n/w/nwhite01/storage/ocr_20150623/35/hvd.32044054170956/396.png"; bbox 0 0 4182 6198; ppageno 0'>
   <div class='ocr_carea' id='block_1_1' title="bbox 295 197 437 260">
    <p class='ocr_par' dir='ltr' id='par_1_1' title="bbox 295 197 437 260">
     <span class='ocr_line' id='line_1_1' title="bbox 295 197 437 260; baseline 0 0"><span class='ocrx_word' id='word_1_1' title='bbox 295 197 437 260; x_wconf 72' lang='lat'><strong><em>2093</em></strong></span> 
     </span>
    </p>
   </div>
   <div class='ocr_carea' id='block_1_2' title="bbox 294 327 1959 401">
    <p class='ocr_par' dir='ltr' id='par_1_2' title="bbox 294 327 1959 401">
     <span class='ocr_line' id='line_1_2' title="bbox 294 327 1959 401; baseline 0 -13"><span class='ocrx_word' id='word_1_2' title='bbox 294 338 388 388; x_wconf 86' lang='lat' dir='ltr'><strong><em>tus</em></strong></span> <span class='ocrx_word' id='word_1_3' title='bbox 400 334 484 387; x_wconf 86' lang='lat' dir='ltr'><strong><em>est</em></strong></span> <span class='ocrx_word' id='word_1_4' title='bbox 498 329 686 386; x_wconf 81' lang='lat' dir='ltr'><strong><em>Filius</em></strong></span> <span class='ocrx_word' id='word_1_5' title='bbox 703 329 806 387; x_wconf 90' lang='lat' dir='ltr'><strong><em>Dei</em></strong></span> <span class='ocrx_word' id='word_1_6' title='bbox 823 327 886 385; x_wconf 88' lang='lat' dir='ltr'><strong><em>in</em></strong></span> <span class='ocrx_word' id='word_1_7' title='bbox 900 328 1122 386; x_wconf 82' lang='lat' dir='ltr'><strong><em>virtute</em></strong></span> <span class='ocrx_word' id='word_1_8' title='bbox 1132 328 1453 388; x_wconf 86' lang='lat' dir='ltr'><strong><em>secundum</em></strong></span> <span class='ocrx_word' id='word_1_9' title='bbox 1479 331 1756 401; x_wconf 76' lang='lat' dir='ltr'><strong><em>spiritum</em></strong></span> <span class='ocrx_word' id='word_1_10' title='bbox 1784 346 1959 388; x_wconf 89' lang='lat' dir='ltr'><strong><em>sanc-</em></strong></span> 
     </span>
    </p>
   </div>
   <div class='ocr_carea' id='block_1_3' title="bbox 292 419 1958 489">
    <p class='ocr_par' dir='ltr' id='par_1_3' title="bbox 292 419 1958 489">
     <span class='ocr_line' id='line_1_3' title="bbox 292 419 1958 489; baseline 0 -13"><span class='ocrx_word' id='word_1_11' title='bbox 292 419 639 489; x_wconf 78' lang='lat' dir='ltr'><strong><em>tiﬁcationis</em></strong></span> <span class='ocrx_word' id='word_1_12' title='bbox 651 434 726 476; x_wconf 74' lang='lat' dir='ltr'><strong><em>ea:</em></strong></span> <span class='ocrx_word' id='word_1_13' title='bbox 742 419 1175 475; x_wconf 77' lang='lat' dir='ltr'><strong><em>resurrectione</em></strong></span> <span class='ocrx_word' id='word_1_14' title='bbox 1186 425 1338 475; x_wconf 86' lang='lat' dir='ltr'><strong><em>mort</em></strong></span> <span class='ocrx_word' id='word_1_15' title='bbox 1351 436 1567 477; x_wconf 89' lang='lat' dir='ltr'><strong><em>uorum</em></strong></span> <span class='ocrx_word' id='word_1_16' title='bbox 1588 421 1817 476; x_wconf 81' lang='lat' dir='ltr'><strong><em>Domini</em></strong></span> <span class='ocrx_word' id='word_1_17' title='bbox 1828 437 1958 477; x_wconf 86' lang='lat' dir='ltr'><strong><em>nos-</em></strong></span> 
     </span>
    </p>
   </div>
   <div class='ocr_carea' id='block_1_4' title="bbox 287 507 1957 580">
    <p class='ocr_par' dir='ltr' id='par_1_4' title="bbox 287 507 1957 580">
     <span class='ocr_line' id='line_1_4' title="bbox 287 507 1957 580; baseline 0 -14"><span class='ocrx_word' id='word_1_18' title='bbox 287 510 368 566; x_wconf 86' lang='lat' dir='ltr'><strong><em>tri</em></strong></span> <span class='ocrx_word' id='word_1_19' title='bbox 402 509 542 566; x_wconf 86' lang='lat' dir='ltr'><strong><em>Jesu</em></strong></span> <span class='ocrx_word' id='word_1_20' title='bbox 575 508 815 565; x_wconf 80' lang='lat' dir='ltr'><strong><em>Christi.</em></strong></span> <span class='ocrx_word' id='word_1_21' title='bbox 861 507 928 561; x_wconf 89' lang='lat' dir='ltr'><strong><em>Et</em></strong></span> <span class='ocrx_word' id='word_1_22' title='bbox 972 508 1149 580; x_wconf 88' lang='lat' dir='ltr'><strong><em>quasi</em></strong></span> <span class='ocrx_word' id='word_1_23' title='bbox 1181 509 1497 577; x_wconf 77' lang='lat' dir='ltr'><strong><em>diceretur,</em></strong></span> <span class='ocrx_word' id='word_1_24' title='bbox 1536 512 1853 576; x_wconf 85' lang='lat' dir='ltr'><strong><em>Quomodo</em></strong></span> <span class='ocrx_word' id='word_1_25' title='bbox 1894 516 1957 566; x_wconf 91' lang='lat' dir='ltr'><strong><em>tu</em></strong></span> 
     </span>
    </p>
   </div>
   <div class='ocr_carea' id='block_1_5' title="bbox 283 597 1955 670">
    <p class='ocr_par' dir='ltr' id='par_1_5' title="bbox 283 597 1955 670">
     <span class='ocr_line' id='line_1_5' title="bbox 283 597 1955 670; baseline 0 -15"><span class='ocrx_word' id='word_1_26' title='bbox 283 599 362 656; x_wconf 89' lang='lat' dir='ltr'><strong><em>ad</em></strong></span> <span class='ocrx_word' id='word_1_27' title='bbox 390 614 532 654; x_wconf 90' lang='lat' dir='ltr'><strong><em>eum</em></strong></span> <span class='ocrx_word' id='word_1_28' title='bbox 562 598 820 670; x_wconf 87' lang='lat' dir='ltr'><strong><em>pertines</em></strong></span> <span class='ocrx_word' id='word_1_29' title='bbox 841 597 869 653; x_wconf 72' lang='grc' dir='ltr'><em>ἳ</em></span> <span class='ocrx_word' id='word_1_30' title='bbox 897 597 1222 668; x_wconf 81' lang='lat' dir='ltr'><strong><em>respondit,</em></strong></span> <span class='ocrx_word' id='word_1_31' title='bbox 1258 600 1375 654; x_wconf 89' lang='lat' dir='ltr'><strong><em>Per</em></strong></span> <span class='ocrx_word' id='word_1_32' title='bbox 1415 614 1584 670; x_wconf 88' lang='lat' dir='ltr'><strong><em>quem</em></strong></span> <span class='ocrx_word' id='word_1_33' title='bbox 1624 601 1955 667; x_wconf 86' lang='lat' dir='ltr'><strong><em>accepimus</em></strong></span> 
     </span>
    </p>
   </div>
   <div class='ocr_carea' id='block_1_6' title="bbox 284 687 1953 760">
    <p class='ocr_par' dir='ltr' id='par_1_6' title="bbox 284 687 1953 760">
     <span class='ocr_line' id='line_1_6' title="bbox 284 687 1953 760; baseline 0 -17"><span class='ocrx_word' id='word_1_34' title='bbox 284 690 553 760; x_wconf 85' lang='lat' dir='ltr'><strong><em>gratiam</em></strong></span> <span class='ocrx_word' id='word_1_35' title='bbox 593 693 644 743; x_wconf 91' lang='lat' dir='ltr'><strong><em>et</em></strong></span> <span class='ocrx_word' id='word_1_36' title='bbox 686 687 1104 756; x_wconf 86' lang='lat' dir='ltr'><strong><em>apostolatum,</em></strong></span> <span class='ocrx_word' id='word_1_37' title='bbox 1145 687 1227 743; x_wconf 89' lang='lat' dir='ltr'><strong><em>ad</em></strong></span> <span class='ocrx_word' id='word_1_38' title='bbox 1266 688 1646 744; x_wconf 85' lang='lat' dir='ltr'><strong><em>obediendum</em></strong></span> <span class='ocrx_word' id='word_1_39' title='bbox 1706 689 1847 758; x_wconf 83' lang='lat' dir='ltr'><strong><em>fidei</em></strong></span> <span class='ocrx_word' id='word_1_40' title='bbox 1893 690 1953 744; x_wconf 89' lang='lat' dir='ltr'><strong><em>in</em></strong></span> 
     </span>
    </p>
   </div>
   <div class='ocr_carea' id='block_1_7' title="bbox 287 774 1954 848">
    <p class='ocr_par' dir='ltr' id='par_1_7' title="bbox 287 774 1954 848">
     <span class='ocr_line' id='line_1_7' title="bbox 287 774 1954 848; baseline -0.001 -14"><span class='ocrx_word' id='word_1_41' title='bbox 287 776 559 834; x_wconf 89' lang='lat' dir='ltr'><strong><em>omnibus</em></strong></span> <span class='ocrx_word' id='word_1_42' title='bbox 568 774 838 846; x_wconf 87' lang='lat' dir='ltr'><strong><em>gentibus</em></strong></span> <span class='ocrx_word' id='word_1_43' title='bbox 851 790 962 843; x_wconf 82' lang='lat' dir='ltr'><strong><em>pro</em></strong></span> <span class='ocrx_word' id='word_1_44' title='bbox 975 776 1212 831; x_wconf 83' lang='lat' dir='ltr'><strong><em>nomine</em></strong></span> <span class='ocrx_word' id='word_1_45' title='bbox 1223 778 1368 845; x_wconf 84' lang='lat' dir='ltr'><strong><em>ejus.</em></strong></span> <span class='ocrx_word' id='word_1_46' title='bbox 1387 779 1533 831; x_wconf 91' lang='lat' dir='ltr'><strong><em>ltem</em></strong></span> <span class='ocrx_word' id='word_1_47' title='bbox 1547 778 1720 848; x_wconf 89' lang='lat' dir='ltr'><strong><em>quasi</em></strong></span> <span class='ocrx_word' id='word_1_48' title='bbox 1735 778 1954 832; x_wconf 88' lang='lat' dir='ltr'><strong><em>dicere-</em></strong></span> 
     </span>
    </p>
   </div>
   <div class='ocr_carea' id='block_1_8' title="bbox 287 864 1952 936">
    <p class='ocr_par' dir='ltr' id='par_1_8' title="bbox 287 864 1952 936">
     <span class='ocr_line' id='line_1_8' title="bbox 287 864 1952 936; baseline -0.001 -14"><span class='ocrx_word' id='word_1_49' title='bbox 287 871 401 935; x_wconf 89' lang='lat' dir='ltr'><strong><em>tur,</em></strong></span> <span class='ocrx_word' id='word_1_50' title='bbox 432 866 574 930; x_wconf 65' lang='lat' dir='ltr'><strong><em>Qum</em></strong></span> <span class='ocrx_word' id='word_1_51' title='bbox 607 864 782 936; x_wconf 81' lang='lat' dir='ltr'><strong><em>igitur</em></strong></span> <span class='ocrx_word' id='word_1_52' title='bbox 813 879 998 919; x_wconf 90' lang='lat' dir='ltr'><strong><em>causa</em></strong></span> <span class='ocrx_word' id='word_1_53' title='bbox 1029 868 1114 918; x_wconf 89' lang='lat' dir='ltr'><strong><em>est</em></strong></span> <span class='ocrx_word' id='word_1_54' title='bbox 1143 869 1208 919; x_wconf 90' lang='lat' dir='ltr'><strong><em>ut</em></strong></span> <span class='ocrx_word' id='word_1_55' title='bbox 1251 865 1478 920; x_wconf 85' lang='lat' dir='ltr'><strong><em>scribas</em></strong></span> <span class='ocrx_word' id='word_1_56' title='bbox 1518 865 1594 920; x_wconf 89' lang='lat' dir='ltr'><strong><em>ad</em></strong></span> <span class='ocrx_word' id='word_1_57' title='bbox 1627 881 1737 921; x_wconf 91' lang='lat' dir='ltr'><strong><em>nos</em></strong></span> <span class='ocrx_word' id='word_1_58' title='bbox 1772 866 1799 920; x_wconf 84' lang='lat'><strong>?</strong></span> <span class='ocrx_word' id='word_1_59' title='bbox 1834 883 1952 922; x_wconf 88' lang='lat' dir='ltr'><strong><em>res-</em></strong></span> 
     </span>
    </p>
   </div>
   <div class='ocr_carea' id='block_1_9' title="bbox 285 953 1946 1028">
    <p class='ocr_par' dir='ltr' id='par_1_9' title="bbox 285 953 1946 1028">
     <span class='ocr_line' id='line_1_9' title="bbox 285 953 1946 1028; baseline 0 -18"><span class='ocrx_word' id='word_1_60' title='bbox 285 955 517 1028; x_wconf 84' lang='lat' dir='ltr'><strong><em>pondit,</em></strong></span> <span class='ocrx_word' id='word_1_61' title='bbox 548 955 617 1008; x_wconf 92' lang='lat' dir='ltr'><strong><em>In</em></strong></span> <span class='ocrx_word' id='word_1_62' title='bbox 657 953 865 1023; x_wconf 82' lang='lat' dir='ltr'><strong><em>quibus</em></strong></span> <span class='ocrx_word' id='word_1_63' title='bbox 903 955 1038 1008; x_wconf 86' lang='lat' dir='ltr'><strong><em>estis</em></strong></span> <span class='ocrx_word' id='word_1_64' title='bbox 1068 957 1121 1009; x_wconf 90' lang='lat' dir='ltr'><strong><em>et</em></strong></span> <span class='ocrx_word' id='word_1_65' title='bbox 1164 969 1256 1009; x_wconf 85' lang='lat' dir='ltr'><strong><em>vos</em></strong></span> <span class='ocrx_word' id='word_1_66' title='bbox 1298 955 1492 1010; x_wconf 87' lang='lat' dir='ltr'><strong><em>vocati</em></strong></span> <span class='ocrx_word' id='word_1_67' title='bbox 1518 954 1653 1010; x_wconf 86' lang='lat' dir='ltr'><strong><em>Jesu</em></strong></span> <span class='ocrx_word' id='word_1_68' title='bbox 1703 955 1946 1010; x_wconf 88' lang='lat' dir='ltr'><strong><em>Christi.</em></strong></span> 
     </span>
    </p>
   </div>
   <div class='ocr_carea' id='block_1_10' title="bbox 287 1042 1950 1116">
    <p class='ocr_par' dir='ltr' id='par_1_10' title="bbox 287 1042 1950 1116">
     <span class='ocr_line' id='line_1_10' title="bbox 287 1042 1950 1116; baseline -0.001 -16"><span class='ocrx_word' id='word_1_69' title='bbox 287 1046 456 1100; x_wconf 87' lang='lat' dir='ltr'><strong><em>Nunc</em></strong></span> <span class='ocrx_word' id='word_1_70' title='bbox 493 1043 710 1099; x_wconf 90' lang='lat' dir='ltr'><strong><em>deinde</em></strong></span> <span class='ocrx_word' id='word_1_71' title='bbox 751 1042 1028 1113; x_wconf 89' lang='lat' dir='ltr'><strong><em>adjungit</em></strong></span> <span class='ocrx_word' id='word_1_72' title='bbox 1068 1059 1141 1098; x_wconf 89' lang='lat' dir='ltr'><strong><em>ex</em></strong></span> <span class='ocrx_word' id='word_1_73' title='bbox 1194 1059 1359 1098; x_wconf 89' lang='lat' dir='ltr'><strong><em>more</em></strong></span> <span class='ocrx_word' id='word_1_74' title='bbox 1406 1044 1671 1115; x_wconf 67' lang='lat' dir='ltr'><strong><em>epistolas</em></strong></span> <span class='ocrx_word' id='word_1_75' title='bbox 1725 1044 1950 1116; x_wconf 87' lang='lat' dir='ltr'><strong><em>quibus</em></strong></span> 
     </span>
    </p>
   </div>
   <div class='ocr_carea' id='block_1_11' title="bbox 287 1131 1947 1203">
    <p class='ocr_par' dir='ltr' id='par_1_11' title="bbox 287 1131 1947 1203">
     <span class='ocr_line' id='line_1_11' title="bbox 287 1131 1947 1203; baseline -0.001 -13"><span class='ocrx_word' id='word_1_76' title='bbox 287 1135 550 1190; x_wconf 82' lang='lat' dir='ltr'><strong><em>scribat:</em></strong></span> <span class='ocrx_word' id='word_1_77' title='bbox 586 1131 889 1196; x_wconf 87' lang='lat' dir='ltr'><strong><em>Omnibus,</em></strong></span> <span class='ocrx_word' id='word_1_78' title='bbox 921 1132 1129 1203; x_wconf 89' lang='lat' dir='ltr'><strong><em>inquit,</em></strong></span> <span class='ocrx_word' id='word_1_79' title='bbox 1167 1134 1272 1203; x_wconf 87' lang='lat' dir='ltr'><strong><em>qui</em></strong></span> <span class='ocrx_word' id='word_1_80' title='bbox 1297 1139 1436 1188; x_wconf 87' lang='lat' dir='ltr'><strong><em>sunt</em></strong></span> <span class='ocrx_word' id='word_1_81' title='bbox 1465 1134 1682 1200; x_wconf 60' lang='lat' dir='ltr'><strong><em>Roma,</em></strong></span> <span class='ocrx_word' id='word_1_82' title='bbox 1716 1133 1947 1190; x_wconf 80' lang='lat' dir='ltr'><strong><em>dilectis</em></strong></span> 
     </span>
    </p>
   </div>
   <div class='ocr_carea' id='block_1_12' title="bbox 285 1221 1946 1294">
    <p class='ocr_par' dir='ltr' id='par_1_12' title="bbox 285 1221 1946 1294">
     <span class='ocr_line' id='line_1_12' title="bbox 285 1221 1946 1294; baseline -0.002 -14"><span class='ocrx_word' id='word_1_83' title='bbox 285 1225 416 1289; x_wconf 88' lang='lat' dir='ltr'><strong><em>Dei,</em></strong></span> <span class='ocrx_word' id='word_1_84' title='bbox 451 1222 668 1279; x_wconf 89' lang='lat' dir='ltr'><strong><em>vocatis</em></strong></span> <span class='ocrx_word' id='word_1_85' title='bbox 697 1222 944 1277; x_wconf 84' lang='lat' dir='ltr'><strong><em>sanctis.</em></strong></span> <span class='ocrx_word' id='word_1_86' title='bbox 963 1221 1144 1277; x_wconf 81' lang='lat' dir='ltr'><strong><em>Etiam</em></strong></span> <span class='ocrx_word' id='word_1_87' title='bbox 1174 1221 1267 1276; x_wconf 91' lang='lat' dir='ltr'><strong><em>hic</em></strong></span> <span class='ocrx_word' id='word_1_88' title='bbox 1290 1222 1643 1290; x_wconf 89' lang='lat' dir='ltr'><strong><em>signiﬁcavit</em></strong></span> <span class='ocrx_word' id='word_1_89' title='bbox 1670 1222 1946 1294; x_wconf 85' lang='lat' dir='ltr'><strong><em>benigni-</em></strong></span> 
     </span>
    </p>
   </div>
   <div class='ocr_carea' id='block_1_13' title="bbox 289 1309 1944 1382">
    <p class='ocr_par' dir='ltr' id='par_1_13' title="bbox 289 1309 1944 1382">
     <span class='ocr_line' id='line_1_13' title="bbox 289 1309 1944 1382; baseline -0.001 -13"><span class='ocrx_word' id='word_1_90' title='bbox 289 1319 472 1369; x_wconf 81' lang='lat' dir='ltr'><strong><em>tatem</em></strong></span> <span class='ocrx_word' id='word_1_91' title='bbox 504 1312 602 1367; x_wconf 87' lang='lat' dir='ltr'><strong><em>Dei</em></strong></span> <span class='ocrx_word' id='word_1_92' title='bbox 629 1311 826 1382; x_wconf 87' lang='lat' dir='ltr'><strong><em>potius</em></strong></span> <span class='ocrx_word' id='word_1_93' title='bbox 848 1325 1033 1382; x_wconf 90' lang='lat' dir='ltr'><strong><em>quam</em></strong></span> <span class='ocrx_word' id='word_1_94' title='bbox 1053 1310 1332 1365; x_wconf 90' lang='lat' dir='ltr'><strong><em>meritum</em></strong></span> <span class='ocrx_word' id='word_1_95' title='bbox 1351 1309 1608 1366; x_wconf 89' lang='lat' dir='ltr'><strong><em>illorum.</em></strong></span> <span class='ocrx_word' id='word_1_96' title='bbox 1631 1315 1757 1368; x_wconf 87' lang='lat' dir='ltr'><strong><em>Non</em></strong></span> <span class='ocrx_word' id='word_1_97' title='bbox 1783 1313 1944 1367; x_wconf 90' lang='lat' dir='ltr'><strong><em>enim</em></strong></span> 
     </span>
    </p>
   </div>
   <div class='ocr_carea' id='block_1_14' title="bbox 287 1399 1944 1471">
    <p class='ocr_par' dir='ltr' id='par_1_14' title="bbox 287 1399 1944 1471">
     <span class='ocr_line' id='line_1_14' title="bbox 287 1399 1944 1471; baseline -0.002 -13"><span class='ocrx_word' id='word_1_98' title='bbox 287 1400 789 1471; x_wconf 87' lang='lat' dir='ltr'><strong><em>ait,diligentibus</em></strong></span> <span class='ocrx_word' id='word_1_99' title='bbox 825 1402 1041 1466; x_wconf 88' lang='lat' dir='ltr'><strong><em>Deum;</em></strong></span> <span class='ocrx_word' id='word_1_100' title='bbox 1062 1399 1191 1468; x_wconf 89' lang='lat' dir='ltr'><strong><em>sed,</em></strong></span> <span class='ocrx_word' id='word_1_101' title='bbox 1205 1400 1439 1456; x_wconf 86' lang='lat' dir='ltr'><strong><em>dilectis</em></strong></span> <span class='ocrx_word' id='word_1_102' title='bbox 1470 1401 1772 1456; x_wconf 86' lang='lat' dir='ltr'><strong><em>Dei.Prior</em></strong></span> <span class='ocrx_word' id='word_1_103' title='bbox 1785 1402 1944 1456; x_wconf 90' lang='lat' dir='ltr'><strong><em>enim</em></strong></span> 
     </span>
    </p>
   </div>
   <div class='ocr_carea' id='block_1_15' title="bbox 284 1488 1944 1559">
    <p class='ocr_par' dir='ltr' id='par_1_15' title="bbox 284 1488 1944 1559">
     <span class='ocr_line' id='line_1_15' title="bbox 284 1488 1944 1559; baseline -0.001 -13"><span class='ocrx_word' id='word_1_104' title='bbox 284 1490 490 1546; x_wconf 86' lang='lat' dir='ltr'><strong><em>dilexit</em></strong></span> <span class='ocrx_word' id='word_1_105' title='bbox 517 1505 630 1544; x_wconf 90' lang='lat' dir='ltr'><strong><em>nos</em></strong></span> <span class='ocrx_word' id='word_1_106' title='bbox 657 1495 797 1544; x_wconf 83' lang='lat' dir='ltr'><strong><em>ante</em></strong></span> <span class='ocrx_word' id='word_1_107' title='bbox 825 1488 1032 1544; x_wconf 85' lang='lat' dir='ltr'><strong><em>omnia</em></strong></span> <span class='ocrx_word' id='word_1_108' title='bbox 1050 1489 1279 1559; x_wconf 89' lang='lat' dir='ltr'><strong><em>merita,</em></strong></span> <span class='ocrx_word' id='word_1_109' title='bbox 1309 1495 1440 1545; x_wconf 90' lang='lat' dir='ltr'><strong><em>utet</em></strong></span> <span class='ocrx_word' id='word_1_110' title='bbox 1460 1505 1724 1545; x_wconf 89' lang='lat' dir='ltr'><strong><em>noseum</em></strong></span> <span class='ocrx_word' id='word_1_111' title='bbox 1747 1489 1944 1545; x_wconf 87' lang='lat' dir='ltr'><strong><em>dilecti</em></strong></span> 
     </span>
    </p>
   </div>
   <div class='ocr_carea' id='block_1_16' title="bbox 284 1577 1945 1652">
    <p class='ocr_par' dir='ltr' id='par_1_16' title="bbox 284 1577 1945 1652">
     <span class='ocr_line' id='line_1_16' title="bbox 284 1577 1945 1652; baseline 0 -17"><span class='ocrx_word' id='word_1_112' title='bbox 284 1580 671 1652; x_wconf 89' lang='lat' dir='ltr'><strong><em>diligeremus</em></strong></span> <span class='ocrx_word' id='word_1_113' title='bbox 710 1577 755 1649; x_wconf 89' lang='grc' dir='ltr'><strong><em>(Ι</em></strong></span> <span class='ocrx_word' id='word_1_114' title='bbox 803 1580 981 1634; x_wconf 88' lang='lat' dir='ltr'><strong><em>Joan.</em></strong></span> <span class='ocrx_word' id='word_1_115' title='bbox 1022 1594 1098 1643; x_wconf 80' lang='lat' dir='ltr'><strong><em>iv,</em></strong></span> <span class='ocrx_word' id='word_1_116' title='bbox 1147 1580 1259 1649; x_wconf 81' lang='lat' dir='ltr'><strong><em>l9).</em></strong></span> <span class='ocrx_word' id='word_1_117' title='bbox 1306 1578 1470 1634; x_wconf 91' lang='lat' dir='ltr'><strong><em>Unde</em></strong></span> <span class='ocrx_word' id='word_1_118' title='bbox 1504 1581 1683 1635; x_wconf 84' lang='lat' dir='ltr'><strong><em>etiam</em></strong></span> <span class='ocrx_word' id='word_1_119' title='bbox 1713 1579 1945 1635; x_wconf 86' lang='lat' dir='ltr'><strong><em>addidit</em></strong></span> 
     </span>
    </p>
   </div>
   <div class='ocr_carea' id='block_1_17' title="bbox 283 1666 1946 1740">
    <p class='ocr_par' dir='ltr' id='par_1_17' title="bbox 283 1666 1946 1740">
     <span class='ocr_line' id='line_1_17' title="bbox 283 1666 1946 1740; baseline 0 -16"><span class='ocrx_word' id='word_1_120' title='bbox 283 1669 499 1725; x_wconf 83' lang='lat' dir='ltr'><strong><em>vocatis</em></strong></span> <span class='ocrx_word' id='word_1_121' title='bbox 540 1666 782 1724; x_wconf 84' lang='lat' dir='ltr'><strong><em>sanctis.</em></strong></span> <span class='ocrx_word' id='word_1_122' title='bbox 817 1668 1178 1738; x_wconf 85' lang='lat' dir='ltr'><strong><em>Quanquam</em></strong></span> <span class='ocrx_word' id='word_1_123' title='bbox 1218 1668 1374 1722; x_wconf 90' lang='lat' dir='ltr'><strong><em>enim</em></strong></span> <span class='ocrx_word' id='word_1_124' title='bbox 1410 1668 1522 1723; x_wconf 89' lang='lat' dir='ltr'><strong><em>sibi</em></strong></span> <span class='ocrx_word' id='word_1_125' title='bbox 1554 1670 1690 1740; x_wconf 88' lang='lat' dir='ltr'><strong><em>quis</em></strong></span> <span class='ocrx_word' id='word_1_126' title='bbox 1724 1669 1946 1724; x_wconf 86' lang='lat' dir='ltr'><strong><em>tribuat</em></strong></span> 
     </span>
    </p>
   </div>
   <div class='ocr_carea' id='block_1_18' title="bbox 283 1755 1942 1830">
    <p class='ocr_par' dir='ltr' id='par_1_18' title="bbox 283 1755 1942 1830">
     <span class='ocr_line' id='line_1_18' title="bbox 283 1755 1942 1830; baseline -0.001 -18"><span class='ocrx_word' id='word_1_127' title='bbox 283 1757 451 1830; x_wconf 84' lang='lat' dir='ltr'><strong><em>quod</em></strong></span> <span class='ocrx_word' id='word_1_128' title='bbox 471 1755 707 1812; x_wconf 89' lang='lat' dir='ltr'><strong><em>vocanti</em></strong></span> <span class='ocrx_word' id='word_1_129' title='bbox 729 1755 1120 1827; x_wconf 88' lang='lat' dir='ltr'><strong><em>obtemperat,</em></strong></span> <span class='ocrx_word' id='word_1_130' title='bbox 1137 1771 1315 1810; x_wconf 90' lang='lat' dir='ltr'><strong><em>nemo</em></strong></span> <span class='ocrx_word' id='word_1_131' title='bbox 1337 1762 1533 1828; x_wconf 85' lang='lat' dir='ltr'><strong><em>potest</em></strong></span> <span class='ocrx_word' id='word_1_132' title='bbox 1551 1756 1662 1812; x_wconf 90' lang='lat' dir='ltr'><strong><em>sibi</em></strong></span> <span class='ocrx_word' id='word_1_133' title='bbox 1688 1757 1942 1813; x_wconf 87' lang='lat' dir='ltr'><strong><em>tribuere</em></strong></span> 
     </span>
    </p>
   </div>
   <div class='ocr_carea' id='block_1_19' title="bbox 283 1845 1945 1919">
    <p class='ocr_par' dir='ltr' id='par_1_19' title="bbox 283 1845 1945 1919">
     <span class='ocr_line' id='line_1_19' title="bbox 283 1845 1945 1919; baseline 0.001 -18"><span class='ocrx_word' id='word_1_134' title='bbox 283 1846 454 1919; x_wconf 88' lang='lat' dir='ltr'><strong><em>quod</em></strong></span> <span class='ocrx_word' id='word_1_135' title='bbox 484 1849 734 1901; x_wconf 87' lang='lat' dir='ltr'><strong><em>vocatus</em></strong></span> <span class='ocrx_word' id='word_1_136' title='bbox 765 1850 870 1900; x_wconf 91' lang='lat' dir='ltr'><strong><em>est.</em></strong></span> <span class='ocrx_word' id='word_1_137' title='bbox 916 1845 1142 1901; x_wconf 84' lang='lat' dir='ltr'><strong><em>Vocatis</em></strong></span> <span class='ocrx_word' id='word_1_138' title='bbox 1177 1850 1378 1901; x_wconf 89' lang='lat' dir='ltr'><strong><em>autem</em></strong></span> <span class='ocrx_word' id='word_1_139' title='bbox 1411 1846 1654 1912; x_wconf 86' lang='lat' dir='ltr'><strong><em>sanctis,</em></strong></span> <span class='ocrx_word' id='word_1_140' title='bbox 1695 1861 1815 1903; x_wconf 92' lang='lat' dir='ltr'><strong><em>non</em></strong></span> <span class='ocrx_word' id='word_1_141' title='bbox 1859 1848 1945 1904; x_wconf 91' lang='lat' dir='ltr'><strong><em>ita</em></strong></span> 
     </span>
    </p>
   </div>
   <div class='ocr_carea' id='block_1_20' title="bbox 284 1934 1942 2008">
    <p class='ocr_par' dir='ltr' id='par_1_20' title="bbox 284 1934 1942 2008">
     <span class='ocr_line' id='line_1_20' title="bbox 284 1934 1942 2008; baseline 0.001 -17"><span class='ocrx_word' id='word_1_142' title='bbox 284 1934 740 2004; x_wconf 88' lang='lat' dir='ltr'><strong><em>intelligendum</em></strong></span> <span class='ocrx_word' id='word_1_143' title='bbox 776 1939 882 2001; x_wconf 89' lang='lat' dir='ltr'><strong><em>est,</em></strong></span> <span class='ocrx_word' id='word_1_144' title='bbox 911 1939 1201 2006; x_wconf 89' lang='lat' dir='ltr'><strong><em>tanquam</em></strong></span> <span class='ocrx_word' id='word_1_145' title='bbox 1243 1934 1379 1990; x_wconf 90' lang='lat' dir='ltr'><strong><em>ideo</em></strong></span> <span class='ocrx_word' id='word_1_146' title='bbox 1405 1937 1596 1992; x_wconf 85' lang='lat' dir='ltr'><strong><em>vocati</em></strong></span> <span class='ocrx_word' id='word_1_147' title='bbox 1629 1937 1764 2002; x_wconf 89' lang='lat' dir='ltr'><strong><em>sint,</em></strong></span> <span class='ocrx_word' id='word_1_148' title='bbox 1800 1937 1942 2008; x_wconf 88' lang='lat' dir='ltr'><strong><em>quia</em></strong></span> 
     </span>
    </p>
   </div>
   <div class='ocr_carea' id='block_1_21' title="bbox 287 2022 1940 2097">
    <p class='ocr_par' dir='ltr' id='par_1_21' title="bbox 287 2022 1940 2097">
     <span class='ocr_line' id='line_1_21' title="bbox 287 2022 1940 2097; baseline 0.001 -17"><span class='ocrx_word' id='word_1_149' title='bbox 287 2024 479 2081; x_wconf 82' lang='lat' dir='ltr'><strong><em>sancti</em></strong></span> <span class='ocrx_word' id='word_1_150' title='bbox 519 2028 686 2080; x_wconf 89' lang='lat' dir='ltr'><strong><em>erant</em></strong></span> <span class='ocrx_word' id='word_1_151' title='bbox 717 2041 731 2092; x_wconf 90' lang='lat'><strong>;</strong></span> <span class='ocrx_word' id='word_1_152' title='bbox 766 2023 870 2079; x_wconf 89' lang='lat' dir='ltr'><strong><em>sed</em></strong></span> <span class='ocrx_word' id='word_1_153' title='bbox 910 2022 1046 2079; x_wconf 89' lang='lat' dir='ltr'><strong><em>ideo</em></strong></span> <span class='ocrx_word' id='word_1_154' title='bbox 1088 2023 1280 2080; x_wconf 88' lang='lat' dir='ltr'><strong><em>sancti</em></strong></span> <span class='ocrx_word' id='word_1_155' title='bbox 1319 2023 1527 2091; x_wconf 78' lang='lat' dir='ltr'><strong><em>effecti,</em></strong></span> <span class='ocrx_word' id='word_1_156' title='bbox 1562 2025 1706 2097; x_wconf 87' lang='lat' dir='ltr'><strong><em>quia</em></strong></span> <span class='ocrx_word' id='word_1_157' title='bbox 1745 2032 1940 2092; x_wconf 86' lang='lat' dir='ltr'><strong><em>vocat,</em></strong></span> 
     </span>
    </p>
   </div>
   <div class='ocr_carea' id='block_1_22' title="bbox 287 2119 452 2170">
    <p class='ocr_par' dir='ltr' id='par_1_22' title="bbox 287 2119 452 2170">
     <span class='ocr_line' id='line_1_22' title="bbox 287 2119 452 2170; baseline -0.024 -1"><span class='ocrx_word' id='word_1_158' title='bbox 287 2119 452 2170; x_wconf 75' lang='lat' dir='ltr'><strong><em>sunL</em></strong></span> 
     </span>
    </p>
   </div>
   <div class='ocr_carea' id='block_1_23' title="bbox 359 2233 1943 2307">
    <p class='ocr_par' dir='ltr' id='par_1_23' title="bbox 359 2233 1943 2307">
     <span class='ocr_line' id='line_1_23' title="bbox 359 2233 1943 2307; baseline 0.001 -16"><span class='ocrx_word' id='word_1_159' title='bbox 359 2241 409 2292; x_wconf 93' lang='lat'><strong><em>8.</em></strong></span> <span class='ocrx_word' id='word_1_160' title='bbox 427 2239 624 2292; x_wconf 86' lang='lat' dir='ltr'><strong><em>Restat</em></strong></span> <span class='ocrx_word' id='word_1_161' title='bbox 639 2250 780 2306; x_wconf 91' lang='lat' dir='ltr'><strong><em>ergo</em></strong></span> <span class='ocrx_word' id='word_1_162' title='bbox 799 2239 860 2291; x_wconf 91' lang='lat' dir='ltr'><strong><em>ut</em></strong></span> <span class='ocrx_word' id='word_1_163' title='bbox 883 2233 1137 2291; x_wconf 87' lang='lat' dir='ltr'><strong><em>salutem</em></strong></span> <span class='ocrx_word' id='word_1_164' title='bbox 1155 2235 1332 2302; x_wconf 89' lang='lat' dir='ltr'><strong><em>dicat,</em></strong></span> <span class='ocrx_word' id='word_1_165' title='bbox 1358 2240 1419 2292; x_wconf 92' lang='lat' dir='ltr'><strong><em>ut</em></strong></span> <span class='ocrx_word' id='word_1_166' title='bbox 1432 2236 1802 2307; x_wconf 90' lang='lat' dir='ltr'><strong><em>compleatur</em></strong></span> <span class='ocrx_word' id='word_1_167' title='bbox 1819 2237 1943 2292; x_wconf 90' lang='lat' dir='ltr'><strong><em>usi-</em></strong></span> 
     </span>
    </p>
   </div>
   <div class='ocr_carea' id='block_1_24' title="bbox 284 2325 1938 2398">
    <p class='ocr_par' dir='ltr' id='par_1_24' title="bbox 284 2325 1938 2398">
     <span class='ocr_line' id='line_1_24' title="bbox 284 2325 1938 2398; baseline 0.001 -16"><span class='ocrx_word' id='word_1_168' title='bbox 284 2328 476 2382; x_wconf 84' lang='lat' dir='ltr'><strong><em>tatum</em></strong></span> <span class='ocrx_word' id='word_1_169' title='bbox 492 2325 754 2398; x_wconf 71' lang='lat' dir='ltr'><strong><em>epistolas</em></strong></span> <span class='ocrx_word' id='word_1_170' title='bbox 771 2325 1424 2396; x_wconf 88' lang='lat' dir='ltr'><strong><em>principium,tanquam</em></strong></span> <span class='ocrx_word' id='word_1_171' title='bbox 1437 2325 1532 2380; x_wconf 91' lang='lat' dir='ltr'><strong><em>ille</em></strong></span> <span class='ocrx_word' id='word_1_172' title='bbox 1545 2325 1659 2380; x_wconf 88' lang='lat' dir='ltr'><strong><em>illis</em></strong></span> <span class='ocrx_word' id='word_1_173' title='bbox 1675 2325 1938 2384; x_wconf 88' lang='lat' dir='ltr'><strong><em>salutem.</em></strong></span> 
     </span>
    </p>
   </div>
   <div class='ocr_carea' id='block_1_25' title="bbox 282 2413 1938 2488">
    <p class='ocr_par' dir='ltr' id='par_1_25' title="bbox 282 2413 1938 2488">
     <span class='ocr_line' id='line_1_25' title="bbox 282 2413 1938 2488; baseline 0.001 -18"><span class='ocrx_word' id='word_1_174' title='bbox 282 2418 393 2470; x_wconf 88' lang='lat' dir='ltr'><strong><em>Pro</em></strong></span> <span class='ocrx_word' id='word_1_175' title='bbox 416 2431 485 2470; x_wconf 91' lang='lat' dir='ltr'><strong><em>eo</em></strong></span> <span class='ocrx_word' id='word_1_176' title='bbox 508 2419 706 2469; x_wconf 91' lang='lat' dir='ltr'><strong><em>autem</em></strong></span> <span class='ocrx_word' id='word_1_177' title='bbox 734 2429 803 2469; x_wconf 91' lang='lat' dir='ltr'><strong><em>ac</em></strong></span> <span class='ocrx_word' id='word_1_178' title='bbox 837 2414 883 2467; x_wconf 90' lang='lat' dir='ltr'><strong><em>si</em></strong></span> <span class='ocrx_word' id='word_1_179' title='bbox 914 2414 1139 2468; x_wconf 89' lang='lat' dir='ltr'><strong><em>diceret</em></strong></span> <span class='ocrx_word' id='word_1_180' title='bbox 1167 2413 1441 2480; x_wconf 87' lang='lat' dir='ltr'><strong><em>salutem,</em></strong></span> <span class='ocrx_word' id='word_1_181' title='bbox 1461 2414 1694 2479; x_wconf 88' lang='lat' dir='ltr'><strong><em>Gratia,</em></strong></span> <span class='ocrx_word' id='word_1_182' title='bbox 1728 2416 1938 2488; x_wconf 88' lang='lat' dir='ltr'><strong><em>inquit,</em></strong></span> 
     </span>
    </p>
   </div>
   <div class='ocr_carea' id='block_1_26' title="bbox 285 2503 1944 2573">
    <p class='ocr_par' dir='ltr' id='par_1_26' title="bbox 285 2503 1944 2573">
     <span class='ocr_line' id='line_1_26' title="bbox 285 2503 1944 2573; baseline -0.001 -12"><span class='ocrx_word' id='word_1_183' title='bbox 285 2504 448 2561; x_wconf 85' lang='lat' dir='ltr'><strong><em>vobis</em></strong></span> <span class='ocrx_word' id='word_1_184' title='bbox 469 2511 521 2560; x_wconf 93' lang='lat' dir='ltr'><strong><em>et</em></strong></span> <span class='ocrx_word' id='word_1_185' title='bbox 532 2518 661 2573; x_wconf 70' lang='lat' dir='ltr'><strong><em>pax</em></strong></span> <span class='ocrx_word' id='word_1_186' title='bbox 675 2518 710 2558; x_wconf 90' lang='lat' dir='ltr'><strong><em>a</em></strong></span> <span class='ocrx_word' id='word_1_187' title='bbox 729 2503 842 2559; x_wconf 91' lang='lat' dir='ltr'><strong><em>Deo</em></strong></span> <span class='ocrx_word' id='word_1_188' title='bbox 857 2503 1030 2558; x_wconf 88' lang='lat' dir='ltr'><strong><em>Patre</em></strong></span> <span class='ocrx_word' id='word_1_189' title='bbox 1050 2509 1334 2568; x_wconf 89' lang='lat' dir='ltr'><strong><em>nostro,et</em></strong></span> <span class='ocrx_word' id='word_1_190' title='bbox 1348 2504 1596 2559; x_wconf 90' lang='lat' dir='ltr'><strong><em>Domino</em></strong></span> <span class='ocrx_word' id='word_1_191' title='bbox 1608 2505 1750 2560; x_wconf 87' lang='lat' dir='ltr'><strong><em>Jesu</em></strong></span> <span class='ocrx_word' id='word_1_192' title='bbox 1773 2505 1944 2561; x_wconf 81' lang='lat' dir='ltr'><strong><em>Chri-</em></strong></span> 
     </span>
    </p>
   </div>
   <div class='ocr_carea' id='block_1_27' title="bbox 282 2592 1941 2664">
    <p class='ocr_par' dir='ltr' id='par_1_27' title="bbox 282 2592 1941 2664">
     <span class='ocr_line' id='line_1_27' title="bbox 282 2592 1941 2664; baseline 0.001 -15"><span class='ocrx_word' id='word_1_193' title='bbox 282 2601 370 2649; x_wconf 88' lang='lat' dir='ltr'><strong><em>sto</em></strong></span> <span class='ocrx_word' id='word_1_194' title='bbox 395 2595 585 2664; x_wconf 85' lang='lat' dir='ltr'><strong><em>(Rom.</em></strong></span> <span class='ocrx_word' id='word_1_195' title='bbox 616 2610 656 2659; x_wconf 83' lang='lat'><strong><em>1,</em></strong></span> <span class='ocrx_word' id='word_1_196' title='bbox 678 2592 887 2663; x_wconf 85' lang='lat' dir='ltr'><strong><em>7).Non</em></strong></span> <span class='ocrx_word' id='word_1_197' title='bbox 901 2592 1268 2647; x_wconf 91' lang='lat' dir='ltr'><strong><em>enimomnis</em></strong></span> <span class='ocrx_word' id='word_1_198' title='bbox 1287 2594 1478 2662; x_wconf 90' lang='lat' dir='ltr'><strong><em>gratia</em></strong></span> <span class='ocrx_word' id='word_1_199' title='bbox 1490 2598 1577 2648; x_wconf 91' lang='lat' dir='ltr'><strong><em>est</em></strong></span> <span class='ocrx_word' id='word_1_200' title='bbox 1593 2609 1627 2648; x_wconf 90' lang='lat' dir='ltr'><strong><em>a</em></strong></span> <span class='ocrx_word' id='word_1_201' title='bbox 1644 2594 1941 2651; x_wconf 86' lang='lat' dir='ltr'><strong><em>Deo.Nam</em></strong></span> 
     </span>
    </p>
   </div>
   <div class='ocr_carea' id='block_1_28' title="bbox 284 2679 1942 2755">
    <p class='ocr_par' dir='ltr' id='par_1_28' title="bbox 284 2679 1942 2755">
     <span class='ocr_line' id='line_1_28' title="bbox 284 2679 1942 2755; baseline 0.001 -17"><span class='ocrx_word' id='word_1_202' title='bbox 284 2688 341 2738; x_wconf 91' lang='lat' dir='ltr'><strong><em>et</em></strong></span> <span class='ocrx_word' id='word_1_203' title='bbox 349 2683 368 2755; x_wconf 93' lang='lat' dir='ltr'><strong><em>j</em></strong></span> <span class='ocrx_word' id='word_1_204' title='bbox 381 2682 584 2738; x_wconf 90' lang='lat' dir='ltr'><strong><em>udices</em></strong></span> <span class='ocrx_word' id='word_1_205' title='bbox 603 2681 733 2737; x_wconf 88' lang='lat' dir='ltr'><strong><em>mali</em></strong></span> <span class='ocrx_word' id='word_1_206' title='bbox 747 2679 1009 2753; x_wconf 66' lang='lat' dir='ltr'><strong><em>praebent</em></strong></span> <span class='ocrx_word' id='word_1_207' title='bbox 1022 2681 1267 2750; x_wconf 81' lang='lat' dir='ltr'><strong><em>gratiam</em></strong></span> <span class='ocrx_word' id='word_1_208' title='bbox 1283 2682 1342 2736; x_wconf 91' lang='lat' dir='ltr'><strong><em>in</em></strong></span> <span class='ocrx_word' id='word_1_209' title='bbox 1357 2682 1719 2753; x_wconf 88' lang='lat' dir='ltr'><strong><em>accipiendis</em></strong></span> <span class='ocrx_word' id='word_1_210' title='bbox 1738 2699 1942 2755; x_wconf 90' lang='lat' dir='ltr'><strong><em>perso-</em></strong></span> 
     </span>
    </p>
   </div>
   <div class='ocr_carea' id='block_1_29' title="bbox 284 2769 1941 2843">
    <p class='ocr_par' dir='ltr' id='par_1_29' title="bbox 284 2769 1941 2843">
     <span class='ocr_line' id='line_1_29' title="bbox 284 2769 1941 2843; baseline 0.002 -16"><span class='ocrx_word' id='word_1_211' title='bbox 284 2773 379 2828; x_wconf 91' lang='lat' dir='ltr'><strong><em>nis</em></strong></span> <span class='ocrx_word' id='word_1_212' title='bbox 407 2771 612 2843; x_wconf 89' lang='lat' dir='ltr'><strong><em>aliqua</em></strong></span> <span class='ocrx_word' id='word_1_213' title='bbox 628 2770 948 2842; x_wconf 88' lang='lat' dir='ltr'><strong><em>cupiditate</em></strong></span> <span class='ocrx_word' id='word_1_214' title='bbox 960 2769 1268 2839; x_wconf 89' lang='lat' dir='ltr'><strong><em>illecti,aut</em></strong></span> <span class='ocrx_word' id='word_1_215' title='bbox 1286 2771 1495 2826; x_wconf 90' lang='lat' dir='ltr'><strong><em>timore</em></strong></span> <span class='ocrx_word' id='word_1_216' title='bbox 1508 2771 1941 2843; x_wconf 90' lang='lat' dir='ltr'><strong><em>perterriti.Ne-</em></strong></span> 
     </span>
    </p>
   </div>
   <div class='ocr_carea' id='block_1_30' title="bbox 284 2858 1940 2934">
    <p class='ocr_par' dir='ltr' id='par_1_30' title="bbox 284 2858 1940 2934">
     <span class='ocr_line' id='line_1_30' title="bbox 284 2858 1940 2934; baseline 0.002 -19"><span class='ocrx_word' id='word_1_217' title='bbox 284 2877 402 2934; x_wconf 89' lang='lat' dir='ltr'><strong><em>que</em></strong></span> <span class='ocrx_word' id='word_1_218' title='bbox 424 2861 623 2917; x_wconf 90' lang='lat' dir='ltr'><strong><em>omnis</em></strong></span> <span class='ocrx_word' id='word_1_219' title='bbox 638 2875 755 2931; x_wconf 88' lang='lat' dir='ltr'><strong><em>pax</em></strong></span> <span class='ocrx_word' id='word_1_220' title='bbox 771 2860 873 2914; x_wconf 90' lang='lat' dir='ltr'><strong><em>Dei</em></strong></span> <span class='ocrx_word' id='word_1_221' title='bbox 903 2858 1206 2924; x_wconf 90' lang='lat' dir='ltr'><strong><em>est,ve1ab</em></strong></span> <span class='ocrx_word' id='word_1_222' title='bbox 1235 2859 1333 2915; x_wconf 90' lang='lat' dir='ltr'><strong><em>illo</em></strong></span> <span class='ocrx_word' id='word_1_223' title='bbox 1364 2877 1376 2912; x_wconf 88' lang='lat'><strong>:</strong></span> <span class='ocrx_word' id='word_1_224' title='bbox 1403 2860 1561 2916; x_wconf 91' lang='lat' dir='ltr'><strong><em>unde</em></strong></span> <span class='ocrx_word' id='word_1_225' title='bbox 1588 2861 1714 2932; x_wconf 92' lang='lat' dir='ltr'><strong><em>ipse</em></strong></span> <span class='ocrx_word' id='word_1_226' title='bbox 1742 2863 1940 2918; x_wconf 90' lang='lat' dir='ltr'><strong><em>Domi-</em></strong></span> 
     </span>
    </p>
   </div>
   <div class='ocr_carea' id='block_1_31' title="bbox 283 2949 1940 3026">
    <p class='ocr_par' dir='ltr' id='par_1_31' title="bbox 283 2949 1940 3026">
     <span class='ocr_line' id='line_1_31' title="bbox 283 2949 1940 3026; baseline 0.001 -20"><span class='ocrx_word' id='word_1_227' title='bbox 283 2967 400 3006; x_wconf 90' lang='lat' dir='ltr'><strong><em>nus</em></strong></span> <span class='ocrx_word' id='word_1_228' title='bbox 421 2951 767 3006; x_wconf 90' lang='lat' dir='ltr'><strong><em>discernens</em></strong></span> <span class='ocrx_word' id='word_1_229' title='bbox 785 2950 882 3026; x_wconf 84' lang='lat' dir='ltr'><strong><em>ait,</em></strong></span> <span class='ocrx_word' id='word_1_230' title='bbox 895 2952 1100 3006; x_wconf 85' lang='lat' dir='ltr'><strong><em>Pacem</em></strong></span> <span class='ocrx_word' id='word_1_231' title='bbox 1114 2964 1301 3005; x_wconf 89' lang='lat' dir='ltr'><strong><em>meam</em></strong></span> <span class='ocrx_word' id='word_1_232' title='bbox 1318 2950 1392 3004; x_wconf 89' lang='lat' dir='ltr'><strong><em>do</em></strong></span> <span class='ocrx_word' id='word_1_233' title='bbox 1407 2949 1583 3016; x_wconf 84' lang='lat' dir='ltr'><strong><em>vobis;</em></strong></span> <span class='ocrx_word' id='word_1_234' title='bbox 1603 2951 1698 3021; x_wconf 89' lang='lat' dir='ltr'><strong><em>adj</em></strong></span> <span class='ocrx_word' id='word_1_235' title='bbox 1712 2966 1940 3022; x_wconf 89' lang='lat' dir='ltr'><strong><em>ungens</em></strong></span> 
     </span>
    </p>
   </div>
   <div class='ocr_carea' id='block_1_32' title="bbox 279 3038 1943 3111">
    <p class='ocr_par' dir='ltr' id='par_1_32' title="bbox 279 3038 1943 3111">
     <span class='ocr_line' id='line_1_32' title="bbox 279 3038 1943 3111; baseline 0.001 -15"><span class='ocrx_word' id='word_1_236' title='bbox 279 3041 466 3096; x_wconf 81' lang='lat' dir='ltr'><strong><em>etiam</em></strong></span> <span class='ocrx_word' id='word_1_237' title='bbox 486 3046 542 3096; x_wconf 90' lang='lat' dir='ltr'><strong><em>et</em></strong></span> <span class='ocrx_word' id='word_1_238' title='bbox 562 3039 765 3094; x_wconf 90' lang='lat' dir='ltr'><strong><em>dicens</em></strong></span> <span class='ocrx_word' id='word_1_239' title='bbox 782 3045 902 3094; x_wconf 82' lang='lat' dir='ltr'><strong><em>nbn</em></strong></span> <span class='ocrx_word' id='word_1_240' title='bbox 917 3054 977 3094; x_wconf 90' lang='lat' dir='ltr'><strong><em>se</em></strong></span> <span class='ocrx_word' id='word_1_241' title='bbox 995 3038 1169 3094; x_wconf 82' lang='lat' dir='ltr'><strong><em>talem</em></strong></span> <span class='ocrx_word' id='word_1_242' title='bbox 1186 3053 1398 3110; x_wconf 90' lang='lat' dir='ltr'><strong><em>pacem</em></strong></span> <span class='ocrx_word' id='word_1_243' title='bbox 1412 3038 1820 3111; x_wconf 89' lang='lat' dir='ltr'><strong><em>dare,qualem</em></strong></span> <span class='ocrx_word' id='word_1_244' title='bbox 1838 3041 1943 3097; x_wconf 89' lang='lat' dir='ltr'><strong><em>dat</em></strong></span> 
     </span>
    </p>
   </div>
   <div class='ocr_carea' id='block_1_33' title="bbox 279 3128 1942 3199">
    <p class='ocr_par' dir='ltr' id='par_1_33' title="bbox 279 3128 1942 3199">
     <span class='ocr_line' id='line_1_33' title="bbox 279 3128 1942 3199; baseline 0.001 -15"><span class='ocrx_word' id='word_1_245' title='bbox 279 3129 380 3185; x_wconf 91' lang='lat' dir='ltr'><strong><em>hic</em></strong></span> <span class='ocrx_word' id='word_1_246' title='bbox 404 3128 668 3184; x_wconf 88' lang='lat' dir='ltr'><strong><em>mundus</em></strong></span> <span class='ocrx_word' id='word_1_247' title='bbox 685 3128 874 3199; x_wconf 89' lang='lat' dir='ltr'><strong><em>(Joan.</em></strong></span> <span class='ocrx_word' id='word_1_248' title='bbox 891 3143 1009 3192; x_wconf 86' lang='lat' dir='ltr'><strong><em>x1v,</em></strong></span> <span class='ocrx_word' id='word_1_249' title='bbox 1033 3128 1141 3199; x_wconf 80' lang='lat'><strong><em>&#39;27).</em></strong></span> <span class='ocrx_word' id='word_1_250' title='bbox 1168 3128 1363 3183; x_wconf 85' lang='lat' dir='ltr'><strong><em>Gratia</em></strong></span> <span class='ocrx_word' id='word_1_251' title='bbox 1378 3132 1463 3183; x_wconf 85' lang='lat' dir='ltr'><strong><em>est</em></strong></span> <span class='ocrx_word' id='word_1_252' title='bbox 1482 3142 1624 3196; x_wconf 90' lang='lat' dir='ltr'><strong><em>ergo</em></strong></span> <span class='ocrx_word' id='word_1_253' title='bbox 1647 3130 1814 3184; x_wconf 91' lang='lat' dir='ltr'><strong><em>aDeo</em></strong></span> <span class='ocrx_word' id='word_1_254' title='bbox 1841 3133 1942 3186; x_wconf 82' lang='lat' dir='ltr'><strong><em>Pa-</em></strong></span> 
     </span>
    </p>
   </div>
   <div class='ocr_carea' id='block_1_34' title="bbox 282 3216 1941 3289">
    <p class='ocr_par' dir='ltr' id='par_1_34' title="bbox 282 3216 1941 3289">
     <span class='ocr_line' id='line_1_34' title="bbox 282 3216 1941 3289; baseline -0.002 -14"><span class='ocrx_word' id='word_1_255' title='bbox 282 3223 394 3284; x_wconf 89' lang='lat' dir='ltr'><strong><em>tre,</em></strong></span> <span class='ocrx_word' id='word_1_256' title='bbox 418 3222 476 3274; x_wconf 88' lang='lat' dir='ltr'><strong><em>et</em></strong></span> <span class='ocrx_word' id='word_1_257' title='bbox 500 3217 751 3273; x_wconf 91' lang='lat' dir='ltr'><strong><em>Domino</em></strong></span> <span class='ocrx_word' id='word_1_258' title='bbox 770 3221 977 3272; x_wconf 90' lang='lat' dir='ltr'><strong><em>nostro</em></strong></span> <span class='ocrx_word' id='word_1_259' title='bbox 997 3218 1134 3271; x_wconf 85' lang='lat' dir='ltr'><strong><em>Jesu</em></strong></span> <span class='ocrx_word' id='word_1_260' title='bbox 1157 3216 1408 3281; x_wconf 84' lang='lat' dir='ltr'><strong><em>Christo,</em></strong></span> <span class='ocrx_word' id='word_1_261' title='bbox 1431 3231 1554 3288; x_wconf 88' lang='lat' dir='ltr'><strong><em>qua</em></strong></span> <span class='ocrx_word' id='word_1_262' title='bbox 1601 3217 1777 3272; x_wconf 91' lang='lat' dir='ltr'><strong><em>nobis</em></strong></span> <span class='ocrx_word' id='word_1_263' title='bbox 1809 3233 1941 3289; x_wconf 89' lang='lat' dir='ltr'><strong><em>pec-</em></strong></span> 
     </span>
    </p>
   </div>
   <div class='ocr_carea' id='block_1_35' title="bbox 283 3304 1943 3377">
    <p class='ocr_par' dir='ltr' id='par_1_35' title="bbox 283 3304 1943 3377">
     <span class='ocr_line' id='line_1_35' title="bbox 283 3304 1943 3377; baseline -0.001 -13"><span class='ocrx_word' id='word_1_264' title='bbox 283 3312 421 3365; x_wconf 90' lang='lat' dir='ltr'><strong><em>cata</em></strong></span> <span class='ocrx_word' id='word_1_265' title='bbox 442 3307 844 3368; x_wconf 86' lang='lat' dir='ltr'><strong><em>remittuntur,</em></strong></span> <span class='ocrx_word' id='word_1_266' title='bbox 867 3304 1089 3377; x_wconf 90' lang='lat' dir='ltr'><strong><em>quibus</em></strong></span> <span class='ocrx_word' id='word_1_267' title='bbox 1115 3305 1594 3360; x_wconf 89' lang='lat' dir='ltr'><strong><em>adversabamur</em></strong></span> <span class='ocrx_word' id='word_1_268' title='bbox 1626 3307 1741 3361; x_wconf 92' lang='lat' dir='ltr'><strong><em>Deo</em></strong></span> <span class='ocrx_word' id='word_1_269' title='bbox 1765 3307 1804 3358; x_wconf 82' lang='grc' dir='ltr'><strong><em>ι.</em></strong></span> <span class='ocrx_word' id='word_1_270' title='bbox 1824 3310 1943 3362; x_wconf 81' lang='lat' dir='ltr'><strong><em>Pax</em></strong></span> 
     </span>
    </p>
   </div>
   <div class='ocr_carea' id='block_1_36' title="bbox 281 3393 1943 3467">
    <p class='ocr_par' dir='ltr' id='par_1_36' title="bbox 281 3393 1943 3467">
     <span class='ocr_line' id='line_1_36' title="bbox 281 3393 1943 3467; baseline -0.001 -14"><span class='ocrx_word' id='word_1_271' title='bbox 281 3412 422 3453; x_wconf 86' lang='lat' dir='ltr'><strong><em>vero</em></strong></span> <span class='ocrx_word' id='word_1_272' title='bbox 438 3397 571 3467; x_wconf 90' lang='lat' dir='ltr'><strong><em>ipsa</em></strong></span> <span class='ocrx_word' id='word_1_273' title='bbox 589 3410 708 3466; x_wconf 88' lang='lat' dir='ltr'><strong><em>qua</em></strong></span> <span class='ocrx_word' id='word_1_274' title='bbox 726 3394 1182 3450; x_wconf 90' lang='lat' dir='ltr'><strong><em>reconciliamur</em></strong></span> <span class='ocrx_word' id='word_1_275' title='bbox 1195 3393 1490 3449; x_wconf 86' lang='lat' dir='ltr'><strong><em>Deo.Cum</em></strong></span> <span class='ocrx_word' id='word_1_276' title='bbox 1506 3395 1667 3450; x_wconf 87' lang='lat' dir='ltr'><strong><em>enim</em></strong></span> <span class='ocrx_word' id='word_1_277' title='bbox 1686 3410 1789 3466; x_wconf 92' lang='lat' dir='ltr'><strong><em>per</em></strong></span> <span class='ocrx_word' id='word_1_278' title='bbox 1806 3411 1943 3466; x_wconf 89' lang='lat' dir='ltr'><strong><em>gra-</em></strong></span> 
     </span>
    </p>
   </div>
   <div class='ocr_carea' id='block_1_37' title="bbox 280 3481 1937 3554">
    <p class='ocr_par' dir='ltr' id='par_1_37' title="bbox 280 3481 1937 3554">
     <span class='ocr_line' id='line_1_37' title="bbox 280 3481 1937 3554; baseline -0.002 -11"><span class='ocrx_word' id='word_1_279' title='bbox 280 3487 426 3543; x_wconf 84' lang='lat' dir='ltr'><strong><em>tiam</em></strong></span> <span class='ocrx_word' id='word_1_280' title='bbox 442 3483 712 3540; x_wconf 89' lang='lat' dir='ltr'><strong><em>remissis</em></strong></span> <span class='ocrx_word' id='word_1_281' title='bbox 728 3483 984 3554; x_wconf 88' lang='lat' dir='ltr'><strong><em>peccatis</em></strong></span> <span class='ocrx_word' id='word_1_282' title='bbox 999 3482 1338 3554; x_wconf 86' lang='lat' dir='ltr'><strong><em>absumptae</em></strong></span> <span class='ocrx_word' id='word_1_283' title='bbox 1358 3481 1575 3540; x_wconf 90' lang='lat' dir='ltr'><strong><em>fuerint</em></strong></span> <span class='ocrx_word' id='word_1_284' title='bbox 1598 3485 1937 3552; x_wconf 82' lang='lat' dir='ltr'><strong><em>inimicitiae,</em></strong></span> 
     </span>
    </p>
   </div>
   <div class='ocr_carea' id='block_1_38' title="bbox 284 3571 1943 3645">
    <p class='ocr_par' dir='ltr' id='par_1_38' title="bbox 284 3571 1943 3645">
     <span class='ocr_line' id='line_1_38' title="bbox 284 3571 1943 3645; baseline -0.002 -13"><span class='ocrx_word' id='word_1_285' title='bbox 284 3579 710 3644; x_wconf 89' lang='lat' dir='ltr'><strong><em>restatutpace</em></strong></span> <span class='ocrx_word' id='word_1_286' title='bbox 725 3572 1141 3630; x_wconf 83' lang='lat' dir='ltr'><strong><em>adhaereamus</em></strong></span> <span class='ocrx_word' id='word_1_287' title='bbox 1165 3571 1264 3637; x_wconf 88' lang='lat' dir='ltr'><strong><em>illi,</em></strong></span> <span class='ocrx_word' id='word_1_288' title='bbox 1298 3587 1333 3628; x_wconf 92' lang='lat' dir='ltr'><strong><em>a</em></strong></span> <span class='ocrx_word' id='word_1_289' title='bbox 1363 3588 1484 3644; x_wconf 90' lang='lat' dir='ltr'><strong><em>quo</em></strong></span> <span class='ocrx_word' id='word_1_290' title='bbox 1515 3589 1625 3630; x_wconf 90' lang='lat' dir='ltr'><strong><em>nos</em></strong></span> <span class='ocrx_word' id='word_1_291' title='bbox 1653 3575 1780 3630; x_wconf 89' lang='lat' dir='ltr'><strong><em>sola</em></strong></span> <span class='ocrx_word' id='word_1_292' title='bbox 1810 3589 1943 3645; x_wconf 89' lang='lat' dir='ltr'><strong><em>pec-</em></strong></span> 
     </span>
    </p>
   </div>
   <div class='ocr_carea' id='block_1_39' title="bbox 283 3661 1942 3733">
    <p class='ocr_par' dir='ltr' id='par_1_39' title="bbox 283 3661 1942 3733">
     <span class='ocr_line' id='line_1_39' title="bbox 283 3661 1942 3733; baseline -0.002 -12"><span class='ocrx_word' id='word_1_293' title='bbox 283 3669 421 3721; x_wconf 87' lang='lat' dir='ltr'><strong><em>cata</em></strong></span> <span class='ocrx_word' id='word_1_294' title='bbox 446 3662 810 3718; x_wconf 88' lang='lat' dir='ltr'><strong><em>dirimebant</em></strong></span> <span class='ocrx_word' id='word_1_295' title='bbox 833 3661 1012 3716; x_wconf 86' lang='lat' dir='ltr'><strong><em>:sicut</em></strong></span> <span class='ocrx_word' id='word_1_296' title='bbox 1035 3661 1328 3733; x_wconf 87' lang='lat' dir='ltr'><strong><em>propheta</em></strong></span> <span class='ocrx_word' id='word_1_297' title='bbox 1348 3662 1648 3727; x_wconf 89' lang='lat' dir='ltr'><strong><em>dicit,Non</em></strong></span> <span class='ocrx_word' id='word_1_298' title='bbox 1669 3663 1942 3733; x_wconf 84' lang='lat' dir='ltr'><strong><em>gravabit</em></strong></span> 
     </span>
    </p>
   </div>
   <div class='ocr_carea' id='block_1_40' title="bbox 282 3751 1942 3822">
    <p class='ocr_par' dir='ltr' id='par_1_40' title="bbox 282 3751 1942 3822">
     <span class='ocr_line' id='line_1_40' title="bbox 282 3751 1942 3822; baseline -0.001 -12"><span class='ocrx_word' id='word_1_299' title='bbox 282 3769 518 3822; x_wconf 85' lang='lat' dir='ltr'><strong><em>aurem,</em></strong></span> <span class='ocrx_word' id='word_1_300' title='bbox 540 3757 604 3807; x_wconf 89' lang='lat' dir='ltr'><strong><em>ut</em></strong></span> <span class='ocrx_word' id='word_1_301' title='bbox 639 3767 756 3806; x_wconf 87' lang='lat' dir='ltr'><strong><em>non</em></strong></span> <span class='ocrx_word' id='word_1_302' title='bbox 779 3751 986 3806; x_wconf 85' lang='lat' dir='ltr'><strong><em>audiat</em></strong></span> <span class='ocrx_word' id='word_1_303' title='bbox 1011 3768 1029 3816; x_wconf 91' lang='lat'><em>;</em></span> <span class='ocrx_word' id='word_1_304' title='bbox 1056 3751 1156 3806; x_wconf 85' lang='lat' dir='ltr'><strong><em>sed</em></strong></span> <span class='ocrx_word' id='word_1_305' title='bbox 1176 3761 1419 3819; x_wconf 81' lang='lat' dir='ltr'><strong><em>peccata</em></strong></span> <span class='ocrx_word' id='word_1_306' title='bbox 1448 3759 1642 3807; x_wconf 83' lang='lat' dir='ltr'><strong><em>vestra</em></strong></span> <span class='ocrx_word' id='word_1_307' title='bbox 1664 3753 1818 3808; x_wconf 88' lang='lat' dir='ltr'><strong><em>inter</em></strong></span> <span class='ocrx_word' id='word_1_308' title='bbox 1845 3767 1942 3808; x_wconf 90' lang='lat' dir='ltr'><strong><em>vos</em></strong></span> 
     </span>
    </p>
   </div>
   <div class='ocr_carea' id='block_1_41' title="bbox 283 3840 1942 3912">
    <p class='ocr_par' dir='ltr' id='par_1_41' title="bbox 283 3840 1942 3912">
     <span class='ocr_line' id='line_1_41' title="bbox 283 3840 1942 3912; baseline -0.003 -12"><span class='ocrx_word' id='word_1_309' title='bbox 283 3850 338 3900; x_wconf 89' lang='lat' dir='ltr'><strong><em>et</em></strong></span> <span class='ocrx_word' id='word_1_310' title='bbox 368 3843 554 3898; x_wconf 89' lang='lat' dir='ltr'><strong><em>Deum</em></strong></span> <span class='ocrx_word' id='word_1_311' title='bbox 580 3847 858 3910; x_wconf 83' lang='lat' dir='ltr'><strong><em>separant</em></strong></span> <span class='ocrx_word' id='word_1_312' title='bbox 888 3840 1234 3910; x_wconf 83' lang='lat' dir='ltr'><strong><em>(Isai.L1x,1</em></strong></span> <span class='ocrx_word' id='word_1_313' title='bbox 1264 3841 1404 3912; x_wconf 85' lang='lat' dir='ltr'><strong><em>et2).</em></strong></span> <span class='ocrx_word' id='word_1_314' title='bbox 1428 3840 1654 3905; x_wconf 88' lang='lat' dir='ltr'><strong><em>Quibus</em></strong></span> <span class='ocrx_word' id='word_1_315' title='bbox 1676 3841 1942 3897; x_wconf 86' lang='lat' dir='ltr'><strong><em>remissis</em></strong></span> 
     </span>
    </p>
   </div>
   <div class='ocr_carea' id='block_1_42' title="bbox 282 3928 1946 4005">
    <p class='ocr_par' dir='ltr' id='par_1_42' title="bbox 282 3928 1946 4005">
     <span class='ocr_line' id='line_1_42' title="bbox 282 3928 1946 4005; baseline 0 -18"><span class='ocrx_word' id='word_1_316' title='bbox 282 3947 394 4005; x_wconf 87' lang='lat' dir='ltr'><strong><em>per</em></strong></span> <span class='ocrx_word' id='word_1_317' title='bbox 415 3930 596 3986; x_wconf 83' lang='lat' dir='ltr'><strong><em>ﬁdem</em></strong></span> <span class='ocrx_word' id='word_1_318' title='bbox 623 3931 853 3985; x_wconf 87' lang='lat' dir='ltr'><strong><em>Domini</em></strong></span> <span class='ocrx_word' id='word_1_319' title='bbox 874 3931 1059 3985; x_wconf 86' lang='lat' dir='ltr'><strong><em>nostri</em></strong></span> <span class='ocrx_word' id='word_1_320' title='bbox 1082 3932 1221 3985; x_wconf 85' lang='lat' dir='ltr'><strong><em>Jesu</em></strong></span> <span class='ocrx_word' id='word_1_321' title='bbox 1252 3928 1482 3996; x_wconf 88' lang='lat' dir='ltr'><strong><em>Christi,</em></strong></span> <span class='ocrx_word' id='word_1_322' title='bbox 1515 3929 1680 3987; x_wconf 91' lang='lat' dir='ltr'><strong><em>nulla</em></strong></span> <span class='ocrx_word' id='word_1_323' title='bbox 1709 3946 1946 4003; x_wconf 90' lang='lat' dir='ltr'><strong><em>separa-</em></strong></span> 
     </span>
    </p>
   </div>
   <div class='ocr_carea' id='block_1_43' title="bbox 285 4018 1196 4090">
    <p class='ocr_par' dir='ltr' id='par_1_43' title="bbox 285 4018 1196 4090">
     <span class='ocr_line' id='line_1_43' title="bbox 285 4018 1196 4090; baseline -0.004 -12"><span class='ocrx_word' id='word_1_324' title='bbox 285 4023 448 4078; x_wconf 89' lang='lat' dir='ltr'><strong><em>tione</em></strong></span> <span class='ocrx_word' id='word_1_325' title='bbox 471 4018 895 4075; x_wconf 86' lang='lat' dir='ltr'><strong><em>interveniente</em></strong></span> <span class='ocrx_word' id='word_1_326' title='bbox 930 4034 1048 4090; x_wconf 89' lang='lat' dir='ltr'><strong><em>pax</em></strong></span> <span class='ocrx_word' id='word_1_327' title='bbox 1069 4021 1196 4075; x_wconf 88' lang='lat' dir='ltr'><strong><em>erit.</em></strong></span> 
     </span>
    </p>
   </div>
   <div class='ocr_carea' id='block_1_44' title="bbox 288 4144 1948 4219">
    <p class='ocr_par' dir='ltr' id='par_1_44' title="bbox 288 4144 1948 4219">
     <span class='ocr_line' id='line_1_44' title="bbox 288 4144 1948 4219; baseline 0 -18"><span class='ocrx_word' id='word_1_328' title='bbox 288 4178 298 4213; x_wconf 84' lang='grc'>;</span> <span class='ocrx_word' id='word_1_329' title='bbox 361 4149 413 4201; x_wconf 83' lang='grc'><strong><em>9.</em></strong></span> <span class='ocrx_word' id='word_1_330' title='bbox 435 4147 706 4202; x_wconf 81' lang='lat' dir='ltr'><strong><em>Fortasse</em></strong></span> <span class='ocrx_word' id='word_1_331' title='bbox 724 4147 925 4199; x_wconf 90' lang='lat' dir='ltr'><strong><em>autem</em></strong></span> <span class='ocrx_word' id='word_1_332' title='bbox 937 4145 1192 4216; x_wconf 89' lang='lat' dir='ltr'><strong><em>quisque</em></strong></span> <span class='ocrx_word' id='word_1_333' title='bbox 1207 4144 1451 4201; x_wconf 88' lang='lat' dir='ltr'><strong><em>miretur</em></strong></span> <span class='ocrx_word' id='word_1_334' title='bbox 1462 4147 1948 4219; x_wconf 90' lang='lat' dir='ltr'><strong><em>quomodointel-</em></strong></span> 
     </span>
    </p>
   </div>
   <div class='ocr_carea' id='block_1_45' title="bbox 285 4233 1947 4308">
    <p class='ocr_par' dir='ltr' id='par_1_45' title="bbox 285 4233 1947 4308">
     <span class='ocr_line' id='line_1_45' title="bbox 285 4233 1947 4308; baseline 0 -16"><span class='ocrx_word' id='word_1_335' title='bbox 285 4234 535 4304; x_wconf 74' lang='lat' dir='ltr'><strong><em>ﬁgenda</em></strong></span> <span class='ocrx_word' id='word_1_336' title='bbox 558 4234 631 4290; x_wconf 89' lang='lat' dir='ltr'><strong><em>sit</em></strong></span> <span class='ocrx_word' id='word_1_337' title='bbox 655 4234 886 4304; x_wconf 88' lang='lat' dir='ltr'><strong><em>justitia</em></strong></span> <span class='ocrx_word' id='word_1_338' title='bbox 905 4233 1126 4304; x_wconf 89' lang='lat' dir='ltr'><strong><em>judicis</em></strong></span> <span class='ocrx_word' id='word_1_339' title='bbox 1147 4235 1413 4300; x_wconf 90' lang='lat' dir='ltr'><strong><em>Dei,cum</em></strong></span> <span class='ocrx_word' id='word_1_340' title='bbox 1433 4237 1691 4308; x_wconf 79' lang='lat' dir='ltr'><strong><em>gratiam</em></strong></span> <span class='ocrx_word' id='word_1_341' title='bbox 1722 4238 1947 4308; x_wconf 66' lang='lat' dir='ltr'><strong><em>praebet</em></strong></span> 
     </span>
    </p>
   </div>
   <div class='ocr_carea' id='block_1_46' title="bbox 282 4320 1945 4396">
    <p class='ocr_par' dir='ltr' id='par_1_46' title="bbox 282 4320 1945 4396">
     <span class='ocr_line' id='line_1_46' title="bbox 282 4320 1945 4396; baseline 0.001 -17"><span class='ocrx_word' id='word_1_342' title='bbox 282 4322 664 4394; x_wconf 86' lang='lat' dir='ltr'><strong><em>ignoscendo</em></strong></span> <span class='ocrx_word' id='word_1_343' title='bbox 679 4322 959 4394; x_wconf 90' lang='lat' dir='ltr'><strong><em>peccatis.</em></strong></span> <span class='ocrx_word' id='word_1_344' title='bbox 984 4320 1096 4377; x_wconf 91' lang='lat' dir='ltr'><strong><em>Sed</em></strong></span> <span class='ocrx_word' id='word_1_345' title='bbox 1108 4321 1226 4377; x_wconf 92' lang='lat' dir='ltr'><strong><em>hoc</em></strong></span> <span class='ocrx_word' id='word_1_346' title='bbox 1238 4322 1416 4394; x_wconf 89' lang='lat' dir='ltr'><strong><em>plane</em></strong></span> <span class='ocrx_word' id='word_1_347' title='bbox 1424 4324 1653 4394; x_wconf 89' lang='lat' dir='ltr'><strong><em>justum</em></strong></span> <span class='ocrx_word' id='word_1_348' title='bbox 1676 4330 1766 4380; x_wconf 90' lang='lat' dir='ltr'><strong><em>est</em></strong></span> <span class='ocrx_word' id='word_1_349' title='bbox 1783 4325 1945 4396; x_wconf 89' lang='lat' dir='ltr'><strong><em>apud</em></strong></span> 
     </span>
    </p>
   </div>
   <div class='ocr_carea' id='block_1_47' title="bbox 283 4411 1946 4484">
    <p class='ocr_par' dir='ltr' id='par_1_47' title="bbox 283 4411 1946 4484">
     <span class='ocr_line' id='line_1_47' title="bbox 283 4411 1946 4484; baseline 0 -15"><span class='ocrx_word' id='word_1_350' title='bbox 283 4415 510 4478; x_wconf 88' lang='lat' dir='ltr'><strong><em>Deum;</em></strong></span> <span class='ocrx_word' id='word_1_351' title='bbox 535 4412 680 4483; x_wconf 89' lang='lat' dir='ltr'><strong><em>quia</em></strong></span> <span class='ocrx_word' id='word_1_352' title='bbox 699 4426 834 4466; x_wconf 86' lang='lat' dir='ltr'><strong><em>vere</em></strong></span> <span class='ocrx_word' id='word_1_353' title='bbox 858 4411 1081 4480; x_wconf 88' lang='lat' dir='ltr'><strong><em>justum</em></strong></span> <span class='ocrx_word' id='word_1_354' title='bbox 1105 4417 1193 4466; x_wconf 91' lang='lat' dir='ltr'><strong><em>est</em></strong></span> <span class='ocrx_word' id='word_1_355' title='bbox 1225 4418 1287 4467; x_wconf 92' lang='lat' dir='ltr'><strong><em>ut</em></strong></span> <span class='ocrx_word' id='word_1_356' title='bbox 1318 4413 1351 4466; x_wconf 88' lang='lat' dir='ltr'><strong><em>ii</em></strong></span> <span class='ocrx_word' id='word_1_357' title='bbox 1384 4429 1533 4484; x_wconf 88' lang='lat' dir='ltr'><strong><em>quos</em></strong></span> <span class='ocrx_word' id='word_1_358' title='bbox 1566 4420 1946 4484; x_wconf 89' lang='lat' dir='ltr'><strong><em>peccatorum</em></strong></span> 
     </span>
    </p>
   </div>
   <div class='ocr_carea' id='block_1_48' title="bbox 283 4501 1946 4574">
    <p class='ocr_par' dir='ltr' id='par_1_48' title="bbox 283 4501 1946 4574">
     <span class='ocr_line' id='line_1_48' title="bbox 283 4501 1946 4574; baseline -0.001 -17"><span class='ocrx_word' id='word_1_359' title='bbox 283 4517 545 4558; x_wconf 85' lang='lat' dir='ltr'><strong><em>suorum</em></strong></span> <span class='ocrx_word' id='word_1_360' title='bbox 561 4501 900 4571; x_wconf 82' lang='lat' dir='ltr'><strong><em>pcenitet,eo</em></strong></span> <span class='ocrx_word' id='word_1_361' title='bbox 915 4505 1181 4570; x_wconf 89' lang='lat' dir='ltr'><strong><em>tempore</em></strong></span> <span class='ocrx_word' id='word_1_362' title='bbox 1199 4516 1320 4572; x_wconf 90' lang='lat' dir='ltr'><strong><em>quo</em></strong></span> <span class='ocrx_word' id='word_1_363' title='bbox 1343 4503 1612 4557; x_wconf 91' lang='lat' dir='ltr'><strong><em>nondum</em></strong></span> <span class='ocrx_word' id='word_1_364' title='bbox 1629 4517 1946 4574; x_wconf 71' lang='lat' dir='ltr'><strong><em>poenarum</em></strong></span> 
     </span>
    </p>
   </div>
   <div class='ocr_carea' id='block_1_49' title="bbox 283 4589 1950 4664">
    <p class='ocr_par' dir='ltr' id='par_1_49' title="bbox 283 4589 1950 4664">
     <span class='ocr_line' id='line_1_49' title="bbox 283 4589 1950 4664; baseline -0.001 -17"><span class='ocrx_word' id='word_1_365' title='bbox 283 4589 648 4648; x_wconf 88' lang='lat' dir='ltr'><strong><em>manifestus</em></strong></span> <span class='ocrx_word' id='word_1_366' title='bbox 666 4589 1590 4661; x_wconf 87' lang='lat' dir='ltr'><strong><em>terrorapparet,misericorditer</em></strong></span> <span class='ocrx_word' id='word_1_367' title='bbox 1601 4596 1950 4664; x_wconf 89' lang='lat' dir='ltr'><strong><em>separentur</em></strong></span> 
     </span>
    </p>
   </div>
   <div class='ocr_carea' id='block_1_50' title="bbox 283 4678 1947 4752">
    <p class='ocr_par' dir='ltr' id='par_1_50' title="bbox 283 4678 1947 4752">
     <span class='ocr_line' id='line_1_50' title="bbox 283 4678 1947 4752; baseline -0.001 -15"><span class='ocrx_word' id='word_1_368' title='bbox 283 4681 372 4737; x_wconf 86' lang='lat' dir='ltr'><strong><em>ab</em></strong></span> <span class='ocrx_word' id='word_1_369' title='bbox 384 4679 471 4735; x_wconf 89' lang='lat' dir='ltr'><strong><em>eis</em></strong></span> <span class='ocrx_word' id='word_1_370' title='bbox 487 4679 586 4750; x_wconf 86' lang='lat' dir='ltr'><strong><em>qui</em></strong></span> <span class='ocrx_word' id='word_1_371' title='bbox 611 4678 988 4734; x_wconf 87' lang='lat' dir='ltr'><strong><em>defensiones</em></strong></span> <span class='ocrx_word' id='word_1_372' title='bbox 1004 4685 1389 4749; x_wconf 87' lang='lat' dir='ltr'><strong><em>peccatorum</em></strong></span> <span class='ocrx_word' id='word_1_373' title='bbox 1416 4695 1662 4736; x_wconf 91' lang='lat' dir='ltr'><strong><em>suorum</em></strong></span> <span class='ocrx_word' id='word_1_374' title='bbox 1690 4682 1947 4752; x_wconf 87' lang='lat' dir='ltr'><strong><em>pertina-</em></strong></span> 
     </span>
    </p>
   </div>
   <div class='ocr_carea' id='block_1_51' title="bbox 283 4767 1947 4842">
    <p class='ocr_par' dir='ltr' id='par_1_51' title="bbox 283 4767 1947 4842">
     <span class='ocr_line' id='line_1_51' title="bbox 283 4767 1947 4842; baseline 0.001 -17"><span class='ocrx_word' id='word_1_375' title='bbox 283 4771 434 4825; x_wconf 89' lang='lat' dir='ltr'><strong><em>citer</em></strong></span> <span class='ocrx_word' id='word_1_376' title='bbox 455 4769 852 4840; x_wconf 82' lang='lat' dir='ltr'><strong><em>exquirentes,</em></strong></span> <span class='ocrx_word' id='word_1_377' title='bbox 886 4767 1052 4823; x_wconf 90' lang='lat' dir='ltr'><strong><em>nulla</em></strong></span> <span class='ocrx_word' id='word_1_378' title='bbox 1078 4768 1426 4840; x_wconf 70' lang='lat' dir='ltr'><strong><em>poenitentia</em></strong></span> <span class='ocrx_word' id='word_1_379' title='bbox 1457 4769 1674 4842; x_wconf 80' lang='lat' dir='ltr'><strong><em>corrigi</em></strong></span> <span class='ocrx_word' id='word_1_380' title='bbox 1719 4771 1947 4826; x_wconf 89' lang='lat' dir='ltr'><strong><em>volunt.</em></strong></span> 
     </span>
    </p>
   </div>
   <div class='ocr_carea' id='block_1_52' title="bbox 285 4857 1951 4932">
    <p class='ocr_par' dir='ltr' id='par_1_52' title="bbox 285 4857 1951 4932">
     <span class='ocr_line' id='line_1_52' title="bbox 285 4857 1951 4932; baseline 0.001 -17"><span class='ocrx_word' id='word_1_381' title='bbox 285 4859 379 4928; x_wconf 87' lang='lat' dir='ltr'><strong><em>Inj</em></strong></span> <span class='ocrx_word' id='word_1_382' title='bbox 391 4863 592 4914; x_wconf 89' lang='lat' dir='ltr'><strong><em>ustum</em></strong></span> <span class='ocrx_word' id='word_1_383' title='bbox 612 4858 871 4913; x_wconf 89' lang='lat' dir='ltr'><strong><em>estenim</em></strong></span> <span class='ocrx_word' id='word_1_384' title='bbox 895 4861 956 4912; x_wconf 91' lang='lat' dir='ltr'><strong><em>ut</em></strong></span> <span class='ocrx_word' id='word_1_385' title='bbox 980 4873 1119 4912; x_wconf 89' lang='lat' dir='ltr'><strong><em>cum</em></strong></span> <span class='ocrx_word' id='word_1_386' title='bbox 1145 4859 1235 4912; x_wconf 91' lang='lat' dir='ltr'><strong><em>his</em></strong></span> <span class='ocrx_word' id='word_1_387' title='bbox 1252 4857 1330 4912; x_wconf 90' lang='lat' dir='ltr'><strong><em>illi</em></strong></span> <span class='ocrx_word' id='word_1_388' title='bbox 1349 4859 1425 4913; x_wconf 90' lang='lat' dir='ltr'><strong><em>ad</em></strong></span> <span class='ocrx_word' id='word_1_389' title='bbox 1446 4859 1813 4914; x_wconf 89' lang='lat' dir='ltr'><strong><em>consortium</em></strong></span> <span class='ocrx_word' id='word_1_390' title='bbox 1828 4875 1951 4932; x_wconf 72' lang='lat' dir='ltr'><strong><em>pce-</em></strong></span> 
     </span>
    </p>
   </div>
   <div class='ocr_carea' id='block_1_53' title="bbox 284 4946 1953 5020">
    <p class='ocr_par' dir='ltr' id='par_1_53' title="bbox 284 4946 1953 5020">
     <span class='ocr_line' id='line_1_53' title="bbox 284 4946 1953 5020; baseline -0.001 -15"><span class='ocrx_word' id='word_1_391' title='bbox 284 4947 431 5006; x_wconf 89' lang='lat' dir='ltr'><strong><em>nale</em></strong></span> <span class='ocrx_word' id='word_1_392' title='bbox 457 4947 832 5020; x_wconf 89' lang='lat' dir='ltr'><strong><em>copulentur,</em></strong></span> <span class='ocrx_word' id='word_1_393' title='bbox 864 4946 969 5018; x_wconf 90' lang='lat' dir='ltr'><strong><em>qui</em></strong></span> <span class='ocrx_word' id='word_1_394' title='bbox 997 4951 1305 5002; x_wconf 88' lang='lat' dir='ltr'><strong><em>vocantem</em></strong></span> <span class='ocrx_word' id='word_1_395' title='bbox 1349 4950 1534 5002; x_wconf 90' lang='lat' dir='ltr'><strong><em>Deum</em></strong></span> <span class='ocrx_word' id='word_1_396' title='bbox 1564 4963 1687 5004; x_wconf 92' lang='lat' dir='ltr'><strong><em>non</em></strong></span> <span class='ocrx_word' id='word_1_397' title='bbox 1715 4964 1953 5020; x_wconf 84' lang='lat' dir='ltr'><strong><em>spreve-</em></strong></span> 
     </span>
    </p>
   </div>
   <div class='ocr_carea' id='block_1_54' title="bbox 286 5035 1955 5108">
    <p class='ocr_par' dir='ltr' id='par_1_54' title="bbox 286 5035 1955 5108">
     <span class='ocr_line' id='line_1_54' title="bbox 286 5035 1955 5108; baseline 0 -14"><span class='ocrx_word' id='word_1_398' title='bbox 286 5043 454 5102; x_wconf 88' lang='lat' dir='ltr'><strong><em>runt,</em></strong></span> <span class='ocrx_word' id='word_1_399' title='bbox 483 5040 866 5108; x_wconf 88' lang='lat' dir='ltr'><strong><em>etpeccantes</em></strong></span> <span class='ocrx_word' id='word_1_400' title='bbox 880 5035 1310 5108; x_wconf 88' lang='lat' dir='ltr'><strong><em>displicuerunt</em></strong></span> <span class='ocrx_word' id='word_1_401' title='bbox 1324 5037 1458 5101; x_wconf 90' lang='lat' dir='ltr'><strong><em>sibi,</em></strong></span> <span class='ocrx_word' id='word_1_402' title='bbox 1474 5043 1535 5092; x_wconf 86' lang='lat' dir='ltr'><strong><em>ut</em></strong></span> <span class='ocrx_word' id='word_1_403' title='bbox 1553 5037 1955 5108; x_wconf 87' lang='lat' dir='ltr'><strong><em>quemadmo-</em></strong></span> 
     </span>
    </p>
   </div>
   <div class='ocr_carea' id='block_1_55' title="bbox 290 5125 1949 5198">
    <p class='ocr_par' dir='ltr' id='par_1_55' title="bbox 290 5125 1949 5198">
     <span class='ocr_line' id='line_1_55' title="bbox 290 5125 1949 5198; baseline -0.001 -14"><span class='ocrx_word' id='word_1_404' title='bbox 290 5129 441 5184; x_wconf 88' lang='lat' dir='ltr'><strong><em>dum</em></strong></span> <span class='ocrx_word' id='word_1_405' title='bbox 471 5125 568 5181; x_wconf 89' lang='lat' dir='ltr'><strong><em>ille</em></strong></span> <span class='ocrx_word' id='word_1_406' title='bbox 599 5130 844 5198; x_wconf 91' lang='lat' dir='ltr'><strong><em>peccata</em></strong></span> <span class='ocrx_word' id='word_1_407' title='bbox 857 5141 1086 5191; x_wconf 89' lang='lat' dir='ltr'><strong><em>eorum,</em></strong></span> <span class='ocrx_word' id='word_1_408' title='bbox 1109 5125 1385 5182; x_wconf 89' lang='lat' dir='ltr'><strong><em>sicetiam</em></strong></span> <span class='ocrx_word' id='word_1_409' title='bbox 1407 5127 1518 5197; x_wconf 90' lang='lat' dir='ltr'><strong><em>ipsi</em></strong></span> <span class='ocrx_word' id='word_1_410' title='bbox 1536 5126 1949 5183; x_wconf 89' lang='lat' dir='ltr'><strong><em>odissentsua.</em></strong></span> 
     </span>
    </p>
   </div>
   <div class='ocr_carea' id='block_1_56' title="bbox 288 5215 1952 5288">
    <p class='ocr_par' dir='ltr' id='par_1_56' title="bbox 288 5215 1952 5288">
     <span class='ocr_line' id='line_1_56' title="bbox 288 5215 1952 5288; baseline -0.002 -14"><span class='ocrx_word' id='word_1_411' title='bbox 288 5220 376 5274; x_wconf 82' lang='lat' dir='ltr'><strong><em>Ea</em></strong></span> <span class='ocrx_word' id='word_1_412' title='bbox 392 5217 558 5273; x_wconf 86' lang='lat' dir='ltr'><strong><em>enim</em></strong></span> <span class='ocrx_word' id='word_1_413' title='bbox 580 5215 1952 5288; x_wconf 68' lang='lat' dir='ltr'><strong><em>demumesthumanaajustititedisciplina,non</em></strong></span> 
     </span>
    </p>
   </div>
   <div class='ocr_carea' id='block_1_57' title="bbox 291 5304 1952 5378">
    <p class='ocr_par' dir='ltr' id='par_1_57' title="bbox 291 5304 1952 5378">
     <span class='ocr_line' id='line_1_57' title="bbox 291 5304 1952 5378; baseline -0.001 -16"><span class='ocrx_word' id='word_1_414' title='bbox 291 5308 354 5363; x_wconf 87' lang='lat' dir='ltr'><strong><em>in</em></strong></span> <span class='ocrx_word' id='word_1_415' title='bbox 383 5322 446 5362; x_wconf 89' lang='lat' dir='ltr'><strong><em>se</em></strong></span> <span class='ocrx_word' id='word_1_416' title='bbox 478 5321 685 5362; x_wconf 88' lang='lat' dir='ltr'><strong><em>amare</em></strong></span> <span class='ocrx_word' id='word_1_417' title='bbox 714 5304 830 5360; x_wconf 89' lang='lat' dir='ltr'><strong><em>nisi</em></strong></span> <span class='ocrx_word' id='word_1_418' title='bbox 859 5304 1024 5376; x_wconf 90' lang='lat' dir='ltr'><strong><em>quod</em></strong></span> <span class='ocrx_word' id='word_1_419' title='bbox 1056 5305 1157 5360; x_wconf 92' lang='lat' dir='ltr'><strong><em>Dei</em></strong></span> <span class='ocrx_word' id='word_1_420' title='bbox 1188 5310 1295 5370; x_wconf 89' lang='lat' dir='ltr'><strong><em>est,</em></strong></span> <span class='ocrx_word' id='word_1_421' title='bbox 1326 5311 1380 5361; x_wconf 91' lang='lat' dir='ltr'><strong><em>et</em></strong></span> <span class='ocrx_word' id='word_1_422' title='bbox 1405 5305 1606 5361; x_wconf 91' lang='lat' dir='ltr'><strong><em>odisse</em></strong></span> <span class='ocrx_word' id='word_1_423' title='bbox 1632 5305 1797 5377; x_wconf 92' lang='lat' dir='ltr'><strong><em>quod</em></strong></span> <span class='ocrx_word' id='word_1_424' title='bbox 1816 5321 1952 5378; x_wconf 89' lang='lat' dir='ltr'><strong><em>pro-</em></strong></span> 
     </span>
    </p>
   </div>
   <div class='ocr_carea' id='block_1_58' title="bbox 295 5394 1954 5468">
    <p class='ocr_par' dir='ltr' id='par_1_58' title="bbox 295 5394 1954 5468">
     <span class='ocr_line' id='line_1_58' title="bbox 295 5394 1954 5468; baseline -0.001 -17"><span class='ocrx_word' id='word_1_425' title='bbox 295 5396 497 5468; x_wconf 89' lang='lat' dir='ltr'><strong><em>prium</em></strong></span> <span class='ocrx_word' id='word_1_426' title='bbox 522 5399 613 5450; x_wconf 90' lang='lat' dir='ltr'><strong><em>est</em></strong></span> <span class='ocrx_word' id='word_1_427' title='bbox 637 5411 650 5460; x_wconf 86' lang='lat'>;</span> <span class='ocrx_word' id='word_1_428' title='bbox 683 5409 794 5449; x_wconf 93' lang='lat' dir='ltr'><strong><em>nec</em></strong></span> <span class='ocrx_word' id='word_1_429' title='bbox 815 5394 1154 5466; x_wconf 90' lang='lat' dir='ltr'><strong><em>approbare</em></strong></span> <span class='ocrx_word' id='word_1_430' title='bbox 1181 5398 1433 5466; x_wconf 88' lang='lat' dir='ltr'><strong><em>peccata</em></strong></span> <span class='ocrx_word' id='word_1_431' title='bbox 1480 5411 1612 5459; x_wconf 90' lang='lat' dir='ltr'><strong><em>sua,</em></strong></span> <span class='ocrx_word' id='word_1_432' title='bbox 1647 5411 1755 5450; x_wconf 89' lang='lat' dir='ltr'><strong><em>nec</em></strong></span> <span class='ocrx_word' id='word_1_433' title='bbox 1786 5396 1846 5450; x_wconf 91' lang='lat' dir='ltr'><strong><em>in</em></strong></span> <span class='ocrx_word' id='word_1_434' title='bbox 1869 5395 1954 5451; x_wconf 90' lang='lat' dir='ltr'><strong><em>eis</em></strong></span> 
     </span>
    </p>
   </div>
   <div class='ocr_carea' id='block_1_59' title="bbox 296 5484 1956 5556">
    <p class='ocr_par' dir='ltr' id='par_1_59' title="bbox 296 5484 1956 5556">
     <span class='ocr_line' id='line_1_59' title="bbox 296 5484 1956 5556; baseline -0.002 -13"><span class='ocrx_word' id='word_1_435' title='bbox 296 5485 484 5543; x_wconf 82' lang='lat' dir='ltr'><strong><em>alium</em></strong></span> <span class='ocrx_word' id='word_1_436' title='bbox 547 5485 914 5555; x_wconf 88' lang='lat' dir='ltr'><strong><em>improbare,</em></strong></span> <span class='ocrx_word' id='word_1_437' title='bbox 945 5484 1050 5539; x_wconf 90' lang='lat' dir='ltr'><strong><em>sed</em></strong></span> <span class='ocrx_word' id='word_1_438' title='bbox 1081 5484 1350 5556; x_wconf 90' lang='lat' dir='ltr'><strong><em>seipsum</em></strong></span> <span class='ocrx_word' id='word_1_439' title='bbox 1387 5498 1400 5549; x_wconf 90' lang='lat'><strong>;</strong></span> <span class='ocrx_word' id='word_1_440' title='bbox 1427 5499 1537 5539; x_wconf 90' lang='lat' dir='ltr'><strong><em>nec</em></strong></span> <span class='ocrx_word' id='word_1_441' title='bbox 1567 5489 1776 5556; x_wconf 89' lang='lat' dir='ltr'><strong><em>putare</em></strong></span> <span class='ocrx_word' id='word_1_442' title='bbox 1811 5487 1956 5540; x_wconf 87' lang='lat' dir='ltr'><strong><em>satis</em></strong></span> 
     </span>
    </p>
   </div>
   <div class='ocr_carea' id='block_1_60' title="bbox 285 5573 1957 5646">
    <p class='ocr_par' dir='ltr' id='par_1_60' title="bbox 285 5573 1957 5646">
     <span class='ocr_line' id='line_1_60' title="bbox 285 5573 1957 5646; baseline 0.001 -17"><span class='ocrx_word' id='word_1_443' title='bbox 285 5575 408 5631; x_wconf 79' lang='lat' dir='ltr'><strong><em>sibi</em></strong></span> <span class='ocrx_word' id='word_1_444' title='bbox 433 5590 569 5630; x_wconf 89' lang='lat' dir='ltr'><strong><em>esse</em></strong></span> <span class='ocrx_word' id='word_1_445' title='bbox 585 5578 648 5630; x_wconf 91' lang='lat' dir='ltr'><strong><em>ut</em></strong></span> <span class='ocrx_word' id='word_1_446' title='bbox 675 5589 788 5632; x_wconf 86' lang='lat' dir='ltr'><strong><em>sua</em></strong></span> <span class='ocrx_word' id='word_1_447' title='bbox 802 5580 1049 5646; x_wconf 86' lang='lat' dir='ltr'><strong><em>peccata</em></strong></span> <span class='ocrx_word' id='word_1_448' title='bbox 1070 5573 1445 5645; x_wconf 87' lang='lat' dir='ltr'><strong><em>displiceant,</em></strong></span> <span class='ocrx_word' id='word_1_449' title='bbox 1469 5575 1774 5631; x_wconf 89' lang='lat' dir='ltr'><strong><em>nisietiam</em></strong></span> <span class='ocrx_word' id='word_1_450' title='bbox 1806 5574 1957 5646; x_wconf 87' lang='lat' dir='ltr'><strong><em>vigi-</em></strong></span> 
     </span>
    </p>
   </div>
   <div class='ocr_carea' id='block_1_61' title="bbox 408 5705 1465 5769">
    <p class='ocr_par' dir='ltr' id='par_1_61' title="bbox 408 5705 1465 5769">
     <span class='ocr_line' id='line_1_61' title="bbox 408 5705 1465 5769; baseline 0 -10"><span class='ocrx_word' id='word_1_451' title='bbox 408 5709 706 5760; x_wconf 81' lang='lat' dir='ltr'><strong><em>Vaticanus</em></strong></span> <span class='ocrx_word' id='word_1_452' title='bbox 727 5705 857 5769; x_wconf 80' lang='lat' dir='ltr'><strong><em>M3,,</em></strong></span> <span class='ocrx_word' id='word_1_453' title='bbox 883 5709 1254 5759; x_wconf 83' lang='lat' dir='ltr'><strong><em>aversabamur</em></strong></span> <span class='ocrx_word' id='word_1_454' title='bbox 1282 5722 1313 5757; x_wconf 86' lang='grc' dir='ltr'>α</span> <span class='ocrx_word' id='word_1_455' title='bbox 1337 5709 1465 5759; x_wconf 87' lang='lat' dir='ltr'><strong><em>Deo.</em></strong></span> 
     </span>
    </p>
   </div>
   <div class='ocr_carea' id='block_1_62' title="bbox 1617 190 2422 262">
    <p class='ocr_par' dir='ltr' id='par_1_62' title="bbox 1617 190 2422 262">
     <span class='ocr_line' id='line_1_62' title="bbox 1617 190 2422 262; baseline 0.001 -2"><span class='ocrx_word' id='word_1_456' title='bbox 1617 190 1977 262; x_wconf 81' lang='lat' dir='ltr'><strong><em>lNCHOATA</em></strong></span> <span class='ocrx_word' id='word_1_457' title='bbox 2005 201 2422 262; x_wconf 84' lang='lat' dir='ltr'><strong><em>.EXPOSI&#39;I‘IO.</em></strong></span> 
     </span>
    </p>
   </div>
   <div class='ocr_carea' id='block_1_63' title="bbox 3581 213 3724 270">
    <p class='ocr_par' dir='ltr' id='par_1_63' title="bbox 3581 213 3724 270">
     <span class='ocr_line' id='line_1_63' title="bbox 3581 213 3724 270; baseline 0.028 -4"><span class='ocrx_word' id='word_1_458' title='bbox 3581 213 3724 270; x_wconf 66' lang='lat'>2094</span> 
     </span>
    </p>
   </div>
   <div class='ocr_carea' id='block_1_64' title="bbox 2066 319 3721 401">
    <p class='ocr_par' dir='ltr' id='par_1_64' title="bbox 2066 319 3721 401">
     <span class='ocr_line' id='line_1_64' title="bbox 2066 319 3721 401; baseline 0.005 -15"><span class='ocrx_word' id='word_1_459' title='bbox 2066 330 2403 387; x_wconf 88' lang='lat' dir='ltr'><strong><em>lantissima</em></strong></span> <span class='ocrx_word' id='word_1_460' title='bbox 2430 328 2712 401; x_wconf 91' lang='lat' dir='ltr'><strong><em>deinceps</em></strong></span> <span class='ocrx_word' id='word_1_461' title='bbox 2742 319 3065 386; x_wconf 81' lang='lat' dir='ltr'><strong><em>intentione</em></strong></span> <span class='ocrx_word' id='word_1_462' title='bbox 3095 321 3391 401; x_wconf 87' lang='lat' dir='ltr'><strong><em>vitentur;</em></strong></span> <span class='ocrx_word' id='word_1_463' title='bbox 3419 351 3528 392; x_wconf 91' lang='lat' dir='ltr'><strong><em>nec</em></strong></span> <span class='ocrx_word' id='word_1_464' title='bbox 3550 337 3608 393; x_wconf 90' lang='lat' dir='ltr'><strong><em>in</em></strong></span> <span class='ocrx_word' id='word_1_465' title='bbox 3637 340 3721 394; x_wconf 88' lang='lat' dir='ltr'><strong><em>eis</em></strong></span> 
     </span>
    </p>
   </div>
   <div class='ocr_carea' id='block_1_65' title="bbox 2065 418 3722 491">
    <p class='ocr_par' dir='ltr' id='par_1_65' title="bbox 2065 418 3722 491">
     <span class='ocr_line' id='line_1_65' title="bbox 2065 418 3722 491; baseline 0.005 -15"><span class='ocrx_word' id='word_1_466' title='bbox 2065 420 2321 476; x_wconf 88' lang='lat' dir='ltr'><strong><em>vitandis</em></strong></span> <span class='ocrx_word' id='word_1_467' title='bbox 2352 421 2507 475; x_wconf 88' lang='lat' dir='ltr'><strong><em>vires</em></strong></span> <span class='ocrx_word' id='word_1_468' title='bbox 2539 434 2678 474; x_wconf 89' lang='lat' dir='ltr'><strong><em>suas</em></strong></span> <span class='ocrx_word' id='word_1_469' title='bbox 2711 418 3053 475; x_wconf 88' lang='lat' dir='ltr'><strong><em>existimare</em></strong></span> <span class='ocrx_word' id='word_1_470' title='bbox 3080 419 3374 491; x_wconf 88' lang='lat' dir='ltr'><strong><em>sufﬁcere,</em></strong></span> <span class='ocrx_word' id='word_1_471' title='bbox 3424 425 3541 480; x_wconf 90' lang='lat' dir='ltr'><strong><em>nisi</em></strong></span> <span class='ocrx_word' id='word_1_472' title='bbox 3572 427 3722 484; x_wconf 88' lang='lat' dir='ltr'><strong><em>divi-</em></strong></span> 
     </span>
    </p>
   </div>
   <div class='ocr_carea' id='block_1_66' title="bbox 2065 508 3720 582">
    <p class='ocr_par' dir='ltr' id='par_1_66' title="bbox 2065 508 3720 582">
     <span class='ocr_line' id='line_1_66' title="bbox 2065 508 3720 582; baseline 0.004 -18"><span class='ocrx_word' id='word_1_473' title='bbox 2065 510 2223 566; x_wconf 89' lang='lat' dir='ltr'><strong><em>nitus</em></strong></span> <span class='ocrx_word' id='word_1_474' title='bbox 2260 509 2601 579; x_wconf 89' lang='lat' dir='ltr'><strong><em>adjuvetur.</em></strong></span> <span class='ocrx_word' id='word_1_475' title='bbox 2639 508 2877 562; x_wconf 77' lang='lat' dir='ltr'><strong><em>Iustum</em></strong></span> <span class='ocrx_word' id='word_1_476' title='bbox 2906 513 2993 563; x_wconf 90' lang='lat' dir='ltr'><strong><em>est</em></strong></span> <span class='ocrx_word' id='word_1_477' title='bbox 3018 524 3160 580; x_wconf 89' lang='lat' dir='ltr'><strong><em>ergo</em></strong></span> <span class='ocrx_word' id='word_1_478' title='bbox 3211 511 3374 582; x_wconf 87' lang='lat' dir='ltr'><strong><em>apud</em></strong></span> <span class='ocrx_word' id='word_1_479' title='bbox 3415 512 3600 569; x_wconf 89' lang='lat' dir='ltr'><strong><em>Deum</em></strong></span> <span class='ocrx_word' id='word_1_480' title='bbox 3656 520 3720 571; x_wconf 86' lang='lat' dir='ltr'><strong><em>ut</em></strong></span> 
     </span>
    </p>
   </div>
   <div class='ocr_carea' id='block_1_67' title="bbox 2061 597 3715 671">
    <p class='ocr_par' dir='ltr' id='par_1_67' title="bbox 2061 597 3715 671">
     <span class='ocr_line' id='line_1_67' title="bbox 2061 597 3715 671; baseline 0.003 -18"><span class='ocrx_word' id='word_1_481' title='bbox 2061 598 2404 667; x_wconf 81' lang='lat' dir='ltr'><strong><em>ignoscatur</em></strong></span> <span class='ocrx_word' id='word_1_482' title='bbox 2418 597 2633 654; x_wconf 89' lang='lat' dir='ltr'><strong><em>talibus</em></strong></span> <span class='ocrx_word' id='word_1_483' title='bbox 2647 612 3049 668; x_wconf 78' lang='lat' dir='ltr'><strong><em>quaecumque</em></strong></span> <span class='ocrx_word' id='word_1_484' title='bbox 3069 603 3247 655; x_wconf 89' lang='lat' dir='ltr'><strong><em>antea</em></strong></span> <span class='ocrx_word' id='word_1_485' title='bbox 3262 601 3715 671; x_wconf 87' lang='lat' dir='ltr'><strong><em>commiserunt,</em></strong></span> 
     </span>
    </p>
   </div>
   <div class='ocr_carea' id='block_1_68' title="bbox 2063 685 3716 760">
    <p class='ocr_par' dir='ltr' id='par_1_68' title="bbox 2063 685 3716 760">
     <span class='ocr_line' id='line_1_68' title="bbox 2063 685 3716 760; baseline 0.002 -18"><span class='ocrx_word' id='word_1_486' title='bbox 2063 701 2156 753; x_wconf 89' lang='lat' dir='ltr'><strong><em>ne,</em></strong></span> <span class='ocrx_word' id='word_1_487' title='bbox 2189 687 2351 758; x_wconf 89' lang='lat' dir='ltr'><strong><em>quod</em></strong></span> <span class='ocrx_word' id='word_1_488' title='bbox 2380 685 2845 756; x_wconf 89' lang='lat' dir='ltr'><strong><em>injustissimum</em></strong></span> <span class='ocrx_word' id='word_1_489' title='bbox 2877 691 2981 750; x_wconf 90' lang='lat' dir='ltr'><strong><em>est,</em></strong></span> <span class='ocrx_word' id='word_1_490' title='bbox 3007 702 3146 742; x_wconf 90' lang='lat' dir='ltr'><strong><em>cum</em></strong></span> <span class='ocrx_word' id='word_1_491' title='bbox 3168 689 3253 742; x_wconf 90' lang='lat' dir='ltr'><strong><em>eis</em></strong></span> <span class='ocrx_word' id='word_1_492' title='bbox 3283 689 3385 760; x_wconf 91' lang='lat' dir='ltr'><strong><em>qui</em></strong></span> <span class='ocrx_word' id='word_1_493' title='bbox 3419 690 3563 746; x_wconf 89' lang='lat' dir='ltr'><strong><em>tales</em></strong></span> <span class='ocrx_word' id='word_1_494' title='bbox 3597 707 3716 746; x_wconf 89' lang='lat' dir='ltr'><strong><em>non</em></strong></span> 
     </span>
    </p>
   </div>
   <div class='ocr_carea' id='block_1_69' title="bbox 2060 775 3718 851">
    <p class='ocr_par' dir='ltr' id='par_1_69' title="bbox 2060 775 3718 851">
     <span class='ocr_line' id='line_1_69' title="bbox 2060 775 3718 851; baseline 0.004 -22"><span class='ocrx_word' id='word_1_495' title='bbox 2060 781 2198 831; x_wconf 91' lang='lat' dir='ltr'><strong><em>sunt</em></strong></span> <span class='ocrx_word' id='word_1_496' title='bbox 2223 775 2670 831; x_wconf 86' lang='lat' dir='ltr'><strong><em>confundantur</em></strong></span> <span class='ocrx_word' id='word_1_497' title='bbox 2696 778 2878 846; x_wconf 89' lang='lat' dir='ltr'><strong><em>atque</em></strong></span> <span class='ocrx_word' id='word_1_498' title='bbox 2911 775 3299 831; x_wconf 87' lang='lat' dir='ltr'><strong><em>misceantur.</em></strong></span> <span class='ocrx_word' id='word_1_499' title='bbox 3344 779 3718 851; x_wconf 85' lang='lat' dir='ltr'><strong><em>Quapropter</em></strong></span> 
     </span>
    </p>
   </div>
   <div class='ocr_carea' id='block_1_70' title="bbox 2058 864 3717 936">
    <p class='ocr_par' dir='ltr' id='par_1_70' title="bbox 2058 864 3717 936">
     <span class='ocr_line' id='line_1_70' title="bbox 2058 864 3717 936; baseline 0.003 -16"><span class='ocrx_word' id='word_1_500' title='bbox 2058 870 2114 920; x_wconf 87' lang='lat' dir='ltr'><strong><em>et</em></strong></span> <span class='ocrx_word' id='word_1_501' title='bbox 2140 865 2284 936; x_wconf 90' lang='lat' dir='ltr'><strong><em>quia</em></strong></span> <span class='ocrx_word' id='word_1_502' title='bbox 2315 865 2532 920; x_wconf 89' lang='lat' dir='ltr'><strong><em>talibus</em></strong></span> <span class='ocrx_word' id='word_1_503' title='bbox 2583 879 2708 919; x_wconf 91' lang='lat' dir='ltr'><strong><em>non</em></strong></span> <span class='ocrx_word' id='word_1_504' title='bbox 2736 864 3085 934; x_wconf 84' lang='lat' dir='ltr'><strong><em>ignoscitur,</em></strong></span> <span class='ocrx_word' id='word_1_505' title='bbox 3110 865 3340 935; x_wconf 91' lang='lat' dir='ltr'><strong><em>justitia</em></strong></span> <span class='ocrx_word' id='word_1_506' title='bbox 3369 868 3466 921; x_wconf 90' lang='lat' dir='ltr'><strong><em>Dei</em></strong></span> <span class='ocrx_word' id='word_1_507' title='bbox 3499 874 3589 923; x_wconf 91' lang='lat' dir='ltr'><strong><em>est</em></strong></span> <span class='ocrx_word' id='word_1_508' title='bbox 3622 886 3633 923; x_wconf 90' lang='lat'>:</span> <span class='ocrx_word' id='word_1_509' title='bbox 3661 873 3717 925; x_wconf 92' lang='lat' dir='ltr'><strong><em>et</em></strong></span> 
     </span>
    </p>
   </div>
   <div class='ocr_carea' id='block_1_71' title="bbox 2055 954 3714 1028">
    <p class='ocr_par' dir='ltr' id='par_1_71' title="bbox 2055 954 3714 1028">
     <span class='ocr_line' id='line_1_71' title="bbox 2055 954 3714 1028; baseline 0.004 -20"><span class='ocrx_word' id='word_1_510' title='bbox 2055 954 2197 1025; x_wconf 91' lang='lat' dir='ltr'><strong><em>quia</em></strong></span> <span class='ocrx_word' id='word_1_511' title='bbox 2247 954 2592 1023; x_wconf 89' lang='lat' dir='ltr'><strong><em>ignoscitur,</em></strong></span> <span class='ocrx_word' id='word_1_512' title='bbox 2630 957 2805 1023; x_wconf 88' lang='lat' dir='ltr'><strong><em>grata</em></strong></span> <span class='ocrx_word' id='word_1_513' title='bbox 2837 959 2945 1007; x_wconf 89' lang='lat' dir='ltr'><strong><em>est.</em></strong></span> <span class='ocrx_word' id='word_1_514' title='bbox 2986 955 3153 1009; x_wconf 76' lang='lat' dir='ltr'><strong><em>Iusta</em></strong></span> <span class='ocrx_word' id='word_1_515' title='bbox 3195 959 3283 1010; x_wconf 91' lang='lat' dir='ltr'><strong><em>est</em></strong></span> <span class='ocrx_word' id='word_1_516' title='bbox 3324 971 3465 1024; x_wconf 86' lang='lat' dir='ltr'><strong><em>ergo</em></strong></span> <span class='ocrx_word' id='word_1_517' title='bbox 3521 958 3714 1028; x_wconf 88' lang='lat' dir='ltr'><strong><em>gratia</em></strong></span> 
     </span>
    </p>
   </div>
   <div class='ocr_carea' id='block_1_72' title="bbox 2057 1041 3718 1118">
    <p class='ocr_par' dir='ltr' id='par_1_72' title="bbox 2057 1041 3718 1118">
     <span class='ocr_line' id='line_1_72' title="bbox 2057 1041 3718 1118; baseline 0.005 -23"><span class='ocrx_word' id='word_1_518' title='bbox 2057 1041 2179 1108; x_wconf 89' lang='lat' dir='ltr'><strong><em>Dei,</em></strong></span> <span class='ocrx_word' id='word_1_519' title='bbox 2203 1048 2259 1098; x_wconf 89' lang='lat' dir='ltr'><strong><em>et</em></strong></span> <span class='ocrx_word' id='word_1_520' title='bbox 2284 1051 2450 1114; x_wconf 81' lang='lat' dir='ltr'><strong><em>grata</em></strong></span> <span class='ocrx_word' id='word_1_521' title='bbox 2473 1043 2722 1113; x_wconf 87' lang='lat' dir='ltr'><strong><em>justitia,</em></strong></span> <span class='ocrx_word' id='word_1_522' title='bbox 2757 1059 2894 1097; x_wconf 89' lang='lat' dir='ltr'><strong><em>cum</em></strong></span> <span class='ocrx_word' id='word_1_523' title='bbox 2924 1044 2982 1097; x_wconf 89' lang='lat' dir='ltr'><strong><em>in</em></strong></span> <span class='ocrx_word' id='word_1_524' title='bbox 3010 1058 3080 1098; x_wconf 92' lang='lat' dir='ltr'><strong><em>eo</em></strong></span> <span class='ocrx_word' id='word_1_525' title='bbox 3126 1059 3369 1115; x_wconf 88' lang='lat' dir='ltr'><strong><em>quoque</em></strong></span> <span class='ocrx_word' id='word_1_526' title='bbox 3393 1045 3570 1101; x_wconf 89' lang='lat' dir='ltr'><strong><em>etiam</em></strong></span> <span class='ocrx_word' id='word_1_527' title='bbox 3595 1063 3718 1118; x_wconf 64' lang='lat' dir='ltr'><strong><em>pos-</em></strong></span> 
     </span>
    </p>
   </div>
   <div class='ocr_carea' id='block_1_73' title="bbox 2053 1131 3712 1206">
    <p class='ocr_par' dir='ltr' id='par_1_73' title="bbox 2053 1131 3712 1206">
     <span class='ocr_line' id='line_1_73' title="bbox 2053 1131 3712 1206; baseline 0.003 -20"><span class='ocrx_word' id='word_1_528' title='bbox 2053 1132 2312 1186; x_wconf 85' lang='lat' dir='ltr'><strong><em>nitentiae</em></strong></span> <span class='ocrx_word' id='word_1_529' title='bbox 2345 1132 2621 1186; x_wconf 88' lang='lat' dir='ltr'><strong><em>meritum</em></strong></span> <span class='ocrx_word' id='word_1_530' title='bbox 2653 1131 2837 1201; x_wconf 83' lang='lat' dir='ltr'><strong><em>gratia</em></strong></span> <span class='ocrx_word' id='word_1_531' title='bbox 2860 1132 3178 1202; x_wconf 69' lang='lat' dir='ltr'><strong><em>praecedat,</em></strong></span> <span class='ocrx_word' id='word_1_532' title='bbox 3213 1134 3379 1206; x_wconf 93' lang='lat' dir='ltr'><strong><em>quod</em></strong></span> <span class='ocrx_word' id='word_1_533' title='bbox 3407 1136 3712 1192; x_wconf 90' lang='lat' dir='ltr'><strong><em>neminem</em></strong></span> 
     </span>
    </p>
   </div>
   <div class='ocr_carea' id='block_1_74' title="bbox 2054 1220 3712 1296">
    <p class='ocr_par' dir='ltr' id='par_1_74' title="bbox 2054 1220 3712 1296">
     <span class='ocr_line' id='line_1_74' title="bbox 2054 1220 3712 1296; baseline 0.004 -20"><span class='ocrx_word' id='word_1_534' title='bbox 2054 1221 2280 1292; x_wconf 88' lang='lat' dir='ltr'><strong><em>peccati</em></strong></span> <span class='ocrx_word' id='word_1_535' title='bbox 2305 1221 2398 1275; x_wconf 91' lang='lat' dir='ltr'><strong><em>sui</em></strong></span> <span class='ocrx_word' id='word_1_536' title='bbox 2427 1220 2756 1290; x_wconf 84' lang='lat' dir='ltr'><strong><em>paeniteret,</em></strong></span> <span class='ocrx_word' id='word_1_537' title='bbox 2791 1221 2902 1275; x_wconf 92' lang='lat' dir='ltr'><strong><em>nisi</em></strong></span> <span class='ocrx_word' id='word_1_538' title='bbox 2931 1221 3341 1280; x_wconf 88' lang='lat' dir='ltr'><strong><em>admonitione</em></strong></span> <span class='ocrx_word' id='word_1_539' title='bbox 3374 1223 3575 1296; x_wconf 89' lang='lat' dir='ltr'><strong><em>aliqua</em></strong></span> <span class='ocrx_word' id='word_1_540' title='bbox 3605 1240 3712 1282; x_wconf 87' lang='lat' dir='ltr'><strong><em>vo-</em></strong></span> 
     </span>
    </p>
   </div>
   <div class='ocr_carea' id='block_1_75' title="bbox 2052 1310 2458 1366">
    <p class='ocr_par' dir='ltr' id='par_1_75' title="bbox 2052 1310 2458 1366">
     <span class='ocr_line' id='line_1_75' title="bbox 2052 1310 2458 1366; baseline -0.005 0"><span class='ocrx_word' id='word_1_541' title='bbox 2052 1310 2304 1366; x_wconf 88' lang='lat' dir='ltr'><strong><em>cationis</em></strong></span> <span class='ocrx_word' id='word_1_542' title='bbox 2336 1311 2458 1366; x_wconf 91' lang='lat' dir='ltr'><strong><em>Dei.</em></strong></span> 
     </span>
    </p>
   </div>
   <div class='ocr_carea' id='block_1_76' title="bbox 2127 1431 3710 1506">
    <p class='ocr_par' dir='ltr' id='par_1_76' title="bbox 2127 1431 3710 1506">
     <span class='ocr_line' id='line_1_76' title="bbox 2127 1431 3710 1506; baseline 0.004 -19"><span class='ocrx_word' id='word_1_543' title='bbox 2127 1437 2209 1488; x_wconf 81' lang='lat' dir='ltr'><strong><em>to.</em></strong></span> <span class='ocrx_word' id='word_1_544' title='bbox 2253 1431 2690 1502; x_wconf 67' lang='lat' dir='ltr'><strong><em>Porrojustitim</em></strong></span> <span class='ocrx_word' id='word_1_545' title='bbox 2711 1431 2931 1488; x_wconf 76' lang='lat' dir='ltr'><strong><em>divinae</em></strong></span> <span class='ocrx_word' id='word_1_546' title='bbox 2959 1437 3123 1489; x_wconf 90' lang='lat' dir='ltr'><strong><em>tanta</em></strong></span> <span class='ocrx_word' id='word_1_547' title='bbox 3151 1436 3486 1492; x_wconf 87' lang='lat' dir='ltr'><strong><em>constantia</em></strong></span> <span class='ocrx_word' id='word_1_548' title='bbox 3516 1443 3621 1506; x_wconf 86' lang='lat' dir='ltr'><strong><em>est,</em></strong></span> <span class='ocrx_word' id='word_1_549' title='bbox 3646 1444 3710 1494; x_wconf 91' lang='lat' dir='ltr'><strong><em>ut</em></strong></span> 
     </span>
    </p>
   </div>
   <div class='ocr_carea' id='block_1_77' title="bbox 2050 1521 3710 1594">
    <p class='ocr_par' dir='ltr' id='par_1_77' title="bbox 2050 1521 3710 1594">
     <span class='ocr_line' id='line_1_77' title="bbox 2050 1521 3710 1594; baseline 0.004 -17"><span class='ocrx_word' id='word_1_550' title='bbox 2050 1539 2187 1578; x_wconf 92' lang='lat' dir='ltr'><strong><em>cum</em></strong></span> <span class='ocrx_word' id='word_1_551' title='bbox 2219 1538 2399 1594; x_wconf 67' lang='lat' dir='ltr'><strong><em>paena</em></strong></span> <span class='ocrx_word' id='word_1_552' title='bbox 2421 1521 2745 1592; x_wconf 89' lang='lat' dir='ltr'><strong><em>spiritualis</em></strong></span> <span class='ocrx_word' id='word_1_553' title='bbox 2759 1522 3195 1593; x_wconf 89' lang='lat' dir='ltr'><strong><em>etsempiterna</em></strong></span> <span class='ocrx_word' id='word_1_554' title='bbox 3210 1525 3517 1594; x_wconf 87' lang='lat' dir='ltr'><strong><em>poenitenti</em></strong></span> <span class='ocrx_word' id='word_1_555' title='bbox 3534 1526 3710 1583; x_wconf 90' lang='lat' dir='ltr'><strong><em>fuerit</em></strong></span> 
     </span>
    </p>
   </div>
   <div class='ocr_carea' id='block_1_78' title="bbox 2048 1610 3706 1686">
    <p class='ocr_par' dir='ltr' id='par_1_78' title="bbox 2048 1610 3706 1686">
     <span class='ocr_line' id='line_1_78' title="bbox 2048 1610 3706 1686; baseline 0.003 -20"><span class='ocrx_word' id='word_1_556' title='bbox 2048 1610 2331 1679; x_wconf 83' lang='lat' dir='ltr'><strong><em>relaxata,</em></strong></span> <span class='ocrx_word' id='word_1_557' title='bbox 2357 1625 2656 1681; x_wconf 65' lang='lat' dir='ltr'><strong><em>pressurae</em></strong></span> <span class='ocrx_word' id='word_1_558' title='bbox 2676 1615 2875 1665; x_wconf 88' lang='lat' dir='ltr'><strong><em>tamen</em></strong></span> <span class='ocrx_word' id='word_1_559' title='bbox 2907 1612 3321 1684; x_wconf 90' lang='lat' dir='ltr'><strong><em>cruciatusque</em></strong></span> <span class='ocrx_word' id='word_1_560' title='bbox 3349 1615 3706 1686; x_wconf 90' lang='lat' dir='ltr'><strong><em>corporales,</em></strong></span> 
     </span>
    </p>
   </div>
   <div class='ocr_carea' id='block_1_79' title="bbox 2049 1700 3708 1776">
    <p class='ocr_par' dir='ltr' id='par_1_79' title="bbox 2049 1700 3708 1776">
     <span class='ocr_line' id='line_1_79' title="bbox 2049 1700 3708 1776; baseline 0.003 -21"><span class='ocrx_word' id='word_1_561' title='bbox 2049 1701 2270 1771; x_wconf 89' lang='lat' dir='ltr'><strong><em>quibus</em></strong></span> <span class='ocrx_word' id='word_1_562' title='bbox 2310 1700 2489 1754; x_wconf 86' lang='lat' dir='ltr'><strong><em>etiam</em></strong></span> <span class='ocrx_word' id='word_1_563' title='bbox 2532 1703 2818 1770; x_wconf 79' lang='lat' dir='ltr'><strong><em>martyres</em></strong></span> <span class='ocrx_word' id='word_1_564' title='bbox 2842 1700 3187 1756; x_wconf 82' lang='lat' dir='ltr'><strong><em>exercitatos</em></strong></span> <span class='ocrx_word' id='word_1_565' title='bbox 3210 1703 3488 1758; x_wconf 90' lang='lat' dir='ltr'><strong><em>novimus</em></strong></span> <span class='ocrx_word' id='word_1_566' title='bbox 3525 1719 3538 1770; x_wconf 91' lang='lat'><strong>;</strong></span> <span class='ocrx_word' id='word_1_567' title='bbox 3572 1721 3708 1776; x_wconf 88' lang='lat' dir='ltr'><strong><em>pos-</em></strong></span> 
     </span>
    </p>
   </div>
   <div class='ocr_carea' id='block_1_80' title="bbox 2049 1790 3712 1860">
    <p class='ocr_par' dir='ltr' id='par_1_80' title="bbox 2049 1790 3712 1860">
     <span class='ocr_line' id='line_1_80' title="bbox 2049 1790 3712 1860; baseline 0.003 -16"><span class='ocrx_word' id='word_1_568' title='bbox 2049 1794 2237 1845; x_wconf 90' lang='lat' dir='ltr'><strong><em>tremo</em></strong></span> <span class='ocrx_word' id='word_1_569' title='bbox 2254 1805 2411 1844; x_wconf 91' lang='lat' dir='ltr'><strong><em>mors</em></strong></span> <span class='ocrx_word' id='word_1_570' title='bbox 2435 1790 2582 1860; x_wconf 89' lang='lat' dir='ltr'><strong><em>ipsa,</em></strong></span> <span class='ocrx_word' id='word_1_571' title='bbox 2601 1804 2784 1860; x_wconf 90' lang='lat' dir='ltr'><strong><em>quam</em></strong></span> <span class='ocrx_word' id='word_1_572' title='bbox 2806 1790 3122 1859; x_wconf 90' lang='lat' dir='ltr'><strong><em>peccando</em></strong></span> <span class='ocrx_word' id='word_1_573' title='bbox 3142 1793 3357 1846; x_wconf 88' lang='lat' dir='ltr'><strong><em>meruit</em></strong></span> <span class='ocrx_word' id='word_1_574' title='bbox 3381 1799 3586 1848; x_wconf 89' lang='lat' dir='ltr'><strong><em>nostra</em></strong></span> <span class='ocrx_word' id='word_1_575' title='bbox 3610 1810 3712 1849; x_wconf 88' lang='lat' dir='ltr'><strong><em>na-</em></strong></span> 
     </span>
    </p>
   </div>
   <div class='ocr_carea' id='block_1_81' title="bbox 2048 1874 3706 1949">
    <p class='ocr_par' dir='ltr' id='par_1_81' title="bbox 2048 1874 3706 1949">
     <span class='ocr_line' id='line_1_81' title="bbox 2048 1874 3706 1949; baseline 0.002 -16"><span class='ocrx_word' id='word_1_576' title='bbox 2048 1882 2198 1941; x_wconf 90' lang='lat' dir='ltr'><strong><em>tura,</em></strong></span> <span class='ocrx_word' id='word_1_577' title='bbox 2233 1877 2376 1932; x_wconf 91' lang='lat' dir='ltr'><strong><em>nulli</em></strong></span> <span class='ocrx_word' id='word_1_578' title='bbox 2392 1874 2883 1942; x_wconf 85' lang='lat' dir='ltr'><strong><em>relaxetur.Quod</em></strong></span> <span class='ocrx_word' id='word_1_579' title='bbox 2897 1878 3055 1933; x_wconf 88' lang='lat' dir='ltr'><strong><em>enim</em></strong></span> <span class='ocrx_word' id='word_1_580' title='bbox 3070 1879 3246 1934; x_wconf 90' lang='lat' dir='ltr'><strong><em>etiam</em></strong></span> <span class='ocrx_word' id='word_1_581' title='bbox 3267 1879 3411 1949; x_wconf 90' lang='lat' dir='ltr'><strong><em>justi</em></strong></span> <span class='ocrx_word' id='word_1_582' title='bbox 3433 1880 3706 1936; x_wconf 89' lang='lat' dir='ltr'><strong><em>homines</em></strong></span> 
     </span>
    </p>
   </div>
   <div class='ocr_carea' id='block_1_82' title="bbox 2048 1965 3705 2039">
    <p class='ocr_par' dir='ltr' id='par_1_82' title="bbox 2048 1965 3705 2039">
     <span class='ocr_line' id='line_1_82' title="bbox 2048 1965 3705 2039; baseline 0.003 -18"><span class='ocrx_word' id='word_1_583' title='bbox 2048 1972 2103 2022; x_wconf 92' lang='lat' dir='ltr'><strong><em>et</em></strong></span> <span class='ocrx_word' id='word_1_584' title='bbox 2128 1967 2223 2037; x_wconf 88' lang='lat' dir='ltr'><strong><em>pii,</em></strong></span> <span class='ocrx_word' id='word_1_585' title='bbox 2261 1970 2459 2022; x_wconf 90' lang='lat' dir='ltr'><strong><em>tamen</em></strong></span> <span class='ocrx_word' id='word_1_586' title='bbox 2491 1965 2804 2022; x_wconf 90' lang='lat' dir='ltr'><strong><em>exsolvunt</em></strong></span> <span class='ocrx_word' id='word_1_587' title='bbox 2831 1965 2945 2021; x_wconf 87' lang='lat' dir='ltr'><strong><em>ista</em></strong></span> <span class='ocrx_word' id='word_1_588' title='bbox 2960 1967 3276 2039; x_wconf 89' lang='lat' dir='ltr'><strong><em>supplicia,</em></strong></span> <span class='ocrx_word' id='word_1_589' title='bbox 3312 1968 3386 2024; x_wconf 92' lang='lat' dir='ltr'><strong><em>de</em></strong></span> <span class='ocrx_word' id='word_1_590' title='bbox 3414 1969 3576 2039; x_wconf 88' lang='lat' dir='ltr'><strong><em>justo</em></strong></span> <span class='ocrx_word' id='word_1_591' title='bbox 3603 1971 3705 2026; x_wconf 91' lang='lat' dir='ltr'><strong><em>Dei</em></strong></span> 
     </span>
    </p>
   </div>
   <div class='ocr_carea' id='block_1_83' title="bbox 2042 2053 3702 2128">
    <p class='ocr_par' dir='ltr' id='par_1_83' title="bbox 2042 2053 3702 2128">
     <span class='ocr_line' id='line_1_83' title="bbox 2042 2053 3702 2128; baseline 0.003 -19"><span class='ocrx_word' id='word_1_592' title='bbox 2042 2054 2270 2126; x_wconf 92' lang='lat' dir='ltr'><strong><em>judicio</em></strong></span> <span class='ocrx_word' id='word_1_593' title='bbox 2288 2055 2484 2110; x_wconf 90' lang='lat' dir='ltr'><strong><em>venire</em></strong></span> <span class='ocrx_word' id='word_1_594' title='bbox 2508 2053 2875 2109; x_wconf 90' lang='lat' dir='ltr'><strong><em>credendum</em></strong></span> <span class='ocrx_word' id='word_1_595' title='bbox 2892 2060 2997 2109; x_wconf 89' lang='lat' dir='ltr'><strong><em>est.</em></strong></span> <span class='ocrx_word' id='word_1_596' title='bbox 3015 2057 3150 2126; x_wconf 90' lang='lat' dir='ltr'><strong><em>Ipsa</em></strong></span> <span class='ocrx_word' id='word_1_597' title='bbox 3163 2061 3254 2111; x_wconf 88' lang='lat' dir='ltr'><strong><em>est</em></strong></span> <span class='ocrx_word' id='word_1_598' title='bbox 3271 2072 3406 2128; x_wconf 69' lang='lat' dir='ltr'><strong><em>quae</em></strong></span> <span class='ocrx_word' id='word_1_599' title='bbox 3434 2058 3493 2112; x_wconf 91' lang='lat' dir='ltr'><strong><em>in</em></strong></span> <span class='ocrx_word' id='word_1_600' title='bbox 3518 2060 3702 2114; x_wconf 88' lang='lat' dir='ltr'><strong><em>sacris</em></strong></span> 
     </span>
    </p>
   </div>
   <div class='ocr_carea' id='block_1_84' title="bbox 2047 2141 3705 2218">
    <p class='ocr_par' dir='ltr' id='par_1_84' title="bbox 2047 2141 3705 2218">
     <span class='ocr_line' id='line_1_84' title="bbox 2047 2141 3705 2218; baseline 0.004 -20"><span class='ocrx_word' id='word_1_601' title='bbox 2047 2141 2362 2215; x_wconf 91' lang='lat' dir='ltr'><strong><em>Scripturis</em></strong></span> <span class='ocrx_word' id='word_1_602' title='bbox 2387 2143 2565 2199; x_wconf 88' lang='lat' dir='ltr'><strong><em>etiam</em></strong></span> <span class='ocrx_word' id='word_1_603' title='bbox 2588 2141 2908 2214; x_wconf 86' lang='lat' dir='ltr'><strong><em>disciplina</em></strong></span> <span class='ocrx_word' id='word_1_604' title='bbox 2928 2143 3296 2212; x_wconf 89' lang='lat' dir='ltr'><strong><em>nominatur,</em></strong></span> <span class='ocrx_word' id='word_1_605' title='bbox 3321 2162 3505 2218; x_wconf 89' lang='lat' dir='ltr'><strong><em>quam</em></strong></span> <span class='ocrx_word' id='word_1_606' title='bbox 3527 2163 3705 2204; x_wconf 89' lang='lat' dir='ltr'><strong><em>nemo</em></strong></span> 
     </span>
    </p>
   </div>
   <div class='ocr_carea' id='block_1_85' title="bbox 2040 2229 3698 2307">
    <p class='ocr_par' dir='ltr' id='par_1_85' title="bbox 2040 2229 3698 2307">
     <span class='ocr_line' id='line_1_85' title="bbox 2040 2229 3698 2307; baseline 0.004 -21"><span class='ocrx_word' id='word_1_607' title='bbox 2040 2229 2342 2303; x_wconf 85' lang='lat' dir='ltr'><strong><em>justorum</em></strong></span> <span class='ocrx_word' id='word_1_608' title='bbox 2367 2232 2624 2304; x_wconf 69' lang='lat' dir='ltr'><strong><em>effugere</em></strong></span> <span class='ocrx_word' id='word_1_609' title='bbox 2648 2231 2885 2286; x_wconf 88' lang='lat' dir='ltr'><strong><em>sinitur.</em></strong></span> <span class='ocrx_word' id='word_1_610' title='bbox 2928 2233 3236 2288; x_wconf 88' lang='lat' dir='ltr'><strong><em>Neminem</em></strong></span> <span class='ocrx_word' id='word_1_611' title='bbox 3275 2237 3499 2307; x_wconf 90' lang='lat' dir='ltr'><strong><em>quippe</em></strong></span> <span class='ocrx_word' id='word_1_612' title='bbox 3541 2252 3698 2292; x_wconf 87' lang='lat' dir='ltr'><strong><em>exce-</em></strong></span> 
     </span>
    </p>
   </div>
   <div class='ocr_carea' id='block_1_86' title="bbox 2049 2321 3702 2394">
    <p class='ocr_par' dir='ltr' id='par_1_86' title="bbox 2049 2321 3702 2394">
     <span class='ocr_line' id='line_1_86' title="bbox 2049 2321 3702 2394; baseline 0.004 -18"><span class='ocrx_word' id='word_1_613' title='bbox 2049 2321 2152 2392; x_wconf 88' lang='lat' dir='ltr'><strong><em>pit,</em></strong></span> <span class='ocrx_word' id='word_1_614' title='bbox 2187 2337 2326 2376; x_wconf 90' lang='lat' dir='ltr'><strong><em>cum</em></strong></span> <span class='ocrx_word' id='word_1_615' title='bbox 2356 2321 2575 2376; x_wconf 87' lang='lat' dir='ltr'><strong><em>diceret</em></strong></span> <span class='ocrx_word' id='word_1_616' title='bbox 2604 2337 2616 2376; x_wconf 90' lang='lat'><strong>:</strong></span> <span class='ocrx_word' id='word_1_617' title='bbox 2641 2321 2822 2388; x_wconf 80' lang='lat' dir='ltr'><strong><em>Quem</em></strong></span> <span class='ocrx_word' id='word_1_618' title='bbox 2842 2321 2994 2376; x_wconf 88' lang='lat' dir='ltr'><strong><em>enim</em></strong></span> <span class='ocrx_word' id='word_1_619' title='bbox 3019 2321 3214 2391; x_wconf 85' lang='lat' dir='ltr'><strong><em>diligit</em></strong></span> <span class='ocrx_word' id='word_1_620' title='bbox 3241 2325 3702 2394; x_wconf 86' lang='lat' dir='ltr'><strong><em>Deus,corripit,</em></strong></span> 
     </span>
    </p>
   </div>
   <div class='ocr_carea' id='block_1_87' title="bbox 2042 2411 3700 2486">
    <p class='ocr_par' dir='ltr' id='par_1_87' title="bbox 2042 2411 3700 2486">
     <span class='ocr_line' id='line_1_87' title="bbox 2042 2411 3700 2486; baseline 0.002 -20"><span class='ocrx_word' id='word_1_621' title='bbox 2042 2411 2310 2481; x_wconf 85' lang='lat' dir='ltr'><strong><em>ﬂagellat</em></strong></span> <span class='ocrx_word' id='word_1_622' title='bbox 2341 2418 2535 2467; x_wconf 87' lang='lat' dir='ltr'><strong><em>autem</em></strong></span> <span class='ocrx_word' id='word_1_623' title='bbox 2559 2426 2784 2467; x_wconf 88' lang='lat' dir='ltr'><strong><em>omnem</em></strong></span> <span class='ocrx_word' id='word_1_624' title='bbox 2814 2411 3011 2478; x_wconf 86' lang='lat' dir='ltr'><strong><em>ﬁlium</em></strong></span> <span class='ocrx_word' id='word_1_625' title='bbox 3042 2427 3214 2483; x_wconf 89' lang='lat' dir='ltr'><strong><em>quem</em></strong></span> <span class='ocrx_word' id='word_1_626' title='bbox 3249 2415 3462 2482; x_wconf 84' lang='lat' dir='ltr'><strong><em>recipit</em></strong></span> <span class='ocrx_word' id='word_1_627' title='bbox 3495 2415 3700 2486; x_wconf 82' lang='lat' dir='ltr'><strong><em>(Hebr.</em></strong></span> 
     </span>
    </p>
   </div>
   <div class='ocr_carea' id='block_1_88' title="bbox 2046 2498 3704 2572">
    <p class='ocr_par' dir='ltr' id='par_1_88' title="bbox 2046 2498 3704 2572">
     <span class='ocr_line' id='line_1_88' title="bbox 2046 2498 3704 2572; baseline 0.003 -18"><span class='ocrx_word' id='word_1_628' title='bbox 2046 2500 2234 2569; x_wconf 88' lang='lat' dir='ltr'><strong><em>xu,6).</em></strong></span> <span class='ocrx_word' id='word_1_629' title='bbox 2248 2498 2409 2554; x_wconf 91' lang='lat' dir='ltr'><strong><em>Unde</em></strong></span> <span class='ocrx_word' id='word_1_630' title='bbox 2423 2504 2600 2554; x_wconf 82' lang='lat' dir='ltr'><strong><em>etiam</em></strong></span> <span class='ocrx_word' id='word_1_631' title='bbox 2617 2499 2741 2570; x_wconf 89' lang='lat' dir='ltr'><strong><em>ipse</em></strong></span> <span class='ocrx_word' id='word_1_632' title='bbox 2755 2499 2888 2566; x_wconf 87' lang='lat' dir='ltr'><strong><em>Job,</em></strong></span> <span class='ocrx_word' id='word_1_633' title='bbox 2913 2499 3020 2570; x_wconf 90' lang='lat' dir='ltr'><strong><em>qui</em></strong></span> <span class='ocrx_word' id='word_1_634' title='bbox 3037 2504 3358 2572; x_wconf 89' lang='lat' dir='ltr'><strong><em>pr0pterea</em></strong></span> <span class='ocrx_word' id='word_1_635' title='bbox 3371 2506 3496 2558; x_wconf 88' lang='lat' dir='ltr'><strong><em>tam</em></strong></span> <span class='ocrx_word' id='word_1_636' title='bbox 3517 2504 3704 2560; x_wconf 89' lang='lat' dir='ltr'><strong><em>multa</em></strong></span> 
     </span>
    </p>
   </div>
   <div class='ocr_carea' id='block_1_89' title="bbox 2047 2587 3705 2664">
    <p class='ocr_par' dir='ltr' id='par_1_89' title="bbox 2047 2587 3705 2664">
     <span class='ocr_line' id='line_1_89' title="bbox 2047 2587 3705 2664; baseline 0.003 -21"><span class='ocrx_word' id='word_1_637' title='bbox 2047 2589 2146 2645; x_wconf 90' lang='lat' dir='ltr'><strong><em>illa</em></strong></span> <span class='ocrx_word' id='word_1_638' title='bbox 2172 2603 2389 2660; x_wconf 90' lang='lat' dir='ltr'><strong><em>passus</em></strong></span> <span class='ocrx_word' id='word_1_639' title='bbox 2411 2591 2516 2653; x_wconf 91' lang='lat' dir='ltr'><strong><em>est,</em></strong></span> <span class='ocrx_word' id='word_1_640' title='bbox 2552 2592 2615 2642; x_wconf 89' lang='lat' dir='ltr'><strong><em>ut</em></strong></span> <span class='ocrx_word' id='word_1_641' title='bbox 2632 2587 2981 2643; x_wconf 89' lang='lat' dir='ltr'><strong><em>hominibus</em></strong></span> <span class='ocrx_word' id='word_1_642' title='bbox 2997 2589 3133 2660; x_wconf 91' lang='lat' dir='ltr'><strong><em>quis</em></strong></span> <span class='ocrx_word' id='word_1_643' title='bbox 3154 2590 3242 2645; x_wconf 90' lang='lat' dir='ltr'><strong><em>vir</em></strong></span> <span class='ocrx_word' id='word_1_644' title='bbox 3256 2596 3429 2658; x_wconf 90' lang='lat' dir='ltr'><strong><em>esset,</em></strong></span> <span class='ocrx_word' id='word_1_645' title='bbox 3447 2596 3705 2664; x_wconf 89' lang='lat' dir='ltr'><strong><em>etquan-</em></strong></span> 
     </span>
    </p>
   </div>
   <div class='ocr_carea' id='block_1_90' title="bbox 2047 2675 3698 2753">
    <p class='ocr_par' dir='ltr' id='par_1_90' title="bbox 2047 2675 3698 2753">
     <span class='ocr_line' id='line_1_90' title="bbox 2047 2675 3698 2753; baseline 0.002 -20"><span class='ocrx_word' id='word_1_646' title='bbox 2047 2681 2142 2733; x_wconf 76' lang='lat' dir='ltr'><strong><em>tus</em></strong></span> <span class='ocrx_word' id='word_1_647' title='bbox 2172 2676 2273 2731; x_wconf 89' lang='lat' dir='ltr'><strong><em>Dei</em></strong></span> <span class='ocrx_word' id='word_1_648' title='bbox 2301 2692 2525 2742; x_wconf 90' lang='lat' dir='ltr'><strong><em>servus,</em></strong></span> <span class='ocrx_word' id='word_1_649' title='bbox 2548 2675 2821 2739; x_wconf 87' lang='lat' dir='ltr'><strong><em>eluceret,</em></strong></span> <span class='ocrx_word' id='word_1_650' title='bbox 2838 2691 3049 2747; x_wconf 73' lang='lat' dir='ltr'><strong><em>poenas</em></strong></span> <span class='ocrx_word' id='word_1_651' title='bbox 3071 2686 3271 2733; x_wconf 89' lang='lat' dir='ltr'><strong><em>tamen</em></strong></span> <span class='ocrx_word' id='word_1_652' title='bbox 3300 2681 3566 2752; x_wconf 90' lang='lat' dir='ltr'><strong><em>corporis</em></strong></span> <span class='ocrx_word' id='word_1_653' title='bbox 3589 2698 3698 2753; x_wconf 90' lang='lat' dir='ltr'><strong><em>pro</em></strong></span> 
     </span>
    </p>
   </div>
   <div class='ocr_carea' id='block_1_91' title="bbox 2046 2763 3702 2841">
    <p class='ocr_par' dir='ltr' id='par_1_91' title="bbox 2046 2763 3702 2841">
     <span class='ocr_line' id='line_1_91' title="bbox 2046 2763 3702 2841; baseline 0.002 -20"><span class='ocrx_word' id='word_1_654' title='bbox 2046 2765 2304 2839; x_wconf 88' lang='lat' dir='ltr'><strong><em>peccatis</em></strong></span> <span class='ocrx_word' id='word_1_655' title='bbox 2333 2763 2459 2820; x_wconf 90' lang='lat' dir='ltr'><strong><em>suis</em></strong></span> <span class='ocrx_word' id='word_1_656' title='bbox 2474 2779 2534 2819; x_wconf 90' lang='lat' dir='ltr'><strong><em>se</em></strong></span> <span class='ocrx_word' id='word_1_657' title='bbox 2557 2763 2854 2819; x_wconf 79' lang='lat' dir='ltr'><strong><em>exsolvere</em></strong></span> <span class='ocrx_word' id='word_1_658' title='bbox 2877 2781 3035 2836; x_wconf 69' lang='lat' dir='ltr'><strong><em>saepe</em></strong></span> <span class='ocrx_word' id='word_1_659' title='bbox 3059 2769 3534 2825; x_wconf 86' lang='lat' dir='ltr'><strong><em>testatur.Petrus</em></strong></span> <span class='ocrx_word' id='word_1_660' title='bbox 3555 2786 3702 2841; x_wconf 87' lang='lat' dir='ltr'><strong><em>quo-</em></strong></span> 
     </span>
    </p>
   </div>
   <div class='ocr_carea' id='block_1_92' title="bbox 2047 2852 3702 2929">
    <p class='ocr_par' dir='ltr' id='par_1_92' title="bbox 2047 2852 3702 2929">
     <span class='ocr_line' id='line_1_92' title="bbox 2047 2852 3702 2929; baseline 0.002 -19"><span class='ocrx_word' id='word_1_661' title='bbox 2047 2871 2166 2926; x_wconf 91' lang='lat' dir='ltr'><strong><em>que</em></strong></span> <span class='ocrx_word' id='word_1_662' title='bbox 2192 2853 2502 2925; x_wconf 90' lang='lat' dir='ltr'><strong><em>apostolus</em></strong></span> <span class='ocrx_word' id='word_1_663' title='bbox 2518 2853 2837 2908; x_wconf 85' lang='lat' dir='ltr'><strong><em>exhortans</em></strong></span> <span class='ocrx_word' id='word_1_664' title='bbox 2851 2852 3057 2909; x_wconf 84' lang='lat' dir='ltr'><strong><em>fratres</em></strong></span> <span class='ocrx_word' id='word_1_665' title='bbox 3086 2855 3162 2910; x_wconf 88' lang='lat' dir='ltr'><strong><em>ad</em></strong></span> <span class='ocrx_word' id='word_1_666' title='bbox 3187 2857 3575 2926; x_wconf 88' lang='lat' dir='ltr'><strong><em>perferendas</em></strong></span> <span class='ocrx_word' id='word_1_667' title='bbox 3593 2874 3702 2929; x_wconf 91' lang='lat' dir='ltr'><strong><em>pro</em></strong></span> 
     </span>
    </p>
   </div>
   <div class='ocr_carea' id='block_1_93' title="bbox 2049 2943 3706 3015">
    <p class='ocr_par' dir='ltr' id='par_1_93' title="bbox 2049 2943 3706 3015">
     <span class='ocr_line' id='line_1_93' title="bbox 2049 2943 3706 3015; baseline 0.001 -15"><span class='ocrx_word' id='word_1_668' title='bbox 2049 2943 2258 3000; x_wconf 88' lang='lat' dir='ltr'><strong><em>Christi</em></strong></span> <span class='ocrx_word' id='word_1_669' title='bbox 2291 2943 2532 2998; x_wconf 91' lang='lat' dir='ltr'><strong><em>nomine</em></strong></span> <span class='ocrx_word' id='word_1_670' title='bbox 2550 2943 2888 3013; x_wconf 90' lang='lat' dir='ltr'><strong><em>passiones,</em></strong></span> <span class='ocrx_word' id='word_1_671' title='bbox 2922 2943 3003 2998; x_wconf 89' lang='lat' dir='ltr'><strong><em>ita</em></strong></span> <span class='ocrx_word' id='word_1_672' title='bbox 3030 2943 3292 3015; x_wconf 90' lang='lat' dir='ltr'><strong><em>loquitur</em></strong></span> <span class='ocrx_word' id='word_1_673' title='bbox 3317 2961 3328 3000; x_wconf 93' lang='lat'>:</span> <span class='ocrx_word' id='word_1_674' title='bbox 3354 2966 3381 2997; x_wconf 86' lang='lat'>«</span> <span class='ocrx_word' id='word_1_675' title='bbox 3405 2949 3589 3002; x_wconf 88' lang='lat' dir='ltr'><strong><em>Nemo</em></strong></span> <span class='ocrx_word' id='word_1_676' title='bbox 3603 2963 3706 3002; x_wconf 90' lang='lat' dir='ltr'><strong><em>au-</em></strong></span> 
     </span>
    </p>
   </div>
   <div class='ocr_carea' id='block_1_94' title="bbox 2048 3030 3705 3102">
    <p class='ocr_par' dir='ltr' id='par_1_94' title="bbox 2048 3030 3705 3102">
     <span class='ocr_line' id='line_1_94' title="bbox 2048 3030 3705 3102; baseline 0.001 -14"><span class='ocrx_word' id='word_1_677' title='bbox 2048 3037 2169 3088; x_wconf 88' lang='lat' dir='ltr'><strong><em>tem</em></strong></span> <span class='ocrx_word' id='word_1_678' title='bbox 2199 3036 2457 3087; x_wconf 88' lang='lat' dir='ltr'><strong><em>vestrum</em></strong></span> <span class='ocrx_word' id='word_1_679' title='bbox 2480 3030 2740 3102; x_wconf 89' lang='lat' dir='ltr'><strong><em>patiatur</em></strong></span> <span class='ocrx_word' id='word_1_680' title='bbox 2770 3031 2938 3102; x_wconf 89' lang='lat' dir='ltr'><strong><em>quasi</em></strong></span> <span class='ocrx_word' id='word_1_681' title='bbox 2964 3031 3284 3099; x_wconf 90' lang='lat' dir='ltr'><strong><em>homicida,</em></strong></span> <span class='ocrx_word' id='word_1_682' title='bbox 3324 3040 3426 3090; x_wconf 89' lang='lat' dir='ltr'><strong><em>aut</em></strong></span> <span class='ocrx_word' id='word_1_683' title='bbox 3452 3034 3565 3101; x_wconf 91' lang='lat' dir='ltr'><strong><em>fur,</em></strong></span> <span class='ocrx_word' id='word_1_684' title='bbox 3600 3039 3705 3092; x_wconf 90' lang='lat' dir='ltr'><strong><em>aut</em></strong></span> 
     </span>
    </p>
   </div>
   <div class='ocr_carea' id='block_1_95' title="bbox 2048 3119 3704 3196">
    <p class='ocr_par' dir='ltr' id='par_1_95' title="bbox 2048 3119 3704 3196">
     <span class='ocr_line' id='line_1_95' title="bbox 2048 3119 3704 3196; baseline 0.001 -18"><span class='ocrx_word' id='word_1_685' title='bbox 2048 3121 2400 3188; x_wconf 88' lang='lat' dir='ltr'><strong><em>maledicus,</em></strong></span> <span class='ocrx_word' id='word_1_686' title='bbox 2429 3123 2533 3174; x_wconf 91' lang='lat' dir='ltr'><strong><em>aut</em></strong></span> <span class='ocrx_word' id='word_1_687' title='bbox 2557 3134 2730 3174; x_wconf 89' lang='lat' dir='ltr'><strong><em>curas</em></strong></span> <span class='ocrx_word' id='word_1_688' title='bbox 2779 3119 3008 3174; x_wconf 90' lang='lat' dir='ltr'><strong><em>alienas</em></strong></span> <span class='ocrx_word' id='word_1_689' title='bbox 3031 3135 3217 3189; x_wconf 88' lang='lat' dir='ltr'><strong><em>agens</em></strong></span> <span class='ocrx_word' id='word_1_690' title='bbox 3244 3139 3256 3176; x_wconf 91' lang='lat'><strong>:</strong></span> <span class='ocrx_word' id='word_1_691' title='bbox 3288 3123 3335 3177; x_wconf 89' lang='lat' dir='ltr'><strong><em>si</em></strong></span> <span class='ocrx_word' id='word_1_692' title='bbox 3364 3139 3500 3179; x_wconf 90' lang='lat' dir='ltr'><strong><em>vero</em></strong></span> <span class='ocrx_word' id='word_1_693' title='bbox 3519 3125 3704 3196; x_wconf 86' lang='lat' dir='ltr'><strong><em>quasi</em></strong></span> 
     </span>
    </p>
   </div>
   <div class='ocr_carea' id='block_1_96' title="bbox 2048 3207 3702 3275">
    <p class='ocr_par' dir='ltr' id='par_1_96' title="bbox 2048 3207 3702 3275">
     <span class='ocr_line' id='line_1_96' title="bbox 2048 3207 3702 3275; baseline 0.001 -8"><span class='ocrx_word' id='word_1_694' title='bbox 2048 3209 2425 3274; x_wconf 91' lang='lat' dir='ltr'><strong><em>christianus,</em></strong></span> <span class='ocrx_word' id='word_1_695' title='bbox 2446 3223 2566 3263; x_wconf 91' lang='lat' dir='ltr'><strong><em>non</em></strong></span> <span class='ocrx_word' id='word_1_696' title='bbox 2597 3207 2912 3262; x_wconf 88' lang='lat' dir='ltr'><strong><em>erubescat</em></strong></span> <span class='ocrx_word' id='word_1_697' title='bbox 2938 3224 2952 3273; x_wconf 88' lang='lat'><strong>;</strong></span> <span class='ocrx_word' id='word_1_698' title='bbox 2986 3207 3487 3275; x_wconf 85' lang='lat' dir='ltr'><strong><em>gloriﬁcetautem</em></strong></span> <span class='ocrx_word' id='word_1_699' title='bbox 3515 3212 3702 3268; x_wconf 88' lang='lat' dir='ltr'><strong><em>Deum</em></strong></span> 
     </span>
    </p>
   </div>
   <div class='ocr_carea' id='block_1_97' title="bbox 2046 3296 3702 3369">
    <p class='ocr_par' dir='ltr' id='par_1_97' title="bbox 2046 3296 3702 3369">
     <span class='ocr_line' id='line_1_97' title="bbox 2046 3296 3702 3369; baseline 0.001 -15"><span class='ocrx_word' id='word_1_700' title='bbox 2046 3299 2107 3355; x_wconf 89' lang='lat' dir='ltr'><strong><em>in</em></strong></span> <span class='ocrx_word' id='word_1_701' title='bbox 2138 3300 2249 3354; x_wconf 86' lang='lat' dir='ltr'><strong><em>isto</em></strong></span> <span class='ocrx_word' id='word_1_702' title='bbox 2274 3298 2538 3361; x_wconf 91' lang='lat' dir='ltr'><strong><em>nomine,</em></strong></span> <span class='ocrx_word' id='word_1_703' title='bbox 2566 3296 2711 3368; x_wconf 90' lang='lat' dir='ltr'><strong><em>quia</em></strong></span> <span class='ocrx_word' id='word_1_704' title='bbox 2738 3301 2968 3368; x_wconf 89' lang='lat' dir='ltr'><strong><em>tempus</em></strong></span> <span class='ocrx_word' id='word_1_705' title='bbox 2990 3297 3392 3353; x_wconf 89' lang='lat' dir='ltr'><strong><em>inchoationis</em></strong></span> <span class='ocrx_word' id='word_1_706' title='bbox 3425 3301 3633 3369; x_wconf 89' lang='lat' dir='ltr'><strong><em>judicii</em></strong></span> <span class='ocrx_word' id='word_1_707' title='bbox 3668 3317 3702 3357; x_wconf 90' lang='lat' dir='ltr'><strong><em>a</em></strong></span> 
     </span>
    </p>
   </div>
   <div class='ocr_carea' id='block_1_98' title="bbox 2048 3385 3701 3460">
    <p class='ocr_par' dir='ltr' id='par_1_98' title="bbox 2048 3385 3701 3460">
     <span class='ocr_line' id='line_1_98' title="bbox 2048 3385 3701 3460; baseline -0.001 -14"><span class='ocrx_word' id='word_1_708' title='bbox 2048 3391 2231 3446; x_wconf 89' lang='lat' dir='ltr'><strong><em>domo</em></strong></span> <span class='ocrx_word' id='word_1_709' title='bbox 2260 3387 2398 3443; x_wconf 90' lang='lat' dir='ltr'><strong><em>Dei:</em></strong></span> <span class='ocrx_word' id='word_1_710' title='bbox 2433 3387 2479 3441; x_wconf 91' lang='lat' dir='ltr'><strong><em>si</em></strong></span> <span class='ocrx_word' id='word_1_711' title='bbox 2532 3391 2732 3442; x_wconf 90' lang='lat' dir='ltr'><strong><em>autem</em></strong></span> <span class='ocrx_word' id='word_1_712' title='bbox 2790 3385 3026 3440; x_wconf 88' lang='lat' dir='ltr'><strong><em>initium</em></strong></span> <span class='ocrx_word' id='word_1_713' title='bbox 3071 3401 3104 3441; x_wconf 88' lang='lat' dir='ltr'><strong><em>a</em></strong></span> <span class='ocrx_word' id='word_1_714' title='bbox 3136 3386 3330 3453; x_wconf 90' lang='lat' dir='ltr'><strong><em>nobis,</em></strong></span> <span class='ocrx_word' id='word_1_715' title='bbox 3387 3389 3524 3460; x_wconf 88' lang='lat' dir='ltr'><strong><em>quis</em></strong></span> <span class='ocrx_word' id='word_1_716' title='bbox 3563 3390 3701 3444; x_wconf 87' lang='lat' dir='ltr'><strong><em>ﬁnis</em></strong></span> 
     </span>
    </p>
   </div>
   <div class='ocr_carea' id='block_1_99' title="bbox 2049 3475 3702 3548">
    <p class='ocr_par' dir='ltr' id='par_1_99' title="bbox 2049 3475 3702 3548">
     <span class='ocr_line' id='line_1_99' title="bbox 2049 3475 3702 3548; baseline -0.001 -13"><span class='ocrx_word' id='word_1_717' title='bbox 2049 3475 2256 3536; x_wconf 82' lang='lat' dir='ltr'><strong><em>eorum</em></strong></span> <span class='ocrx_word' id='word_1_718' title='bbox 2279 3478 2381 3548; x_wconf 90' lang='lat' dir='ltr'><strong><em>qui</em></strong></span> <span class='ocrx_word' id='word_1_719' title='bbox 2407 3491 2528 3531; x_wconf 92' lang='lat' dir='ltr'><strong><em>non</em></strong></span> <span class='ocrx_word' id='word_1_720' title='bbox 2559 3475 2808 3530; x_wconf 90' lang='lat' dir='ltr'><strong><em>credunt</em></strong></span> <span class='ocrx_word' id='word_1_721' title='bbox 2833 3475 3148 3545; x_wconf 88' lang='lat' dir='ltr'><strong><em>Evangelio</em></strong></span> <span class='ocrx_word' id='word_1_722' title='bbox 3175 3477 3272 3530; x_wconf 91' lang='lat' dir='ltr'><strong><em>Dei</em></strong></span> <span class='ocrx_word' id='word_1_723' title='bbox 3297 3477 3330 3531; x_wconf 84' lang='lat'><strong>?</strong></span> <span class='ocrx_word' id='word_1_724' title='bbox 3359 3477 3477 3532; x_wconf 89' lang='lat' dir='ltr'><strong><em>etsi</em></strong></span> <span class='ocrx_word' id='word_1_725' title='bbox 3506 3478 3702 3548; x_wconf 91' lang='lat' dir='ltr'><strong><em>justus</em></strong></span> 
     </span>
    </p>
   </div>
   <div class='ocr_carea' id='block_1_100' title="bbox 2047 3563 3703 3641">
    <p class='ocr_par' dir='ltr' id='par_1_100' title="bbox 2047 3563 3703 3641">
     <span class='ocr_line' id='line_1_100' title="bbox 2047 3563 3703 3641; baseline -0.001 -18"><span class='ocrx_word' id='word_1_726' title='bbox 2047 3568 2292 3641; x_wconf 90' lang='lat' dir='ltr'><strong><em>quidem</em></strong></span> <span class='ocrx_word' id='word_1_727' title='bbox 2327 3567 2420 3620; x_wconf 88' lang='lat' dir='ltr'><strong><em>vix</em></strong></span> <span class='ocrx_word' id='word_1_728' title='bbox 2443 3563 2646 3620; x_wconf 91' lang='lat' dir='ltr'><strong><em>salvus</em></strong></span> <span class='ocrx_word' id='word_1_729' title='bbox 2663 3564 2742 3630; x_wconf 86' lang='lat' dir='ltr'><strong><em>ﬁt,</em></strong></span> <span class='ocrx_word' id='word_1_730' title='bbox 2766 3569 3043 3634; x_wconf 89' lang='lat' dir='ltr'><strong><em>peccator</em></strong></span> <span class='ocrx_word' id='word_1_731' title='bbox 3071 3570 3125 3620; x_wconf 89' lang='lat' dir='ltr'><strong><em>et</em></strong></span> <span class='ocrx_word' id='word_1_732' title='bbox 3154 3565 3376 3636; x_wconf 90' lang='lat' dir='ltr'><strong><em>impius</em></strong></span> <span class='ocrx_word' id='word_1_733' title='bbox 3411 3567 3511 3621; x_wconf 91' lang='lat' dir='ltr'><strong><em>ubi</em></strong></span> <span class='ocrx_word' id='word_1_734' title='bbox 3535 3583 3703 3638; x_wconf 89' lang='lat' dir='ltr'><strong><em>pare-</em></strong></span> 
     </span>
    </p>
   </div>
   <div class='ocr_carea' id='block_1_101' title="bbox 2047 3653 3698 3727">
    <p class='ocr_par' dir='ltr' id='par_1_101' title="bbox 2047 3653 3698 3727">
     <span class='ocr_line' id='line_1_101' title="bbox 2047 3653 3698 3727; baseline -0.002 -13"><span class='ocrx_word' id='word_1_735' title='bbox 2047 3657 2198 3714; x_wconf 87' lang='lat' dir='ltr'><strong><em>bunt</em></strong></span> <span class='ocrx_word' id='word_1_736' title='bbox 2230 3677 2257 3708; x_wconf 86' lang='grc'><strong>››</strong></span> <span class='ocrx_word' id='word_1_737' title='bbox 2287 3655 2329 3727; x_wconf 96' lang='grc' dir='ltr'><strong><em>(Ι</em></strong></span> <span class='ocrx_word' id='word_1_738' title='bbox 2360 3655 2518 3710; x_wconf 91' lang='lat' dir='ltr'><strong><em>Petr.</em></strong></span> <span class='ocrx_word' id='word_1_739' title='bbox 2553 3670 2630 3718; x_wconf 88' lang='lat' dir='ltr'><strong><em>1v,</em></strong></span> <span class='ocrx_word' id='word_1_740' title='bbox 2671 3654 2851 3724; x_wconf 59' lang='grc'>1548)</span> <span class='ocrx_word' id='word_1_741' title='bbox 2890 3653 2919 3705; x_wconf 87' lang='lat'><strong><em>‘?</em></strong></span> <span class='ocrx_word' id='word_1_742' title='bbox 2949 3653 3247 3709; x_wconf 77' lang='lat' dir='ltr'><strong><em>Manifesta</em></strong></span> <span class='ocrx_word' id='word_1_743' title='bbox 3280 3655 3541 3711; x_wconf 87' lang='lat' dir='ltr'><strong><em>ostendit</em></strong></span> <span class='ocrx_word' id='word_1_744' title='bbox 3573 3672 3698 3711; x_wconf 90' lang='lat' dir='ltr'><strong><em>eas-</em></strong></span> 
     </span>
    </p>
   </div>
   <div class='ocr_carea' id='block_1_102' title="bbox 2050 3742 3703 3816">
    <p class='ocr_par' dir='ltr' id='par_1_102' title="bbox 2050 3742 3703 3816">
     <span class='ocr_line' id='line_1_102' title="bbox 2050 3742 3703 3816; baseline -0.001 -15"><span class='ocrx_word' id='word_1_745' title='bbox 2050 3746 2186 3801; x_wconf 91' lang='lat' dir='ltr'><strong><em>dem</em></strong></span> <span class='ocrx_word' id='word_1_746' title='bbox 2215 3747 2376 3816; x_wconf 90' lang='lat' dir='ltr'><strong><em>ipsas</em></strong></span> <span class='ocrx_word' id='word_1_747' title='bbox 2400 3743 2714 3815; x_wconf 89' lang='lat' dir='ltr'><strong><em>passiones</em></strong></span> <span class='ocrx_word' id='word_1_748' title='bbox 2747 3757 2902 3812; x_wconf 90' lang='lat' dir='ltr'><strong><em>quas</em></strong></span> <span class='ocrx_word' id='word_1_749' title='bbox 2931 3742 3070 3814; x_wconf 89' lang='lat' dir='ltr'><strong><em>justi</em></strong></span> <span class='ocrx_word' id='word_1_750' title='bbox 3105 3745 3432 3814; x_wconf 89' lang='lat' dir='ltr'><strong><em>patiuntur,</em></strong></span> <span class='ocrx_word' id='word_1_751' title='bbox 3456 3744 3703 3815; x_wconf 85' lang='lat' dir='ltr'><strong><em>adjudi-</em></strong></span> 
     </span>
    </p>
   </div>
   <div class='ocr_carea' id='block_1_103' title="bbox 2051 3831 3701 3904">
    <p class='ocr_par' dir='ltr' id='par_1_103' title="bbox 2051 3831 3701 3904">
     <span class='ocr_line' id='line_1_103' title="bbox 2051 3831 3701 3904; baseline -0.001 -13"><span class='ocrx_word' id='word_1_752' title='bbox 2051 3835 2210 3891; x_wconf 87' lang='lat' dir='ltr'><strong><em>cium</em></strong></span> <span class='ocrx_word' id='word_1_753' title='bbox 2227 3834 2324 3889; x_wconf 91' lang='lat' dir='ltr'><strong><em>Dei</em></strong></span> <span class='ocrx_word' id='word_1_754' title='bbox 2340 3833 2648 3904; x_wconf 88' lang='lat' dir='ltr'><strong><em>pertinere;</em></strong></span> <span class='ocrx_word' id='word_1_755' title='bbox 2664 3831 2827 3903; x_wconf 89' lang='lat' dir='ltr'><strong><em>quod</em></strong></span> <span class='ocrx_word' id='word_1_756' title='bbox 2843 3831 3112 3887; x_wconf 89' lang='lat' dir='ltr'><strong><em>inchoari</em></strong></span> <span class='ocrx_word' id='word_1_757' title='bbox 3132 3831 3283 3887; x_wconf 86' lang='lat' dir='ltr'><strong><em>dixit</em></strong></span> <span class='ocrx_word' id='word_1_758' title='bbox 3296 3849 3366 3888; x_wconf 88' lang='lat' dir='ltr'><strong><em>ex</em></strong></span> <span class='ocrx_word' id='word_1_759' title='bbox 3381 3833 3563 3889; x_wconf 89' lang='lat' dir='ltr'><strong><em>domo</em></strong></span> <span class='ocrx_word' id='word_1_760' title='bbox 3580 3834 3701 3901; x_wconf 91' lang='lat' dir='ltr'><strong><em>Dei,</em></strong></span> 
     </span>
    </p>
   </div>
   <div class='ocr_carea' id='block_1_104' title="bbox 2049 3919 3700 3992">
    <p class='ocr_par' dir='ltr' id='par_1_104' title="bbox 2049 3919 3700 3992">
     <span class='ocr_line' id='line_1_104' title="bbox 2049 3919 3700 3992; baseline -0.002 -12"><span class='ocrx_word' id='word_1_761' title='bbox 2049 3930 2113 3980; x_wconf 90' lang='lat' dir='ltr'><strong><em>ut</em></strong></span> <span class='ocrx_word' id='word_1_762' title='bbox 2133 3922 2272 3978; x_wconf 89' lang='lat' dir='ltr'><strong><em>inde</em></strong></span> <span class='ocrx_word' id='word_1_763' title='bbox 2294 3919 2645 3991; x_wconf 87' lang='lat' dir='ltr'><strong><em>conjiciatur</em></strong></span> <span class='ocrx_word' id='word_1_764' title='bbox 2660 3921 3120 3992; x_wconf 69' lang='lat' dir='ltr'><strong><em>quantasimpiis</em></strong></span> <span class='ocrx_word' id='word_1_765' title='bbox 3136 3921 3348 3977; x_wconf 68' lang='lat' dir='ltr'><strong><em>futurae</em></strong></span> <span class='ocrx_word' id='word_1_766' title='bbox 3367 3928 3700 3979; x_wconf 88' lang='lat' dir='ltr'><strong><em>servantur.</em></strong></span> 
     </span>
    </p>
   </div>
   <div class='ocr_carea' id='block_1_105' title="bbox 2052 4009 3702 4081">
    <p class='ocr_par' dir='ltr' id='par_1_105' title="bbox 2052 4009 3702 4081">
     <span class='ocr_line' id='line_1_105' title="bbox 2052 4009 3702 4081; baseline -0.002 -11"><span class='ocrx_word' id='word_1_767' title='bbox 2052 4013 2216 4070; x_wconf 92' lang='lat' dir='ltr'><strong><em>Unde</em></strong></span> <span class='ocrx_word' id='word_1_768' title='bbox 2248 4012 2423 4067; x_wconf 89' lang='lat' dir='ltr'><strong><em>etiam</em></strong></span> <span class='ocrx_word' id='word_1_769' title='bbox 2448 4009 2575 4081; x_wconf 92' lang='lat' dir='ltr'><strong><em>ipse</em></strong></span> <span class='ocrx_word' id='word_1_770' title='bbox 2603 4009 2824 4065; x_wconf 84' lang='lat' dir='ltr'><strong><em>Paulus</em></strong></span> <span class='ocrx_word' id='word_1_771' title='bbox 2847 4009 2922 4065; x_wconf 91' lang='lat' dir='ltr'><strong><em>ad</em></strong></span> <span class='ocrx_word' id='word_1_772' title='bbox 2936 4009 3498 4066; x_wconf 89' lang='lat' dir='ltr'><strong><em>Thessalonicenses</em></strong></span> <span class='ocrx_word' id='word_1_773' title='bbox 3532 4011 3702 4067; x_wconf 89' lang='lat' dir='ltr'><strong><em>dicit:</em></strong></span> 
     </span>
    </p>
   </div>
   <div class='ocr_carea' id='block_1_106' title="bbox 2055 4099 3704 4170">
    <p class='ocr_par' dir='ltr' id='par_1_106' title="bbox 2055 4099 3704 4170">
     <span class='ocr_line' id='line_1_106' title="bbox 2055 4099 3704 4170; baseline 0.001 -16"><span class='ocrx_word' id='word_1_774' title='bbox 2055 4122 2083 4155; x_wconf 88' lang='lat'>«</span> <span class='ocrx_word' id='word_1_775' title='bbox 2121 4103 2206 4158; x_wconf 88' lang='lat' dir='ltr'><strong><em>Ita</em></strong></span> <span class='ocrx_word' id='word_1_776' title='bbox 2237 4107 2296 4156; x_wconf 88' lang='lat' dir='ltr'><strong><em>ut</em></strong></span> <span class='ocrx_word' id='word_1_777' title='bbox 2322 4115 2433 4156; x_wconf 91' lang='lat' dir='ltr'><strong><em>nos</em></strong></span> <span class='ocrx_word' id='word_1_778' title='bbox 2467 4099 2668 4170; x_wconf 90' lang='lat' dir='ltr'><strong><em>ipside</em></strong></span> <span class='ocrx_word' id='word_1_779' title='bbox 2684 4099 3190 4168; x_wconf 86' lang='lat' dir='ltr'><strong><em>vobisgloriemur</em></strong></span> <span class='ocrx_word' id='word_1_780' title='bbox 3211 4100 3270 4155; x_wconf 88' lang='lat' dir='ltr'><strong><em>iu</em></strong></span> <span class='ocrx_word' id='word_1_781' title='bbox 3289 4101 3568 4155; x_wconf 89' lang='lat' dir='ltr'><strong><em>Ecclesiis</em></strong></span> <span class='ocrx_word' id='word_1_782' title='bbox 3585 4102 3704 4167; x_wconf 93' lang='lat' dir='ltr'><strong><em>Dei,</em></strong></span> 
     </span>
    </p>
   </div>
   <div class='ocr_carea' id='block_1_107' title="bbox 2051 4188 3710 4265">
    <p class='ocr_par' dir='ltr' id='par_1_107' title="bbox 2051 4188 3710 4265">
     <span class='ocr_line' id='line_1_107' title="bbox 2051 4188 3710 4265; baseline -0.002 -18"><span class='ocrx_word' id='word_1_783' title='bbox 2051 4208 2160 4265; x_wconf 89' lang='lat' dir='ltr'><strong><em>pro</em></strong></span> <span class='ocrx_word' id='word_1_784' title='bbox 2194 4194 2385 4246; x_wconf 90' lang='lat' dir='ltr'><strong><em>vestra</em></strong></span> <span class='ocrx_word' id='word_1_785' title='bbox 2414 4189 2701 4261; x_wconf 89' lang='lat' dir='ltr'><strong><em>patientia</em></strong></span> <span class='ocrx_word' id='word_1_786' title='bbox 2732 4195 2786 4243; x_wconf 90' lang='lat' dir='ltr'><strong><em>et</em></strong></span> <span class='ocrx_word' id='word_1_787' title='bbox 2812 4189 2926 4243; x_wconf 90' lang='lat' dir='ltr'><strong><em>ﬁde</em></strong></span> <span class='ocrx_word' id='word_1_788' title='bbox 2954 4188 3013 4243; x_wconf 92' lang='lat' dir='ltr'><strong><em>in</em></strong></span> <span class='ocrx_word' id='word_1_789' title='bbox 3035 4190 3318 4244; x_wconf 87' lang='lat' dir='ltr'><strong><em>omnibus</em></strong></span> <span class='ocrx_word' id='word_1_790' title='bbox 3351 4191 3710 4259; x_wconf 89' lang='lat' dir='ltr'><strong><em>persecutio-</em></strong></span> 
     </span>
    </p>
   </div>
   <div class='ocr_carea' id='block_1_108' title="bbox 2052 4277 3711 4349">
    <p class='ocr_par' dir='ltr' id='par_1_108' title="bbox 2052 4277 3711 4349">
     <span class='ocr_line' id='line_1_108' title="bbox 2052 4277 3711 4349; baseline -0.003 -12"><span class='ocrx_word' id='word_1_791' title='bbox 2052 4281 2229 4338; x_wconf 90' lang='lat' dir='ltr'><strong><em>nibus</em></strong></span> <span class='ocrx_word' id='word_1_792' title='bbox 2246 4279 2477 4341; x_wconf 87' lang='lat' dir='ltr'><strong><em>vestris,</em></strong></span> <span class='ocrx_word' id='word_1_793' title='bbox 2497 4281 2554 4332; x_wconf 87' lang='lat' dir='ltr'><strong><em>et</em></strong></span> <span class='ocrx_word' id='word_1_794' title='bbox 2579 4278 2871 4349; x_wconf 88' lang='lat' dir='ltr'><strong><em>pressuris</em></strong></span> <span class='ocrx_word' id='word_1_795' title='bbox 2898 4292 3050 4348; x_wconf 88' lang='lat' dir='ltr'><strong><em>quas</em></strong></span> <span class='ocrx_word' id='word_1_796' title='bbox 3083 4277 3383 4332; x_wconf 87' lang='lat' dir='ltr'><strong><em>sustinetis</em></strong></span> <span class='ocrx_word' id='word_1_797' title='bbox 3414 4278 3471 4331; x_wconf 91' lang='lat' dir='ltr'><strong><em>in</em></strong></span> <span class='ocrx_word' id='word_1_798' title='bbox 3507 4293 3711 4332; x_wconf 79' lang='lat' dir='ltr'><strong><em>exem-</em></strong></span> 
     </span>
    </p>
   </div>
   <div class='ocr_carea' id='block_1_109' title="bbox 2053 4365 3711 4442">
    <p class='ocr_par' dir='ltr' id='par_1_109' title="bbox 2053 4365 3711 4442">
     <span class='ocr_line' id='line_1_109' title="bbox 2053 4365 3711 4442; baseline -0.002 -17"><span class='ocrx_word' id='word_1_799' title='bbox 2053 4369 2219 4442; x_wconf 89' lang='lat' dir='ltr'><strong><em>plum</em></strong></span> <span class='ocrx_word' id='word_1_800' title='bbox 2243 4368 2384 4440; x_wconf 89' lang='lat' dir='ltr'><strong><em>justi</em></strong></span> <span class='ocrx_word' id='word_1_801' title='bbox 2406 4367 2615 4438; x_wconf 90' lang='lat' dir='ltr'><strong><em>judicii</em></strong></span> <span class='ocrx_word' id='word_1_802' title='bbox 2642 4366 2742 4421; x_wconf 90' lang='lat' dir='ltr'><strong><em>Dei</em></strong></span> <span class='ocrx_word' id='word_1_803' title='bbox 2775 4385 2801 4416; x_wconf 86' lang='lat'>»</span> <span class='ocrx_word' id='word_1_804' title='bbox 2829 4368 2896 4434; x_wconf 90' lang='lat' dir='ltr'><strong><em>(ll</em></strong></span> <span class='ocrx_word' id='word_1_805' title='bbox 2929 4366 3121 4421; x_wconf 86' lang='lat' dir='ltr'><strong><em>Thess.</em></strong></span> <span class='ocrx_word' id='word_1_806' title='bbox 3149 4383 3185 4431; x_wconf 83' lang='grc' dir='ltr'><strong><em>ι,</em></strong></span> <span class='ocrx_word' id='word_1_807' title='bbox 3216 4367 3272 4429; x_wconf 76' lang='grc'><strong><em>4,</em></strong></span> <span class='ocrx_word' id='word_1_808' title='bbox 3294 4370 3366 4434; x_wconf 78' lang='grc' dir='ltr'><strong><em>ὅ).</em></strong></span> <span class='ocrx_word' id='word_1_809' title='bbox 3395 4365 3562 4431; x_wconf 89' lang='lat' dir='ltr'><strong><em>Quod</em></strong></span> <span class='ocrx_word' id='word_1_810' title='bbox 3585 4381 3711 4421; x_wconf 90' lang='lat' dir='ltr'><strong><em>om-</em></strong></span> 
     </span>
    </p>
   </div>
   <div class='ocr_carea' id='block_1_110' title="bbox 2055 4454 3708 4526">
    <p class='ocr_par' dir='ltr' id='par_1_110' title="bbox 2055 4454 3708 4526">
     <span class='ocr_line' id='line_1_110' title="bbox 2055 4454 3708 4526; baseline -0.003 -11"><span class='ocrx_word' id='word_1_811' title='bbox 2055 4461 2196 4515; x_wconf 90' lang='lat' dir='ltr'><strong><em>nino</em></strong></span> <span class='ocrx_word' id='word_1_812' title='bbox 2225 4458 2301 4514; x_wconf 91' lang='lat' dir='ltr'><strong><em>ad</em></strong></span> <span class='ocrx_word' id='word_1_813' title='bbox 2324 4456 2470 4511; x_wconf 91' lang='lat' dir='ltr'><strong><em>illud</em></strong></span> <span class='ocrx_word' id='word_1_814' title='bbox 2489 4454 2750 4526; x_wconf 87' lang='lat' dir='ltr'><strong><em>respicit,</em></strong></span> <span class='ocrx_word' id='word_1_815' title='bbox 2777 4455 2941 4524; x_wconf 92' lang='lat' dir='ltr'><strong><em>quod</em></strong></span> <span class='ocrx_word' id='word_1_816' title='bbox 2964 4455 3042 4508; x_wconf 88' lang='lat' dir='ltr'><strong><em>ait</em></strong></span> <span class='ocrx_word' id='word_1_817' title='bbox 3063 4456 3267 4508; x_wconf 86' lang='lat' dir='ltr'><strong><em>Petrus</em></strong></span> <span class='ocrx_word' id='word_1_818' title='bbox 3313 4460 3550 4525; x_wconf 91' lang='lat' dir='ltr'><strong><em>tempus</em></strong></span> <span class='ocrx_word' id='word_1_819' title='bbox 3577 4471 3708 4510; x_wconf 91' lang='lat' dir='ltr'><strong><em>esse</em></strong></span> 
     </span>
    </p>
   </div>
   <div class='ocr_carea' id='block_1_111' title="bbox 2055 4541 3709 4616">
    <p class='ocr_par' dir='ltr' id='par_1_111' title="bbox 2055 4541 3709 4616">
     <span class='ocr_line' id='line_1_111' title="bbox 2055 4541 3709 4616; baseline -0.002 -14"><span class='ocrx_word' id='word_1_820' title='bbox 2055 4543 2680 4616; x_wconf 86' lang='lat' dir='ltr'><strong><em>inchoationisjndicii</em></strong></span> <span class='ocrx_word' id='word_1_821' title='bbox 2715 4559 2750 4598; x_wconf 93' lang='lat' dir='ltr'><strong><em>a</em></strong></span> <span class='ocrx_word' id='word_1_822' title='bbox 2780 4542 2962 4597; x_wconf 91' lang='lat' dir='ltr'><strong><em>domo</em></strong></span> <span class='ocrx_word' id='word_1_823' title='bbox 2998 4541 3098 4596; x_wconf 86' lang='lat' dir='ltr'><strong><em>Dei</em></strong></span> <span class='ocrx_word' id='word_1_824' title='bbox 3129 4557 3140 4595; x_wconf 75' lang='grc' dir='ltr'>ε</span> <span class='ocrx_word' id='word_1_825' title='bbox 3171 4550 3225 4596; x_wconf 87' lang='lat' dir='ltr'><strong><em>et</em></strong></span> <span class='ocrx_word' id='word_1_826' title='bbox 3267 4542 3414 4596; x_wconf 91' lang='lat' dir='ltr'><strong><em>illud</em></strong></span> <span class='ocrx_word' id='word_1_827' title='bbox 3442 4543 3606 4613; x_wconf 90' lang='lat' dir='ltr'><strong><em>quod</em></strong></span> <span class='ocrx_word' id='word_1_828' title='bbox 3634 4543 3709 4599; x_wconf 91' lang='lat' dir='ltr'><strong><em>de</em></strong></span> 
     </span>
    </p>
   </div>
   <div class='ocr_carea' id='block_1_112' title="bbox 2053 4630 3707 4708">
    <p class='ocr_par' dir='ltr' id='par_1_112' title="bbox 2053 4630 3707 4708">
     <span class='ocr_line' id='line_1_112' title="bbox 2053 4630 3707 4708; baseline -0.003 -16"><span class='ocrx_word' id='word_1_829' title='bbox 2053 4637 2347 4708; x_wconf 88' lang='lat' dir='ltr'><strong><em>propheta</em></strong></span> <span class='ocrx_word' id='word_1_830' title='bbox 2378 4631 2755 4703; x_wconf 89' lang='lat' dir='ltr'><strong><em>interposuit,</em></strong></span> <span class='ocrx_word' id='word_1_831' title='bbox 2778 4631 2856 4686; x_wconf 87' lang='lat' dir='ltr'><strong><em>Et</em></strong></span> <span class='ocrx_word' id='word_1_832' title='bbox 2889 4631 2939 4685; x_wconf 88' lang='lat' dir='ltr'><strong><em>si</em></strong></span> <span class='ocrx_word' id='word_1_833' title='bbox 2952 4633 3156 4700; x_wconf 83' lang='lat' dir='ltr'><strong><em>justus</em></strong></span> <span class='ocrx_word' id='word_1_834' title='bbox 3219 4630 3321 4686; x_wconf 73' lang='lat' dir='ltr'><strong><em>vix</em></strong></span> <span class='ocrx_word' id='word_1_835' title='bbox 3345 4633 3548 4688; x_wconf 86' lang='lat' dir='ltr'><strong><em>salvus</em></strong></span> <span class='ocrx_word' id='word_1_836' title='bbox 3573 4633 3707 4696; x_wconf 88' lang='lat' dir='ltr'><strong><em>erit,</em></strong></span> 
     </span>
    </p>
   </div>
   <div class='ocr_carea' id='block_1_113' title="bbox 2053 4719 3711 4796">
    <p class='ocr_par' dir='ltr' id='par_1_113' title="bbox 2053 4719 3711 4796">
     <span class='ocr_line' id='line_1_113' title="bbox 2053 4719 3711 4796; baseline -0.003 -14"><span class='ocrx_word' id='word_1_837' title='bbox 2053 4732 2332 4796; x_wconf 85' lang='lat' dir='ltr'><strong><em>peccator</em></strong></span> <span class='ocrx_word' id='word_1_838' title='bbox 2354 4721 2637 4790; x_wconf 88' lang='lat' dir='ltr'><strong><em>etimpius</em></strong></span> <span class='ocrx_word' id='word_1_839' title='bbox 2661 4720 2761 4775; x_wconf 85' lang='lat' dir='ltr'><strong><em>ubi</em></strong></span> <span class='ocrx_word' id='word_1_840' title='bbox 2770 4721 3067 4790; x_wconf 90' lang='lat' dir='ltr'><strong><em>parebunt</em></strong></span> <span class='ocrx_word' id='word_1_841' title='bbox 3083 4722 3284 4789; x_wconf 87' lang='lat' dir='ltr'><strong><em>(Prov.</em></strong></span> <span class='ocrx_word' id='word_1_842' title='bbox 3301 4737 3378 4786; x_wconf 69' lang='lat' dir='ltr'><strong><em>x1,</em></strong></span> <span class='ocrx_word' id='word_1_843' title='bbox 3395 4721 3484 4791; x_wconf 84' lang='lat' dir='ltr'><strong><em>3t)</em></strong></span> <span class='ocrx_word' id='word_1_844' title='bbox 3501 4719 3528 4775; x_wconf 61' lang='grc' dir='ltr'><strong><em>Ὺ</em></strong></span> <span class='ocrx_word' id='word_1_845' title='bbox 3544 4720 3711 4777; x_wconf 91' lang='lat' dir='ltr'><strong><em>Unde</em></strong></span> 
     </span>
    </p>
   </div>
   <div class='ocr_carea' id='block_1_114' title="bbox 2057 4809 3710 4881">
    <p class='ocr_par' dir='ltr' id='par_1_114' title="bbox 2057 4809 3710 4881">
     <span class='ocr_line' id='line_1_114' title="bbox 2057 4809 3710 4881; baseline -0.003 -12"><span class='ocrx_word' id='word_1_846' title='bbox 2057 4814 2199 4870; x_wconf 89' lang='lat' dir='ltr'><strong><em>mihi</em></strong></span> <span class='ocrx_word' id='word_1_847' title='bbox 2232 4812 2461 4868; x_wconf 90' lang='lat' dir='ltr'><strong><em>videtur</em></strong></span> <span class='ocrx_word' id='word_1_848' title='bbox 2491 4812 2668 4866; x_wconf 90' lang='lat' dir='ltr'><strong><em>etiam</em></strong></span> <span class='ocrx_word' id='word_1_849' title='bbox 2693 4810 2791 4865; x_wconf 88' lang='lat' dir='ltr'><strong><em>illa</em></strong></span> <span class='ocrx_word' id='word_1_850' title='bbox 2813 4826 2948 4881; x_wconf 79' lang='lat' dir='ltr'><strong><em>quae</em></strong></span> <span class='ocrx_word' id='word_1_851' title='bbox 2975 4825 3081 4881; x_wconf 90' lang='lat' dir='ltr'><strong><em>per</em></strong></span> <span class='ocrx_word' id='word_1_852' title='bbox 3099 4809 3328 4864; x_wconf 87' lang='lat' dir='ltr'><strong><em>Nathan</em></strong></span> <span class='ocrx_word' id='word_1_853' title='bbox 3355 4810 3710 4880; x_wconf 89' lang='lat' dir='ltr'><strong><em>prophetam</em></strong></span> 
     </span>
    </p>
   </div>
   <div class='ocr_carea' id='block_1_115' title="bbox 2055 4899 3713 4973">
    <p class='ocr_par' dir='ltr' id='par_1_115' title="bbox 2055 4899 3713 4973">
     <span class='ocr_line' id='line_1_115' title="bbox 2055 4899 3713 4973; baseline -0.005 -14"><span class='ocrx_word' id='word_1_854' title='bbox 2055 4903 2178 4973; x_wconf 87' lang='lat' dir='ltr'><strong><em>regi</em></strong></span> <span class='ocrx_word' id='word_1_855' title='bbox 2213 4899 2396 4957; x_wconf 88' lang='lat' dir='ltr'><strong><em>David</em></strong></span> <span class='ocrx_word' id='word_1_856' title='bbox 2426 4900 2827 4955; x_wconf 90' lang='lat' dir='ltr'><strong><em>comminatus</em></strong></span> <span class='ocrx_word' id='word_1_857' title='bbox 2856 4905 2946 4954; x_wconf 90' lang='lat' dir='ltr'><strong><em>est</em></strong></span> <span class='ocrx_word' id='word_1_858' title='bbox 2981 4902 3154 4966; x_wconf 89' lang='lat' dir='ltr'><strong><em>Deus,</em></strong></span> <span class='ocrx_word' id='word_1_859' title='bbox 3189 4914 3543 4970; x_wconf 87' lang='lat' dir='ltr'><strong><em>quanquam</em></strong></span> <span class='ocrx_word' id='word_1_860' title='bbox 3597 4904 3713 4952; x_wconf 85' lang='lat' dir='ltr'><strong><em>sta-</em></strong></span> 
     </span>
    </p>
   </div>
   <div class='ocr_carea' id='block_1_116' title="bbox 2056 4984 3712 5060">
    <p class='ocr_par' dir='ltr' id='par_1_116' title="bbox 2056 4984 3712 5060">
     <span class='ocr_line' id='line_1_116' title="bbox 2056 4984 3712 5060; baseline -0.006 -12"><span class='ocrx_word' id='word_1_861' title='bbox 2056 4993 2164 5048; x_wconf 89' lang='lat' dir='ltr'><strong><em>tim</em></strong></span> <span class='ocrx_word' id='word_1_862' title='bbox 2195 4989 2488 5060; x_wconf 87' lang='lat' dir='ltr'><strong><em>ignoverit</em></strong></span> <span class='ocrx_word' id='word_1_863' title='bbox 2509 4987 3170 5058; x_wconf 76' lang='lat' dir='ltr'><strong><em>pcenitenti,propterea</em></strong></span> <span class='ocrx_word' id='word_1_864' title='bbox 3203 4991 3400 5042; x_wconf 89' lang='lat' dir='ltr'><strong><em>tamen</em></strong></span> <span class='ocrx_word' id='word_1_865' title='bbox 3424 4984 3712 5040; x_wconf 88' lang='lat' dir='ltr'><strong><em>accidisse</em></strong></span> 
     </span>
    </p>
   </div>
   <div class='ocr_carea' id='block_1_117' title="bbox 2056 5073 3712 5148">
    <p class='ocr_par' dir='ltr' id='par_1_117' title="bbox 2056 5073 3712 5148">
     <span class='ocr_line' id='line_1_117' title="bbox 2056 5073 3712 5148; baseline -0.008 -11"><span class='ocrx_word' id='word_1_866' title='bbox 2056 5080 2262 5137; x_wconf 89' lang='lat' dir='ltr'><strong><em>omnia</em></strong></span> <span class='ocrx_word' id='word_1_867' title='bbox 2291 5079 2362 5148; x_wconf 94' lang='lat' dir='ltr'><strong><em>(ll</em></strong></span> <span class='ocrx_word' id='word_1_868' title='bbox 2389 5074 3452 5147; x_wconf 82' lang='lat' dir='ltr'><strong><em>Reg.xu),utdemonstrareturillam</em></strong></span> <span class='ocrx_word' id='word_1_869' title='bbox 3478 5073 3712 5126; x_wconf 86' lang='lat' dir='ltr'><strong><em>veniam</em></strong></span> 
     </span>
    </p>
   </div>
   <div class='ocr_carea' id='block_1_118' title="bbox 2055 5161 3715 5239">
    <p class='ocr_par' dir='ltr' id='par_1_118' title="bbox 2055 5161 3715 5239">
     <span class='ocr_line' id='line_1_118' title="bbox 2055 5161 3715 5239; baseline -0.004 -17"><span class='ocrx_word' id='word_1_870' title='bbox 2055 5167 2439 5239; x_wconf 81' lang='lat' dir='ltr'><strong><em>&#39;spiritualiter</em></strong></span> <span class='ocrx_word' id='word_1_871' title='bbox 2456 5165 2660 5220; x_wconf 90' lang='lat' dir='ltr'><strong><em>datam</em></strong></span> <span class='ocrx_word' id='word_1_872' title='bbox 2677 5162 3222 5235; x_wconf 86' lang='lat' dir='ltr'><strong><em>propterfuturumj</em></strong></span> <span class='ocrx_word' id='word_1_873' title='bbox 3236 5161 3498 5215; x_wconf 88' lang='lat' dir='ltr'><strong><em>udicium</em></strong></span> <span class='ocrx_word' id='word_1_874' title='bbox 3513 5175 3715 5230; x_wconf 70' lang='lat' dir='ltr'><strong><em>praua-</em></strong></span> 
     </span>
    </p>
   </div>
   <div class='ocr_carea' id='block_1_119' title="bbox 2056 5249 3712 5326">
    <p class='ocr_par' dir='ltr' id='par_1_119' title="bbox 2056 5249 3712 5326">
     <span class='ocr_line' id='line_1_119' title="bbox 2056 5249 3712 5326; baseline -0.005 -14"><span class='ocrx_word' id='word_1_875' title='bbox 2056 5255 2386 5326; x_wconf 88' lang='lat' dir='ltr'><strong><em>rum,quod</em></strong></span> <span class='ocrx_word' id='word_1_876' title='bbox 2401 5258 2704 5324; x_wconf 84' lang='lat' dir='ltr'><strong><em>exspectat</em></strong></span> <span class='ocrx_word' id='word_1_877' title='bbox 2719 5269 2820 5307; x_wconf 90' lang='lat' dir='ltr'><strong><em>eos</em></strong></span> <span class='ocrx_word' id='word_1_878' title='bbox 2835 5252 2940 5323; x_wconf 90' lang='lat' dir='ltr'><strong><em>qui</em></strong></span> <span class='ocrx_word' id='word_1_879' title='bbox 2964 5252 3077 5306; x_wconf 91' lang='lat' dir='ltr'><strong><em>hoc</em></strong></span> <span class='ocrx_word' id='word_1_880' title='bbox 3095 5257 3358 5320; x_wconf 89' lang='lat' dir='ltr'><strong><em>tempore</em></strong></span> <span class='ocrx_word' id='word_1_881' title='bbox 3372 5249 3585 5318; x_wconf 85' lang='lat' dir='ltr'><strong><em>corrigi</em></strong></span> <span class='ocrx_word' id='word_1_882' title='bbox 3605 5264 3712 5303; x_wconf 89' lang='lat' dir='ltr'><strong><em>no-</em></strong></span> 
     </span>
    </p>
   </div>
   <div class='ocr_carea' id='block_1_120' title="bbox 2059 5337 3716 5407">
    <p class='ocr_par' dir='ltr' id='par_1_120' title="bbox 2059 5337 3716 5407">
     <span class='ocr_line' id='line_1_120' title="bbox 2059 5337 3716 5407; baseline -0.006 -6"><span class='ocrx_word' id='word_1_883' title='bbox 2059 5343 2535 5402; x_wconf 90' lang='lat' dir='ltr'><strong><em>lunt.Dicitenim</em></strong></span> <span class='ocrx_word' id='word_1_884' title='bbox 2564 5341 2772 5396; x_wconf 90' lang='lat' dir='ltr'><strong><em>etalibi</em></strong></span> <span class='ocrx_word' id='word_1_885' title='bbox 2805 5341 3036 5394; x_wconf 86' lang='lat' dir='ltr'><strong><em>Petrus:</em></strong></span> <span class='ocrx_word' id='word_1_886' title='bbox 3072 5340 3326 5407; x_wconf 81' lang='lat' dir='ltr'><strong><em>Propter</em></strong></span> <span class='ocrx_word' id='word_1_887' title='bbox 3349 5337 3459 5392; x_wconf 88' lang='lat' dir='ltr'><strong><em>hoc</em></strong></span> <span class='ocrx_word' id='word_1_888' title='bbox 3480 5337 3634 5392; x_wconf 89' lang='lat' dir='ltr'><strong><em>enim</em></strong></span> <span class='ocrx_word' id='word_1_889' title='bbox 3665 5344 3716 5392; x_wconf 86' lang='lat' dir='ltr'><strong><em>et</em></strong></span> 
     </span>
    </p>
   </div>
   <div class='ocr_carea' id='block_1_121' title="bbox 2061 5426 3715 5501">
    <p class='ocr_par' dir='ltr' id='par_1_121' title="bbox 2061 5426 3715 5501">
     <span class='ocr_line' id='line_1_121' title="bbox 2061 5426 3715 5501; baseline -0.004 -11"><span class='ocrx_word' id='word_1_890' title='bbox 2061 5433 2311 5490; x_wconf 87' lang='lat' dir='ltr'><strong><em>mortuis</em></strong></span> <span class='ocrx_word' id='word_1_891' title='bbox 2338 5430 2809 5501; x_wconf 85' lang='lat' dir='ltr'><strong><em>evangelizatum</em></strong></span> <span class='ocrx_word' id='word_1_892' title='bbox 2823 5434 2997 5493; x_wconf 87' lang='lat' dir='ltr'><strong><em>est,ut</em></strong></span> <span class='ocrx_word' id='word_1_893' title='bbox 3010 5426 3715 5496; x_wconf 84' lang='lat' dir='ltr'><strong><em>judicenturquidemse—</em></strong></span> 
     </span>
    </p>
   </div>
   <div class='ocr_carea' id='block_1_122' title="bbox 2051 5517 3714 5582">
    <p class='ocr_par' dir='ltr' id='par_1_122' title="bbox 2051 5517 3714 5582">
     <span class='ocr_line' id='line_1_122' title="bbox 2051 5517 3714 5582; baseline -0.004 -3"><span class='ocrx_word' id='word_1_894' title='bbox 2051 5523 2318 5579; x_wconf 72' lang='lat' dir='ltr'><strong><em>eundum</em></strong></span> <span class='ocrx_word' id='word_1_895' title='bbox 2347 5521 2633 5576; x_wconf 84' lang='lat' dir='ltr'><strong><em>hominem</em></strong></span> <span class='ocrx_word' id='word_1_896' title='bbox 2660 5519 2722 5574; x_wconf 88' lang='lat' dir='ltr'><strong><em>in</em></strong></span> <span class='ocrx_word' id='word_1_897' title='bbox 2747 5519 3152 5582; x_wconf 87' lang='lat' dir='ltr'><strong><em>carne,vivant</em></strong></span> <span class='ocrx_word' id='word_1_898' title='bbox 3173 5521 3372 5572; x_wconf 89' lang='lat' dir='ltr'><strong><em>autem</em></strong></span> <span class='ocrx_word' id='word_1_899' title='bbox 3395 5517 3714 5573; x_wconf 87' lang='lat' dir='ltr'><strong><em>secundum</em></strong></span> 
     </span>
    </p>
   </div>
   <div class='ocr_carea' id='block_1_123' title="bbox 2063 5605 3718 5679">
    <p class='ocr_par' dir='ltr' id='par_1_123' title="bbox 2063 5605 3718 5679">
     <span class='ocr_line' id='line_1_123' title="bbox 2063 5605 3718 5679; baseline -0.005 -10"><span class='ocrx_word' id='word_1_900' title='bbox 2063 5615 2250 5670; x_wconf 89' lang='lat' dir='ltr'><strong><em>Deum</em></strong></span> <span class='ocrx_word' id='word_1_901' title='bbox 2275 5611 2336 5666; x_wconf 85' lang='lat' dir='ltr'><strong><em>in</em></strong></span> <span class='ocrx_word' id='word_1_902' title='bbox 2369 5609 2589 5679; x_wconf 84' lang='lat' dir='ltr'><strong><em>spiritu</em></strong></span> <span class='ocrx_word' id='word_1_903' title='bbox 2621 5609 2664 5678; x_wconf 92' lang='grc' dir='ltr'><strong><em>(Ι</em></strong></span> <span class='ocrx_word' id='word_1_904' title='bbox 2696 5609 2855 5663; x_wconf 89' lang='lat' dir='ltr'><strong><em>Petr.</em></strong></span> <span class='ocrx_word' id='word_1_905' title='bbox 2884 5622 2960 5672; x_wconf 83' lang='grc' dir='ltr'><strong><em>ιν,</em></strong></span> <span class='ocrx_word' id='word_1_906' title='bbox 2995 5606 3069 5678; x_wconf 87' lang='lat'><strong><em>6).</em></strong></span> <span class='ocrx_word' id='word_1_907' title='bbox 3105 5608 3222 5661; x_wconf 92' lang='lat' dir='ltr'><strong><em>Hoc</em></strong></span> <span class='ocrx_word' id='word_1_908' title='bbox 3250 5605 3392 5671; x_wconf 88' lang='lat' dir='ltr'><strong><em>dixi,</em></strong></span> <span class='ocrx_word' id='word_1_909' title='bbox 3427 5609 3489 5660; x_wconf 91' lang='lat' dir='ltr'><strong><em>ut</em></strong></span> <span class='ocrx_word' id='word_1_910' title='bbox 3520 5610 3718 5662; x_wconf 92' lang='lat' dir='ltr'><strong><em>osten-</em></strong></span> 
     </span>
    </p>
   </div>
   <div class='ocr_carea' id='block_1_124' title="bbox 2065 5697 3716 5774">
    <p class='ocr_par' dir='ltr' id='par_1_124' title="bbox 2065 5697 3716 5774">
     <span class='ocr_line' id='line_1_124' title="bbox 2065 5697 3716 5774; baseline -0.003 -15"><span class='ocrx_word' id='word_1_911' title='bbox 2065 5701 2269 5759; x_wconf 89' lang='lat' dir='ltr'><strong><em>derem</em></strong></span> <span class='ocrx_word' id='word_1_912' title='bbox 2298 5706 2592 5774; x_wconf 87' lang='lat' dir='ltr'><strong><em>quantum</em></strong></span> <span class='ocrx_word' id='word_1_913' title='bbox 2623 5711 2888 5770; x_wconf 87' lang='lat' dir='ltr'><strong><em>possem,</em></strong></span> <span class='ocrx_word' id='word_1_914' title='bbox 2923 5701 2978 5752; x_wconf 91' lang='lat' dir='ltr'><strong><em>et</em></strong></span> <span class='ocrx_word' id='word_1_915' title='bbox 3029 5703 3329 5769; x_wconf 89' lang='lat' dir='ltr'><strong><em>quantum</em></strong></span> <span class='ocrx_word' id='word_1_916' title='bbox 3366 5697 3716 5769; x_wconf 85' lang='lat' dir='ltr'><strong><em>opportuni-</em></strong></span> 
     </span>
    </p>
   </div>
  </div>
