4182 6198
318 187 462 242 2097

1647 193 1717 248 IN
1724 191 2004 249 CHOATA
2047 193 2137 249 EX
2148 194 2447 252 POSITIO.

3591 198 3732 253 2098

308 312 486 379 nerit,
511 311 635 370 sive
648 313 893 386 provisa
916 314 1006 382 sit,
1029 330 1150 372 non
1173 317 1526 388 pugnaciter
1553 318 1856 391 agendum
1887 321 1974 374 est
2082 321 2246 392 quod
2278 321 2502 378 dictum
2531 325 2638 387 est,
2672 320 2735 378 Si
2759 319 2884 393 quis
2915 320 3156 377 verbum
3207 320 3428 378 dixerit
3454 323 3730 379 adversus

311 404 372 456 ut
395 401 720 475 eiquisque
734 404 1086 474 consentiat,
1120 405 1226 462 sed
1250 410 1549 478 quantum
1577 409 1972 479 interpretané

311 488 382 545 tis
413 489 772 560 elegantiam
801 492 1068 549 hilaritas
1089 495 1385 551 audientis
1420 497 1699 552 admittit.

381 581 470 636 14.
494 579 642 636 Illud
676 596 821 637 sane
855 597 1078 654 magna
1103 583 1430 642 intentione
1478 586 1664 642 animi
1695 585 1968 642 conside-

309 667 569 724 randum
581 674 657 735 ,et
677 670 814 726 totis
828 671 1054 728 viribus
1073 674 1304 745 pietatis
1317 675 1800 748 amplectendum
1824 674 1965 730 satis

309 764 578 828 apparet,
612 759 904 831 quoniam
933 761 982 816 si
1022 763 1210 832 gratia
1241 767 1297 819 et
1335 780 1452 836 pax
1485 765 1561 820 ad
1593 763 1959 834 implendam

306 843 602 902 Trinitatis
622 852 1256 908 commemorationem
1281 854 1362 908 sic
1393 853 1470 909 ab
1491 853 1776 925 Apostolo
1800 853 1963 923 poni-

307 939 402 989 tur
424 950 495 991 ac
522 936 571 991 si
595 937 877 1009 Spiritum
895 944 1169 996 sanctum
1202 942 1570 999 nominasset
1604 941 1730 1011 ;ille
1755 945 1962 1013 peccat

306 1022 365 1078 in
402 1025 686 1096 Spiritum
729 1033 1028 1094 sanctum,
1053 1030 1155 1101 qui
1187 1031 1537 1102 desperans,
1570 1030 1661 1086 vel
1710 1031 1960 1086 irridens

308 1117 488 1185 atque
506 1121 897 1174 contemnens
911 1117 1398 1188 praedicationem
1415 1121 1619 1190 gratia:
1641 1136 1746 1193 per
1775 1135 1958 1191 quam

310 1204 914 1271 reconciliamurDeo,
947 1206 1228 1264 detrectat
1249 1224 1425 1278 agere
1452 1210 1856 1280 paenitentiam
1883 1210 1958 1265 de

309 1293 567 1362 peccatis
591 1295 735 1358 suis,
770 1295 906 1350 etin
935 1311 1143 1352 eorum
1191 1298 1377 1368 impia
1418 1304 1598 1371 atque
1657 1298 1959 1354 mortifera

306 1381 574 1450 quadam
601 1383 891 1440 suavitate
923 1385 1375 1456 perdurandum
1407 1387 1517 1442 sibi
1536 1403 1666 1443 esse
1693 1386 1958 1444 decernit

303 1473 357 1524 et
385 1469 445 1524 in
473 1470 657 1527 ﬁnem
695 1487 883 1545 usque
917 1474 1224 1545 perdurat.
1253 1474 1424 1542 Quod
1455 1491 1596 1547 ergo
1646 1475 1728 1532 ait
1761 1476 1955 1531 Domi-

307 1573 447 1623 nus,
479 1559 692 1616 dimitti
713 1559 963 1631 homini,
1004 1563 1052 1618 si
1093 1563 1338 1620 verbum
1394 1565 1607 1621 dixerit
1663 1565 1954 1621 adversus

303 1647 522 1704 Filium
553 1649 816 1706 hominis
850 1666 862 1707 :
898 1651 944 1706 si
977 1656 1178 1708 autem
1221 1653 1468 1709 verbum
1500 1654 1713 1710 dixerit
1750 1655 1956 1710 adver-

304 1752 408 1791 sus
441 1737 726 1809 Spiritum
759 1745 1056 1805 sanctum,
1087 1757 1210 1797 non
1237 1743 1288 1797 ei
1313 1742 1549 1810 dimitti,
1601 1759 1797 1816 neque
1837 1744 1952 1811 hic,

302 1840 500 1896 neque
529 1828 589 1883 in
621 1827 820 1886 futuro
847 1831 1079 1897 seculo,
1109 1831 1218 1888 sed
1246 1847 1416 1888 reum
1442 1848 1570 1888 esse
1596 1834 1796 1889 aeterni
1817 1849 1954 1906 pec-

303 1914 441 1981 cati,
470 1931 593 1972 non
623 1917 991 1990 negligenter
1032 1920 1408 1977 audiendum
1461 1927 1574 1980 est.
1624 1923 1954 1980 Constitua-

301 2019 438 2060 mus
466 2006 626 2061 enim
659 2006 919 2079 aliquem
949 2008 1148 2065 latinae
1191 2010 1411 2081 linguas
1461 2011 1758 2082 ignarum,
1813 2029 1951 2070 cum

298 2093 400 2149 illo
432 2093 710 2150 audiente
736 2098 1156 2166 pronuntiatus
1174 2099 1346 2156 fuerit
1371 2101 1448 2156 ab
1474 2100 1676 2173 aliquo
1701 2101 1951 2174 Spiritus

303 2185 570 2249 sanctus,
609 2199 874 2255 quaerere
906 2187 1052 2258 quid
1075 2203 1268 2243 rerum
1302 2189 1812 2260 signiﬁcetur’sub
1842 2192 1952 2247 isto

300 2270 674 2344 syllabarum
695 2290 846 2331 sono
884 2291 897 2342 ;
921 2275 1000 2331 ab
1026 2275 1231 2349 aliquo
1258 2283 1460 2334 autem
1492 2279 1810 2351 deceptore
1858 2280 1951 2336 vel

301 2359 541 2416 irrisore
572 2361 757 2433 impio
800 2365 1150 2436 responderi
1181 2366 1407 2439 aliquid
1430 2369 1610 2434 aliud,
1642 2369 1951 2441 quodlibet

299 2448 414 2504 vile
436 2454 493 2506 et
523 2450 846 2521 abjectum,
877 2459 940 2509 ut
968 2459 1336 2526 qumrentem
1376 2456 1652 2528 decipiat,
1701 2457 1872 2514 sicuti
1916 2475 1951 2515 a

297 2537 531 2594 talibus
560 2539 686 2596 ﬁeri
711 2540 858 2597 solet
886 2543 1118 2599 ridendi
1147 2544 1338 2615 gratia
1362 2545 1554 2613 ;illum
1615 2550 1814 2602 autem
1846 2563 1952 2618 per

308 2627 714 2697 ignorantiam
728 2632 1156 2704 contempsisse
1182 2632 1296 2690 hoc
1321 2648 1564 2699 nomen,
1589 2633 1734 2690 dum
1762 2636 1952 2691 nescit

297 2716 442 2787 quid
470 2716 781 2788 signiﬁcet,
825 2725 880 2775 et
936 2720 1143 2792 aliqua
1177 2722 1355 2778 etiam
1388 2722 1448 2777 in
1511 2723 1626 2778 hoc
1683 2724 1952 2780 convicia

291 2805 598 2877 jaetitasse
629 2822 640 2860 :
672 2808 974 2864 neminem
1023 2825 1157 2866 esse
1207 2810 1463 2866 arbitror
1489 2815 1609 2867 tam
1645 2828 1866 2867 vanum
1896 2818 1953 2868 et

295 2893 830 2967 inconsideratum,
857 2899 961 2970 qui
991 2899 1151 2954 hunc
1189 2899 1497 2956 hominem
1553 2899 1672 2956 ullo
1704 2901 1950 2957 crimine

295 2983 620 3055 impietatis
633 2993 930 3058 aspergat.
956 2991 1026 3042 At
1056 2992 1281 3054 contra,
1314 2989 1362 3042 si
1386 2988 1564 3044 tacito
1591 2990 1832 3045 nomine
1857 3006 1952 3045 res

297 3073 430 3144 ipsa
462 3073 658 3130 verbis
683 3076 905 3146 quibus
930 3081 1126 3147 potest
1155 3077 1235 3133 ad
1262 3078 1576 3149 quaerentis
1619 3078 1952 3148 intelligen-

298 3163 441 3218 tiam
458 3162 846 3234 perducatur,
863 3172 986 3220 tum
1016 3181 1154 3220 vero
1177 3165 1608 3223 contumeliose
1636 3167 1692 3222 in
1721 3171 1951 3224 tantam

299 3251 676 3307 sanctitatem
709 3253 798 3308 vel
820 3253 1001 3310 verba
1029 3253 1121 3309 vel
1151 3254 1308 3312 facta
1338 3255 1664 3326 protulerit,
1692 3272 1828 3312 reus
1870 3261 1953 3312 te-

298 3339 555 3396 nebitur.
576 3339 712 3408 Quae
739 3357 874 3396 cum
890 3343 970 3398 ita
995 3343 1519 3410 sint,manifestum
1535 3360 1662 3400 esse
1677 3345 1948 3411 arbitror,

300 3443 440 3485 eum
471 3429 576 3500 qui
608 3430 721 3485 hoc
738 3431 979 3486 nomine
995 3431 1220 3497 audito,
1241 3433 1423 3489 aliam
1449 3450 1558 3506 pro
1589 3434 1706 3490 alia
1725 3450 1850 3490 rem
1876 3435 1949 3490 si-

300 3515 572 3586 gniﬁcari
599 3519 892 3588 putaverit
915 3537 928 3586 ;
954 3525 1010 3576 et
1033 3519 1319 3577 adversus
1340 3538 1463 3578 eam
1495 3539 1620 3578 rem
1669 3539 1850 3594 quam
1872 3523 1952 3578 si-

301 3605 570 3676 gniﬁcari
592 3606 706 3662 hoc
739 3609 981 3666 nomine
1003 3610 1274 3677 credidit,
1293 3612 1542 3668 verbum
1561 3611 1772 3668 dixerit
1799 3627 1951 3668 :non

299 3696 462 3751 hunc
478 3696 563 3751 sic
575 3699 1212 3767 peccare,utadversus
1235 3701 1517 3772 Spiritum
1540 3705 1816 3757 sanctum
1830 3717 1951 3756 ver-

301 3784 451 3841 bum
463 3784 686 3842 dixisse
694 3786 1012 3857 judicetur.
1029 3791 1113 3844 lta
1128 3791 1444 3861 quoque,si
1459 3791 1778 3863 quisquam
1789 3806 1949 3862 quee-

303 3890 440 3931 rens
467 3874 616 3947 quid
633 3875 706 3930 sit
729 3877 981 3947 Spiritus
1017 3883 1280 3944 sanctus,
1330 3880 1538 3936 audiat
1558 3880 1635 3935 ab
1676 3880 1951 3952 imperito

300 3963 464 4020 hunc
481 3980 612 4020 esse
626 3964 840 4021 Filium
864 3967 959 4021 Dei
977 3981 1081 4037 per
1096 3983 1276 4039 quem
1293 3967 1446 4023 facta
1464 3969 1950 4041 suntomnia,qui

304 4054 485 4109 etiam
500 4055 1115 4126 certaopportunitate
1127 4057 1410 4128 temporis
1426 4058 1499 4112 de
1519 4057 1752 4128 Virgine
1774 4063 1949 4114 natus

306 4144 402 4208 sit,
429 4151 485 4199 et
515 4143 748 4199 occisus
762 4143 834 4200 sit
855 4160 891 4199 a
919 4143 1162 4208 Judaeis,
1195 4149 1252 4201 et
1299 4147 1698 4212 resurrexerit,
1731 4147 1951 4218 quibus

305 4231 632 4288 auditisvel
664 4238 840 4302 neget
866 4233 956 4288 vel
980 4233 1221 4290 irrideat
1243 4249 1375 4306 quae
1429 4234 1587 4290 dicta
1638 4241 1950 4292 suntznon

305 4336 445 4376 eum
462 4322 545 4377 sic
568 4322 749 4377 teneri
762 4323 1098 4393 putandum
1114 4328 1218 4388 est,
1237 4338 1306 4378 ac
1329 4322 1376 4378 si
1409 4322 1655 4380 verbum
1669 4324 1952 4379 adversus

307 4411 594 4482 Spiritum
622 4416 897 4467 sanctum
914 4411 1128 4468 dixerit
1157 4431 1169 4479 ;
1207 4412 1313 4468 sed
1327 4413 1524 4483 potius
1546 4412 1836 4469 adversus
1859 4412 1954 4468 Fi-

302 4499 451 4554 lium
476 4499 594 4566 Dei,
627 4499 716 4556 vel
732 4500 939 4556 Filium
965 4501 1245 4566 hominis,
1270 4501 1487 4557 sicutet
1515 4502 1716 4558 vocari
1732 4505 1790 4557 et
1824 4517 1953 4558 esse

302 4589 585 4658 dignatus
601 4595 706 4646 est.
735 4593 859 4646 Non
882 4590 1042 4646 enim
1067 4591 1212 4663 quid
1234 4592 1308 4647 sit
1332 4591 1605 4663 imperito
1627 4607 1732 4665 per
1745 4607 1953 4649 vocem

303 4678 701 4750 propositum,
734 4679 839 4736 sed
861 4695 965 4752 per
990 4680 1279 4736 rationem
1297 4683 1658 4752 expositum,
1687 4683 1955 4740 conside-

303 4767 566 4823 randum
598 4774 704 4823 est.
732 4769 878 4834 Quia
907 4768 1002 4824 ille
1028 4785 1166 4824 cum
1195 4770 1518 4827 maledicta
1565 4772 1871 4843 proferret,
1900 4770 1954 4826 ei

305 4856 507 4927 utique
534 4856 928 4913 maledicebat
955 4873 1136 4930 quem
1160 4857 1700 4914 sibienarratumin
1729 4860 1957 4927 cogita-

304 4945 461 5001 tione
484 4945 841 5002 intuebatur.
862 4946 1174 5011 Quodlibet
1194 4951 1393 5002 autem
1409 4953 1737 5016 vocaretur,
1757 4953 1957 5004 utrum

302 5033 541 5106 resipsa
557 5035 916 5103 veneranda,
931 5051 1007 5090 an
1021 5035 1323 5105 neganda,
1356 5037 1449 5092 vel
1461 5037 1858 5108 vituperanda
1871 5052 1959 5092 es.

300 5123 531 5187 set,hoc
542 5123 842 5195 quaeritur.
855 5127 970 5181 Hoc
985 5125 1168 5181 modo
1181 5126 1360 5181 etiam
1375 5125 1419 5180 si
1433 5125 1717 5198 quispiam
1732 5130 1962 5197 quaerat

301 5212 440 5284 quis
456 5212 706 5268 sitJesus
724 5213 981 5269 Christus
1002 5219 1083 5279 ;et
1097 5230 1168 5270 ea
1180 5215 1470 5287 quaerenti
1483 5214 1962 5286 respondeantur

301 5317 438 5374 quin
459 5317 583 5356 non
614 5302 674 5357 in
706 5302 912 5358 Filium
931 5305 1050 5369 Dei,
1078 5303 1184 5359 sed
1213 5305 1408 5375 potius
1435 5305 1492 5359 in
1513 5303 1797 5375 Spiritum
1826 5319 1962 5360 san-

302 5397 468 5447 ctum
499 5392 878 5458 conveniunt,
913 5393 1134 5465 quibus
1165 5393 1387 5449 auditis
1416 5393 1508 5448 ille
1536 5393 1914 5464 blasphemet
1943 5407 1960 5446 :

303 5496 424 5536 non
458 5481 658 5552 utique
671 5480 960 5538 adversus
976 5482 1206 5544 Filium,
1235 5482 1339 5539 sed
1366 5482 1652 5539 adversus
1681 5481 1963 5553 Spiritum

307 5574 583 5627 sanctum
617 5569 869 5626 verbum
897 5571 1119 5627 dixisse
1153 5571 1466 5629 tenebitur.

388 5698 471 5754 15.
500 5696 616 5753 Sed
634 5697 682 5753 si
704 5696 1036 5754 transitoria
1061 5713 1129 5753 ac
1151 5695 1524 5766 negligenter
1535 5695 1966 5754 attenderimus

2076 410 2370 478 Spiritum
2400 417 2693 477 sanctum,
2725 426 2843 465 non
2873 409 3204 466 remittetur
3228 409 3297 472 ei,
3330 425 3516 481 neque
3535 414 3596 467 in
3621 413 3730 468 hoc

2075 502 2310 566 sweulo,
2327 516 2510 571 neque
2523 502 2582 555 in
2600 500 2812 569 futuro
2827 499 3063 567 (Matth.
3085 499 3181 560 xxi,
3199 500 3308 569 32);
3326 501 3460 570 quis
3477 500 3728 555 inveniri

2075 590 2288 659 poterit
2313 590 2408 645 cui
2429 590 2660 645 veniam
2675 592 3055 660 peccatorum
3069 587 3296 642 dederit
3314 591 3499 644 Deus?
3513 591 3658 644 Nam
3675 592 3729 643 et

2071 677 2289 749 Pagani
2310 680 2414 750 qui
2441 678 2839 750 appellantur,
2866 676 3045 731 etiam
3076 692 3237 732 nunc
3260 681 3444 732 totam
3461 681 3727 732 nostram

2071 766 2439 838 religionem,
2470 768 2744 840 quiajam
2772 767 2925 821 ferro
2938 769 2993 820 et
3015 766 3280 821 caedibus
3313 767 3725 838 prohibentur,

2069 856 2400 912 maledictis
2435 855 2930 926 contumeliisque
2953 854 3312 910 insectantur
3333 872 3344 920 ;
3362 861 3415 910 et
3432 855 3729 927 quidquid

2068 944 2141 1000 de
2171 945 2590 1016 ipsaTrinitate
2619 945 2893 1008 dicimus,
2928 944 3206 1012 negando
3236 944 3728 1014 etblaspheman-

2067 1033 2146 1090 do
2178 1041 2588 1090 contemnunt.
2623 1038 2748 1090 Non
2769 1033 2927 1088 enim
2947 1032 3250 1103 excipiunt
3291 1032 3402 1087 sibi
3441 1033 3726 1103 Spiritum

2063 1129 2338 1180 sanctum
2368 1141 2551 1196 quem
2566 1127 3006 1186 venerentur,ut
3021 1123 3077 1176 in
3092 1127 3307 1177 caetera
3322 1122 3569 1177 saeviant
3592 1144 3602 1186 ;
3621 1122 3725 1177 sed

2066 1211 2322 1268 simulad
2333 1229 2537 1268 versus
2549 1212 2756 1267 omnia
2767 1225 3164 1283 quaecumque
3181 1210 3426 1266 sollicite
3444 1213 3460 1246 ¹
3478 1211 3550 1266 de
3564 1211 3718 1268 trina

2065 1301 2160 1356 Dei
2183 1302 2488 1371 majestate
2517 1300 2841 1370 loquimur,
2866 1305 3094 1371 quanto
3116 1303 3371 1370 possunt
3398 1299 3722 1356 furoreim-

2064 1391 2297 1461 pietatis
2312 1389 2626 1444 oblatrant.
2640 1390 2776 1443 Nam
2791 1403 2985 1458 neque
2999 1388 3070 1441 de
3084 1388 3209 1459 ipso
3228 1391 3342 1443 Deo
3360 1387 3528 1444 Patre
3541 1389 3727 1458 digna

2063 1479 2342 1544 sentiunt,
2376 1494 2556 1550 quem
2586 1478 2801 1550 partim
2836 1478 3071 1547 penitus
3109 1481 3352 1548 negant,
3389 1478 3608 1547 partim
3637 1478 3726 1532 sic

2061 1567 2335 1633 fatentur,
2355 1573 2416 1622 ut
2440 1567 2513 1622 de
2539 1566 2638 1622 illo
2663 1566 2810 1621 falsa
2827 1564 3134 1634 ﬁngendo,
3151 1580 3275 1619 non
3301 1564 3508 1636 utique
3531 1565 3722 1629 illum,

2063 1657 2167 1712 sed
2183 1673 2291 1713 sua
2305 1657 2591 1727 ﬁgmenta
2604 1654 3163 1710 venerentur.Multo
3186 1653 3381 1722 magis
3396 1667 3537 1722 ergo
3557 1653 3726 1724 quod

2062 1745 2135 1800 de
2151 1745 2293 1800 Filio
2313 1746 2430 1811 Dei,
2453 1745 2543 1799 vel
2566 1744 2639 1799 de
2657 1745 2871 1815 Spiritu
2891 1747 3100 1799 sancto
3116 1742 3394 1805 dicimus,
3412 1758 3520 1797 suo
3537 1743 3725 1814 impio

2062 1850 2222 1890 more
2243 1834 2532 1901 deridere,
2553 1849 2737 1904 quam
2759 1838 2958 1888 nostra
2973 1832 3072 1904 pia
3089 1832 3366 1887 societate
3387 1831 3578 1887 colere
3599 1847 3724 1888 ma-

2059 1924 2315 1980 luerunt.
2350 1925 2510 1990 Quos
2539 1928 2761 1989 tamen,
2793 1926 3089 1994 quantum
3125 1937 3470 1993 possumus,
3503 1921 3725 1976 adhor-

2059 2019 2257 2071 tamur
2283 2015 2358 2070 ad
2387 2013 2688 2070 Christum
2740 2011 3249 2082 cognoscendum,
3283 2017 3339 2068 et
3376 2028 3481 2084 per
3523 2012 3724 2083 ipsum

2057 2107 2284 2160 Patrem
2320 2107 2505 2158 Deum
2537 2109 2578 2170 ²,
2612 2117 2972 2174 summoque
2997 2105 3052 2156 et
3075 2116 3213 2156 vero
3245 2101 3588 2172 Imperatori
3619 2101 3724 2155 mi-

2057 2192 2354 2248 litandum
2385 2207 2516 2247 esse
2547 2191 2904 2255 suademus;
2939 2204 3162 2260 eosque
3192 2189 3497 2261 promissa
3527 2189 3724 2260 impu-

2058 2281 2238 2337 nitate
2251 2281 2684 2353 praeteritorum
2699 2279 2970 2335 omnium
2986 2282 3369 2350 peccatorum
3389 2278 3715 2334 invitamus

2056 2371 2132 2427 ad
2164 2370 2368 2426 ﬁdem.
2399 2371 2528 2436 Qua
2552 2370 2612 2424 in
2645 2384 2706 2424 re
2732 2367 3264 2438 satisjudicamus,
3291 2368 3469 2422 etiam
3501 2367 3546 2420 si
3574 2366 3721 2437 quid

2057 2460 2342 2516 adversus
2365 2459 2648 2530 Spiritum
2675 2457 3023 2513 sanctumin
3037 2472 3144 2511 sua
3168 2455 3455 2524 sacrilega
3479 2470 3719 2526 supers-

2053 2549 2256 2605 titione
2295 2548 2596 2618 dixerunt,
2647 2562 2784 2601 cum
2817 2544 3123 2600 christiani
3157 2543 3294 2600 facti
3321 2543 3564 2607 fuerint,
3594 2544 3720 2599 sine

2055 2637 2176 2693 ulla
2197 2636 2449 2704 caligine
2473 2635 2864 2690 dubitationis
2885 2633 3133 2705 ignosci.
3152 2633 3339 2688 Judaei
3354 2647 3494 2687 vero
3507 2633 3719 2704 quales

2052 2726 2344 2783 adversus
2377 2725 2664 2796 Spirttum
2716 2727 2989 2778 sanctum
3023 2720 3260 2789 fuerint,
3290 2722 3449 2776 testis
3479 2727 3569 2776 est
3602 2723 3719 2778 Ste-

2052 2814 2314 2886 phanus,
2343 2827 2526 2884 quem
2557 2812 2688 2882 ipso
2722 2810 2942 2881 Spiritu
2970 2813 3178 2865 sancto
3205 2809 3450 2880 plenum
3489 2809 3720 2880 lapida-

2051 2908 2281 2959 verunt,
2315 2917 2452 2957 cum
2483 2900 2582 2956 illa
2599 2900 2807 2955 omnia
2823 2915 2958 2972 quae
2986 2899 3044 2953 in
3073 2914 3172 2953 eos
3195 2898 3361 2962 dixit,
3388 2899 3521 2968 ipse
3543 2898 3723 2969 Spiri-

2055 2997 2146 3046 tus
2172 2990 2402 3045 dixerit.
2427 2989 2487 3043 In
2516 2989 2736 3060 quibus
2757 2988 2952 3042 verbis
2980 2987 3353 3058 apertissime
3377 2986 3603 3042 dictum
3631 2991 3719 3043 est

2053 3079 2295 3142 Iudaeis,
2334 3079 2439 3134 Vos
2461 3092 2682 3148 semper
2705 3076 3000 3132 restitistis
3024 3075 3282 3144 Spiritui
3305 3081 3514 3131 sancto
3553 3076 3713 3147 (Act.

2054 3181 2175 3233 vui,
2203 3169 2311 3236 51).
2341 3168 2405 3221 In
2431 3165 2529 3221 illo
2561 3171 2764 3222 tamen
2787 3179 3038 3220 numero
3067 3164 3414 3219 Iudaeorum
3449 3165 3718 3220 resisten-

2056 3255 2206 3312 tium
2237 3255 2475 3328 Spiritui
2531 3259 2762 3319 sancto,
2797 3259 2852 3308 et
2886 3268 3008 3307 non
3039 3252 3113 3307 ob
3145 3252 3308 3307 aliud
3337 3252 3714 3322 Stephanum

2062 3362 2162 3403 vas
2174 3346 2323 3417 ejus,
2344 3345 2460 3400 nisi
2473 3343 2637 3417 quod
2664 3343 2790 3414 ipse
2805 3357 2875 3397 eo
2891 3340 3105 3412 plenus
3120 3345 3265 3405 erat,
3291 3339 3689 3411 lapidantium
3701 3387 3715 3410 ,

2055 3437 2234 3491 etiam
2261 3435 2480 3490 Paulus
2508 3431 2820 3505 apostolus
2852 3434 2996 3494 erat,
3026 3431 3087 3485 in
3132 3429 3413 3484 manibus
3444 3429 3720 3484 omnium

2063 3539 2322 3597 quorum
2342 3523 2700 3578 vestimenta
2713 3519 3017 3576 servabat:
3042 3518 3206 3591 quod
3228 3519 3354 3588 ipse
3377 3517 3488 3572 sibi
3511 3523 3720 3589 postea

2061 3613 2244 3669 etiam
2275 3612 2619 3683 paenitendo
2677 3609 3008 3680 increpitat,
3043 3622 3108 3662 eo
3153 3607 3288 3676 ipso
3318 3604 3538 3677 Spiritu
3585 3606 3718 3676 jam

2062 3701 2471 3774 plenissimus,
2499 3700 2593 3755 cui
2628 3699 2819 3771 primo
2870 3695 3260 3752 inanissimus
3310 3693 3640 3758 resistebat,
3665 3697 3722 3751 et

2062 3793 2310 3863 paratus
2336 3790 2463 3860 jam
2494 3787 2748 3860 lapidari
2795 3801 2904 3858 pro
2961 3784 3180 3840 talibus
3213 3782 3413 3848 dictis,
3445 3782 3718 3855 qualium

2062 3878 2513 3952 praedicatorem
2545 3877 2670 3948 ipse
2697 3875 3087 3948 lapidaverat.
3124 3872 3277 3937 Quid
3309 3871 3667 3928 Samaritani
3689 3870 3718 3925 τ

2061 3983 2260 4025 nonne
2279 3966 2361 4022 ita
2384 3966 2841 4038 Spirituisancto
2864 3963 3277 4027 adversantur,
3297 3961 3566 4032 utipsam
3590 3975 3722 4032 pro-

2061 4057 2324 4128 phetiam
2341 4057 2575 4128 penitus
2588 4057 2876 4110 conentur
2901 4052 3296 4121 exstinguere,
3313 4066 3447 4123 quae
3469 4065 3576 4122 per
3598 4049 3724 4121 Spi-

2059 4135 2239 4202 ritum
2268 4149 2543 4201 sanctum
2558 4144 2891 4200 ministrata
2904 4143 3031 4197 est?
3048 4142 3313 4206 Quorum
3329 4145 3529 4194 tamen
3544 4137 3722 4194 saluti

2061 4220 2120 4290 et
2147 4235 2274 4306 ipse
2302 4235 2591 4290 Dominus
2623 4236 2959 4296 attestatur,
2988 4231 3048 4286 in
3080 4245 3150 4285 eo
3172 4229 3274 4300 qui
3301 4227 3374 4282 de
3407 4227 3615 4281 decem
3643 4227 3724 4281 le-

2063 4323 2257 4395 prosis
2279 4323 2584 4378 mundatis
2599 4323 2763 4377 solus
2779 4336 3051 4376 reversus
3069 4322 3156 4374 est
3177 4323 3237 4372 ut
3257 4320 3456 4386 ageret
3476 4315 3720 4384 gratias,

2062 4427 2200 4468 cum
2231 4416 2388 4468 esset
2418 4411 2828 4467 Samaritanus
2857 4411 3020 4480 (Luc.
3054 4405 3447 4474 xvni,15,16);
3483 4403 3724 4459 etinilla

2063 4501 2331 4566 muliere,
2391 4515 2530 4555 cum
2570 4514 2693 4570 qua
2721 4483 2799 4554 ad
2831 4501 3079 4568 puteum
3111 4498 3277 4550 sexta
3305 4493 3455 4548 hora
3484 4491 3721 4546 locutus

2064 4596 2169 4656 est,
2199 4590 2289 4644 vel
2321 4589 2405 4644 eis
2437 4588 2540 4659 qui
2570 4602 2676 4658 per
2705 4586 2866 4642 illam
2899 4583 3279 4639 crediderunt
3337 4581 3530 4650 (Joan.
3589 4596 3665 4646 1v,
3691 4581 3722 4633 7

2063 4683 2174 4747 42).
2205 4679 2342 4733 Post
2369 4675 2601 4731 Domini
2629 4678 2828 4730 autem
2851 4671 3284 4732 ascensionem,
3313 4669 3460 4723 sicut
3481 4669 3540 4722 in
3571 4668 3722 4724 Acti-

2063 4769 2177 4824 bus
2200 4764 2620 4838 Apostolorum
2635 4763 2920 4835 scriptum
2939 4765 3049 4824 est,
3074 4763 3301 4831 quanta
3326 4757 3720 4824 gratulatione

2065 4861 2407 4914 sanctorum
2434 4853 2640 4924 recipit
2666 4851 2934 4908 Samaria
2961 4849 3211 4904 verbum
3243 4847 3340 4902 Dei
3363 4847 3389 4894 ‘7
3417 4847 3724 4902 Simonem

2065 4960 2307 5019 quoque
2337 4959 2586 5014 magum
2631 4957 2890 5013 arguens
2944 4942 3145 4994 Petrus
3175 4936 3502 5008 apostolus,
3555 4934 3721 5006 quod

2066 5041 2189 5092 tam
2211 5034 2367 5091 male
2401 5033 2474 5088 de
2507 5031 2723 5103 Spiritu
2751 5033 2957 5085 sancto
2990 5025 3258 5090 senserit,
3295 5030 3356 5080 ut
3387 5039 3524 5079 eum
3549 5037 3725 5078 vena-

2067 5125 2183 5180 lem
2206 5130 2423 5195 putans
2441 5121 2696 5193 pecunia
2717 5119 2831 5174 sibi
2855 5115 3182 5173 emendum
3200 5112 3538 5186 poposcerit
3563 5127 3576 5176 ;
3599 5125 3724 5167 non

2068 5212 2361 5269 tamenita
2385 5210 2570 5266 deillo
2587 5207 2946 5280 desperavit,
2965 5210 3026 5260 ut
3047 5203 3452 5258 veniaelocum
3480 5198 3714 5256 nullum

2065 5301 2454 5372 relinqueret:
2489 5313 2632 5353 nam
2663 5296 2919 5365 benigne
2951 5294 3131 5348 etiam
3153 5295 3213 5345 ut
3244 5305 3382 5344 eum
3406 5287 3722 5360 paeniteret

2070 5387 2384 5447 admonuit
2412 5388 2569 5458 (Act.
2604 5400 2720 5450 vui,
2746 5388 2796 5454 9,
2818 5383 2929 5454 22).
2964 5381 3101 5452 Ipsa
3129 5378 3388 5449 denique
3417 5376 3720 5432 catholica

2133 5640 2150 5705 ξ
2185 5637 2474 5705 Yaticanus
2492 5634 2609 5705 his,
2635 5644 2955 5705 quiscumque
2984 5630 3044 5678 de
3057 5628 3471 5705 triparnomisso,
3489 5626 3726 5678 sollicito.

2134 5703 2152 5733 ³
2184 5702 2477 5750 Vaticanus
2501 5692 2658 5754 Mss,
2680 5700 2724 5745 et
2746 5711 2839 5758 per
2867 5692 3035 5758 ipsum
3051 5693 3205 5743 Patri
3222 5692 3322 5746 Deo
3353 5705 3662 5754 summoque.
