2060 3101
255 83 326 112 2099

252 145 390 174 Ecclesiae
404 146 467 174 tam
483 143 610 181 insignis
641 138 813 178 auctoritas,
838 152 904 181 qua
929 145 959 173 in
974 144 1082 173 eodem

253 190 335 219 dono
346 190 471 226 Spiritus
485 189 722 218 sanctiomnium
734 191 905 218 sanctorum
915 191 1010 218 mater
1020 191 1081 217 toto

252 234 382 263 fecunda
394 234 466 262 orbe
482 234 669 267 diffunditur,
684 234 731 262 cui
741 241 874 270 unquam
885 234 1025 262 haeretica
1035 233 1082 262 vel

254 279 445 307 schismatico
462 287 547 315 spem
564 278 758 312 liberationis,
777 279 846 307 sise
863 279 1003 314 corrigat,
1019 286 1081 307 am-

253 323 372 360 putavit
386 323 400 352 ?
414 323 459 351 cui
475 323 613 359 placandi
629 323 679 351 Dei
703 323 818 351 aditum
833 323 938 351 clausit
952 324 1081 351 7Nonne

254 375 359 397 omnes
372 368 411 396 ad
427 368 521 396 ubera
531 376 596 400 sua,
608 376 676 404 quae
688 368 817 403 superbo
827 368 945 396 fastidio
958 368 1082 404 relique-

251 414 332 444 runt,
345 420 413 440 cum
429 412 570 448 lacrymis
581 413 725 440 revocat?
738 413 809 445 Quis
818 420 886 441 vero
899 412 942 441 vel
954 413 991 440 de
1003 413 1082 448 prin-

254 456 380 493 cipibus,
396 456 443 484 vel
453 457 490 484 de
505 456 645 492 gregibus
668 457 876 485 haereticorum
898 457 1044 486 invenitur
1059 458 1079 490 ί,

253 500 305 537 qui
317 508 378 528 non
393 500 567 528 adversetur
580 501 699 536 Spiritui
715 502 840 530 sancto?
851 502 909 530 Nisi
921 502 995 530 forte
1003 502 1083 538 quis-

252 553 345 581 quam
360 546 422 573 tam
433 553 571 581 perverse
587 546 685 577 sentit,
695 548 726 574 ut
743 546 903 574 arbitretur
911 554 980 574 eum
990 546 1082 575 teneri

253 597 337 617 reum
350 589 401 625 qui
417 589 561 617 adversus
573 590 714 625 Spiritum
727 593 866 618 sanctum
881 591 994 627 aliquid
1003 590 1083 619 dixe-

252 633 380 667 rit;eum
387 641 457 662 vero
465 634 516 670 qui
530 634 677 662 adversus
688 635 831 670 Spiritum
840 638 978 664 sanctum
988 636 1083 664 multa

252 677 362 709 fecerit,
372 686 433 706 non
446 678 547 706 teneri.
557 679 578 711 Q
585 678 612 706 ui
619 681 722 707 autem
731 681 814 707 tanta
822 679 971 707 evidentia
979 682 1084 708 contra

253 722 397 758 Spiritum
409 725 548 750 sanctum
560 725 707 758 pugnant,
719 731 812 759 quam
821 723 860 751 illi
874 724 925 760 qui
937 724 1082 752 adversus

253 766 390 794 Ecclesiae
406 774 511 802 pacem
527 767 751 803 superbissimis
764 769 1005 797 contentionibus
1030 777 1084 797 saa-

253 810 338 838 viunt
349 810 363 838 Ῡ
377 811 434 839 Sed
451 811 475 838 si
489 811 526 839 de
540 812 639 839 verbis
653 812 779 848 quaestio
795 815 849 846 est,
864 821 966 849 quaero
981 816 1082 842 utrum

252 855 326 883 nihil
340 855 441 883 dicant
455 855 600 884 adversus
615 857 758 892 Spiritum
774 860 923 890 sanctum,
947 866 1015 886 cum
1033 858 1083 887 alii

253 906 334 934 eum,
347 900 426 936 quod
435 900 473 928 ad
483 900 584 936 ipsum
595 901 716 937 proprie
730 902 866 937 pertinet,
883 903 1007 931 omnino
1021 910 1082 931 non

253 951 318 971 esse
331 946 502 972 asseverant
518 954 526 979 ;
542 945 595 973 sed
611 945 651 973 ita
662 953 726 973 esse
737 954 831 975 unum
848 948 950 979 Deum,
964 950 995 975 ut
1003 947 1082 976 idem

252 988 315 1023 ipse
322 988 497 1021 Pater,idem
504 990 566 1025 ipse
573 989 670 1023 Filius,
678 990 753 1018 idem
760 991 824 1026 ipse
832 991 955 1027 Spiritus
962 994 1083 1020 sanctus

253 1032 419 1068 appelletur
431 1033 483 1069 (a).
506 1033 560 1061 Alii
570 1034 848 1071 fateanturquidem
859 1043 922 1063 esse
939 1036 1083 1072 Spiritum

255 1079 410 1112 sanctum;
421 1077 473 1105 sed
483 1077 630 1114 aequalem
639 1078 720 1112 Filio,
730 1079 774 1107 vel
781 1080 905 1108 omnino
917 1088 982 1108 esse
991 1082 1083 1108 Deum

253 1122 362 1155 negent
376 1121 430 1157 (b).
442 1121 496 1149 Alii
506 1129 596 1151 unam
612 1123 736 1159 quidem
750 1126 779 1152 et
789 1123 927 1153 eamdem
934 1125 1084 1153 Trinitatis

254 1165 453 1194 substantiam
464 1173 528 1194 esse
545 1166 702 1200 fateantur,
718 1168 770 1196 sed
781 1168 818 1196 de
831 1169 896 1205 ipsa
905 1169 1007 1198 divina
1016 1170 1084 1198 sub-

254 1209 361 1238 stantia
376 1212 437 1238 tam
453 1210 544 1246 impie
559 1211 697 1244 sentiant,
711 1215 741 1240 ut
751 1220 818 1241 eam
835 1214 1082 1242 commutabilem

254 1256 282 1282 et
296 1254 519 1290 corruptibilem
535 1258 639 1291 putent
653 1257 828 1293 ;ipsumque
843 1258 985 1294 Spiritum
999 1267 1084 1287 sanc-

255 1301 328 1331 tum,
345 1307 436 1334 quem
450 1299 593 1328 Dominus
609 1300 767 1336 discipulis
782 1310 813 1330 se
838 1302 1000 1330 missurum
1017 1311 1082 1331 esse

249 1342 397 1377 promisit,
413 1351 474 1371 non
489 1344 743 1381 quinquagesimo
760 1346 808 1373 die
823 1350 891 1382 post
905 1347 970 1382 ejus
984 1355 1083 1376 resur-

249 1387 423 1420 rectionem,
440 1388 516 1416 sicut
530 1388 741 1424 Apostolorum
760 1392 833 1418 Acta
855 1393 999 1420 testantur
1021 1393 1081 1428 (1d.

249 1439 279 1464 ιι,
291 1431 358 1466 1-4),
375 1431 427 1459 sed
437 1434 504 1467 post
513 1435 662 1461 trecentos
678 1433 738 1462 fere
750 1442 846 1463 annos
862 1444 914 1472 per
926 1436 1081 1466 hominem

249 1475 366 1503 venisse
374 1475 548 1514 conﬁngant
559 1477 608 1514 (ρ).
619 1477 673 1505 Alii
685 1479 821 1507 similiter
829 1480 994 1509 adventum
1005 1482 1079 1518 ejus,

249 1526 341 1556 quem
356 1522 503 1555 tenemus,
520 1524 645 1556 negent;
659 1525 687 1551 et
699 1531 715 1551 c
722 1531 772 1552 um
779 1525 940 1561 prophetas
954 1526 983 1554 in
992 1526 1082 1563 Phry-

250 1563 310 1600 gia,
318 1572 371 1599 per
378 1572 451 1601 quos
461 1566 544 1594 tanto
554 1567 811 1603 postloqueretur,
824 1569 948 1605 elegisse
960 1574 1080 1599 conten-

250 1608 323 1637 dant
336 1608 390 1645 (d).
404 1609 457 1637 Alii
469 1610 662 1640 Sacramenta
675 1612 700 1648 ej
709 1620 746 1640 us
768 1614 935 1648 exsufﬂent,
947 1617 975 1643 et
987 1615 1082 1652 bapti-

250 1655 331 1681 zatos
346 1653 377 1681 in
392 1654 514 1682 nomine
538 1655 645 1689 Patris,
662 1658 691 1684 et
709 1657 781 1690 Filii,
798 1660 824 1686 et
836 1659 960 1694 Spiritus
975 1661 1080 1693 sancti,

249 1696 348 1726 denuo
369 1698 522 1734 baptizare
535 1707 597 1727 non
612 1700 751 1729 dubitent
765 1701 812 1738 (e).
830 1703 886 1731 Sed
906 1711 943 1731 ne
956 1712 1080 1740 pergam

250 1749 304 1778 per
316 1742 521 1780 singula,quse
537 1745 857 1779 suntinnumerabilia,
875 1747 921 1776 his
932 1751 1009 1777 certe
1023 1757 1085 1777 om-

250 1787 341 1815 nibus
354 1796 432 1824 quos
438 1796 492 1825 pro
506 1791 640 1826 tempore
650 1790 875 1828 breviterattigi,
888 1793 926 1821 ad
939 1801 1083 1830 sponsam

250 1830 356 1860 Christi
376 1832 579 1870 redeuntibus,
597 1837 625 1863 et
639 1842 778 1864 errorem
794 1839 883 1873 atque
898 1838 1084 1873 impietatem

250 1876 425 1912 paenitendo
431 1877 659 1913 damnantibus,
671 1880 757 1908 nulla
767 1881 912 1910 catholica
924 1882 1085 1919 disciplina

250 1920 424 1954 negandam
448 1922 584 1950 Ecclesiae
611 1930 728 1959 pacem,
745 1927 774 1953 et
787 1925 956 1955 claudenda
970 1928 1085 1956 viscera

251 1963 462 1993 misericordia
476 1966 635 2001 judicavit.

287 2034 331 2062 16.
355 2035 441 2067 Quod
456 2035 480 2063 si
495 2035 662 2073 quisquam
690 2039 761 2066 tunc
776 2041 861 2075 putat
883 2041 1009 2070 verbum
1024 2041 1084 2075 dic!

251 2078 398 2107 adversus
408 2080 550 2116 Spiritum
566 2083 716 2115 sanctum,
737 2091 806 2111 cum
820 2084 859 2112 ab
873 2092 908 2113 eo
919 2085 1025 2114 dicitur
1035 2088 1083 2117 cui

249 2123 313 2159 jam
324 2131 376 2160 per
383 2124 567 2160 Baptismum
581 2125 706 2155 dimissa
718 2130 787 2156 sunt
800 2131 935 2164 peccata;
950 2131 1083 2160 attendat

249 2175 305 2196 nec
318 2169 426 2197 talibus
441 2177 494 2206 per
509 2170 644 2199 Ecclesiae
659 2172 851 2202 sanctitatem
866 2174 974 2202 auferri
989 2176 1082 2210 poeni-

251 2212 350 2241 tentiae
364 2213 475 2242 locum.
500 2214 527 2242 Si
545 2215 627 2243 enim
643 2218 806 2252 propterea
825 2218 918 2246 credit
931 2227 991 2247 non
1016 2220 1081 2249 dari

249 2258 372 2286 veniam
381 2259 491 2295 ei,quia
498 2260 593 2295 gratia
604 2260 672 2289 ﬁdei
681 2262 940 2300 Sacramentisque
947 2264 1080 2293 ﬁdelium

249 2301 313 2336 jam
326 2304 473 2339 perceptis
486 2311 547 2332 non
563 2307 659 2341 potest
667 2305 726 2334 dici
742 2314 882 2342 peccasse
895 2308 1078 2344 ignorantia:

250 2345 352 2374 videat
366 2347 457 2375 aliam
472 2355 595 2377 causam
611 2357 688 2384 esse,
707 2358 777 2379 cum
801 2352 909 2381 dicitur
923 2355 1080 2390 propterea

251 2396 313 2418 non
324 2389 523 2428 ignosci,quia
529 2393 772 2429 nonignorantise
783 2398 914 2432 tempore
922 2389 1078 2433 peccatum

252 2436 296 2463 est
303 2443 309 2468 ;
316 2435 442 2463 etaliam
448 2444 571 2465 causam
582 2445 656 2471 esse,
666 2446 735 2467 cum
742 2439 848 2468 dicitur
854 2444 1012 2477 propterea
1018 2451 1079 2471 non

248 2479 377 2513 innosci,
401 2480 473 2516 quia
501 2481 627 2511 verbum
655 2483 728 2512 dixit
760 2484 904 2513 adversus
937 2486 1077 2522 Spiritum

251 2527 400 2553 sanctum.
415 2524 445 2553 Si
458 2525 538 2554 enim
551 2525 615 2555 sola
625 2526 793 2562 ignorantia
804 2529 924 2558 veniam
937 2534 1076 2566 meretur,

281 2639 288 2655 ¹
306 2639 382 2668 Editi,
402 2640 430 2664 (le
448 2641 548 2671 regibus
567 2641 743 2667 hereticorum
761 2643 934 2672 inveniretur.
956 2646 989 2671 At
1007 2647 1077 2672 Vati-

249 2672 447 2730 ααῖιιῖεδὶίῗηηιζρ
461 2674 578 2708 gregibus
594 2673 771 2699 hereticorum
782 2675 951 2701 inveniretur.

292 2710 306 2723 ll
354 2710 367 2726 ll
381 2712 401 2725 Μ·
426 2711 487 2728 lillll.

292 2708 316 2725 ιι)
336 2708 487 2728 δίΙῙΝΗιὶΠΗ.

282 2732 315 2791 ξω
334 2734 433 2758 Ariani.

292 2764 313 2789 ι)
335 2764 433 2788 Manicl.

292 2764 313 2789 ι)
335 2764 479 2789 Maniclmgi.

246 2808 249 2809 ν
283 2793 319 2827 td)
336 2795 525 2827 galaphryges,

281 2824 314 2855 (θ)
337 2824 489 2851 Donatistis:

756 80 940 111 EPISTOLE
961 82 1008 110 AD
1026 80 1214 114 ROMANOS,
1235 80 1265 108 S.
1286 80 1478 109 AUGUSTlNl

1881 82 1941 112 2100

1148 146 1177 172 et
1191 144 1361 179 ignorantia
1369 150 1430 172 non
1442 143 1588 179 accipitur
1600 142 1658 171 nisi
1668 144 1822 180 antequam
1833 144 1940 181 quisque

1135 188 1226 217 fuerit
1239 188 1408 225 baptizatus
1421 195 1428 221 ;
1444 195 1505 216 non
1516 188 1615 216 solum
1632 188 1658 215 si
1669 187 1806 216 adversus
1817 188 1941 225 Spiritum

1136 235 1285 266 sanctum,
1302 233 1356 261 sed
1387 232 1477 261 etiam
1503 232 1528 260 si
1544 232 1689 261 adversus
1715 232 1814 261 Filium
1826 232 1941 262 hominis

1135 280 1202 314 post
1216 278 1402 313 Baptismum
1415 277 1520 306 dixerit
1536 277 1662 306 verbum
1674 286 1682 313 ;
1693 280 1721 306 et
1732 277 1848 306 omnino
1858 278 1940 315 siqua

1135 322 1341 357 fornicatione,
1361 323 1408 351 vel
1431 322 1605 354 homicidio,
1627 321 1674 350 vel
1688 322 1747 350 ullo
1771 321 1885 358 ﬂagitio,
1897 325 1941 351 aut

1137 367 1268 396 facinore
1279 369 1346 403 post
1359 367 1541 404 Baptismum
1549 374 1615 395 sese
1629 367 1827 400 maculaverit,
1834 374 1888 395 non
1900 375 1943 404 po-

1136 413 1191 440 test
1204 412 1377 448 puanitendo
1392 412 1498 440 curari.
1516 411 1602 446 Quod
1615 411 1667 448 qui
1682 413 1832 439 senserunt
1848 411 1942 440 exclusi

1136 459 1205 485 sunt
1218 464 1237 485 a
1250 456 1463 485 communione
1475 456 1641 489 catholica;
1655 456 1784 492 satisque
1794 456 1941 491 iudicatum

1136 503 1179 530 est
1190 509 1242 529 eos
1257 501 1287 529 in
1298 501 1347 530 illa
1359 501 1543 535 crudelitate,
1557 501 1667 529 divina
1677 500 1878 529 misericordia:
1886 508 1942 537 par-

1136 546 1239 582 ticipes
1252 554 1316 574 esse
1331 553 1391 574 non
1402 553 1498 582 posse.
1516 545 1545 574 Si
1560 548 1661 574 autem
1671 545 1746 574 illud
1758 545 1860 578 solum,
1872 544 1941 581 quod

1137 590 1281 619 adversus
1293 590 1436 626 Spiritum
1447 593 1585 619 sanctum
1597 590 1712 622 dicitur,
1727 589 1791 618 sine
1800 589 1881 617 venia
1890 597 1943 617 esse

1137 637 1367 671 postacceptum
1376 635 1561 671 Baptismum
1570 637 1700 671 putatur:
1711 634 1807 670 primo
1817 634 1943 662 Dominus

1137 687 1206 708 cum
1221 679 1290 707 inde
1306 679 1486 716 loqueretur,
1507 679 1625 707 nullum
1640 682 1760 715 tempus
1774 678 1887 714 excepit,
1901 677 1943 706 sed

1136 724 1309 760 regulariter
1321 724 1371 757 ait,
1387 723 1443 758 Qui
1454 724 1569 752 dixerit
1583 724 1705 752 verbum
1721 723 1857 752 adversus
1868 722 1945 757 Spiri-

1138 772 1200 797 tum
1207 771 1356 802 sanctum,
1363 776 1424 797 non
1430 769 1599 797 remittetur
1607 768 1643 801 ei,
1650 775 1745 804 neque
1752 767 1783 795 in
1791 767 1943 799 hocszcuto,

1136 821 1230 850 neque
1241 813 1273 841 in
1286 814 1404 848 futuro.
1422 813 1533 841 Deinde
1550 813 1664 846 Simon,
1686 819 1778 849 quem
1794 812 1879 848 paulo
1889 813 1945 839 ante

1136 858 1379 890 commemoravi,
1392 858 1458 893 jam
1487 858 1673 893 Baptismum
1702 858 1862 893 acceperat,
1886 862 1943 884 cum

1138 903 1278 939 Spiritum
1298 904 1437 930 sanctum
1451 902 1625 938 turpissimo
1641 901 1787 930 mercatui
1809 900 1943 929 subditum

1136 947 1261 976 credidit
1273 955 1279 974 :
1296 947 1343 975 cui
1354 949 1490 983 correpto
1503 954 1522 975 a
1539 955 1571 975 se
1584 948 1687 975 Petrus
1697 949 1797 975 tamen
1808 944 1945 974 consilium

1136 991 1300 1028 paenitendi
1315 991 1406 1019 dedit.
1434 991 1510 1024 Quid
1528 993 1630 1019 autem
1642 991 1680 1019 de
1697 991 1733 1019 iis
1747 990 1797 1027 qui
1811 998 1875 1018 cum
1887 990 1946 1024 Bap-

1136 1036 1217 1065 tismi
1231 1038 1421 1064 sacramenta
1434 1036 1517 1071 pueri
1530 1035 1573 1064 vel
1583 1035 1676 1064 etiam
1687 1035 1815 1064 infantes
1828 1040 1946 1071 percepe-

1136 1081 1205 1113 rint,
1231 1083 1335 1117 postea
1360 1080 1543 1116 negligenter
1568 1080 1699 1114 educati,
1727 1087 1781 1116 per
1794 1078 1946 1115 ignorantia

1139 1126 1276 1154 tenebras
1307 1125 1399 1153 vitam
1434 1125 1642 1161 turpissimam
1658 1125 1787 1158 ducunt,
1803 1123 1946 1152 nescientes

1137 1170 1262 1198 omnino
1281 1169 1355 1206 quid
1369 1169 1530 1198 christiana
1542 1169 1706 1206 disciplina
1718 1168 1945 1205 jubeatantvetet,

1137 1214 1212 1251 quid
1227 1214 1409 1250 polliceatur,
1424 1214 1533 1251 etquid
1541 1214 1682 1246 minetur.
1693 1212 1944 1250 quidcredendum.

1137 1259 1210 1296 quid
1223 1259 1418 1295 sperandum,
1433 1259 1508 1295 quid
1520 1259 1711 1295 diligendum
1726 1259 1763 1286 sit
1775 1267 1781 1291 ;
1794 1266 1861 1286 num
1873 1256 1947 1285 aude-

1138 1304 1238 1332 bimus
1254 1306 1376 1339 peccata
1392 1311 1496 1332 eorum
1524 1307 1687 1339 propterea
1716 1311 1774 1331 non
1794 1301 1946 1338 ignorantiae

1137 1349 1288 1384 deputare,
1303 1348 1375 1385 quia
1385 1348 1526 1383 baptizati
1540 1351 1753 1384 peccaverunt,
1765 1355 1831 1376 cum
1844 1345 1947 1375 omnino

1136 1393 1318 1429 ignorantes,
1331 1395 1359 1421 et
1367 1393 1503 1426 omnino,
1514 1393 1779 1429 quemadmodum
1793 1391 1899 1424 dicitur,
1907 1389 1947 1418 ubi

1137 1439 1227 1473 caput
1240 1437 1384 1466 haberent
1402 1437 1567 1465 nescientes
1576 1438 1598 1470 ¹,
1616 1437 1646 1465 in
1661 1445 1776 1473 magno
1786 1443 1874 1465 errore
1888 1441 1947 1471 pec-

1137 1482 1292 1511 caverint?

1173 1527 1216 1555 t7.
1228 1526 1314 1560 Quod
1325 1526 1350 1554 si
1360 1534 1396 1555 eo
1407 1528 1542 1562 tempore
1550 1534 1620 1554 cum
1633 1526 1764 1555 scientia
1770 1526 1887 1562 quisque
1897 1530 1950 1560 pec-

1136 1578 1221 1599 casse
1238 1571 1364 1605 dicatur,
1382 1579 1443 1607 quo
1465 1571 1519 1599 scit
1536 1570 1648 1599 malum
1664 1579 1735 1599 esse
1751 1570 1832 1608 quod
1851 1568 1951 1600 facit,et

1137 1617 1237 1644 tamen
1251 1615 1319 1644 facit
1330 1625 1338 1650 ;
1349 1623 1402 1643 cur
1412 1615 1470 1643 hoc
1485 1616 1515 1644 in
1532 1615 1679 1651 Spiritum
1706 1617 1841 1645 sanctum
1859 1613 1948 1643 solum.

1136 1667 1196 1688 non
1207 1659 1298 1688 etiam
1308 1660 1338 1688 in
1354 1660 1517 1688 Dominum
1530 1661 1632 1688 Jesum
1652 1660 1804 1689 Christum
1816 1655 1950 1687 irremissi-

1135 1704 1194 1732 bile
1206 1704 1380 1740 judicatur‘l
1394 1707 1450 1732 Aut
1466 1705 1491 1732 si
1504 1705 1562 1733 hoc
1574 1705 1676 1740 ipsum
1691 1713 1758 1733 esse
1770 1703 1890 1733 creditur
1897 1707 1949 1738 pec-

1135 1756 1213 1781 care,
1222 1748 1266 1776 vel
1273 1749 1397 1777 verbum
1408 1749 1505 1777 dicere
1513 1750 1659 1777 adversus
1668 1750 1814 1786 Spiritum
1820 1749 1948 1778 sanctum.

1136 1793 1290 1830 quodlibet
1308 1795 1466 1829 peccatum
1483 1801 1552 1822 cum
1573 1794 1701 1823 scientia
1718 1794 1909 1823 committam;
1924 1791 1948 1817 υῑ

1135 1837 1285 1874 quidquid
1291 1837 1429 1866 homines
1437 1838 1604 1873 ignorando
1611 1839 1784 1874 peccant,in
1793 1838 1947 1872 Filiumpec-

1136 1890 1204 1910 care
1216 1882 1380 1918 ;quidquid
1387 1885 1488 1918 autem
1504 1883 1638 1915 scientes,
1646 1886 1777 1919 peccant
1787 1883 1816 1911 in
1827 1881 1947 1918 Spiritum

1136 1929 1273 1955 sanctum
1287 1927 1605 1963 peccarejudicentur:
1628 1935 1738 1963 qumro
1763 1928 1829 1964 quis
1852 1924 1948 1954 nesciat

1137 1971 1250 1999 malum
1266 1979 1341 2004 esse,
1359 1971 1441 1999 verbi
1457 1972 1563 2007 gratia,
1579 1980 1778 2008 corrumpere
1794 1970 1947 2009 pudicitiam

1136 2015 1239 2043 uxoris
1254 2015 1368 2048 alienae,
1398 2015 1443 2044 vel
1465 2024 1501 2044 eo
1514 2015 1583 2052 ipso
1598 2018 1677 2044 certe
1700 2017 1780 2053 quod
1795 2017 1850 2045 hec
1861 2016 1887 2043 in
1905 2019 1948 2041 sua

1136 2060 1263 2096 conjuge
1279 2060 1370 2088 nollet
1384 2061 1497 2097 perpeti
1510 2070 1516 2095 ;
1543 2063 1595 2089 aut
1611 2061 1756 2090 fraudare
1783 2065 1948 2098 quemquam

1135 2105 1165 2132 in
1181 2104 1310 2140 negotio,
1325 2107 1377 2133 aut
1388 2105 1602 2133 circumvenire
1617 2106 1786 2139 mendacio,
1802 2108 1852 2133 aut
1865 2101 1948 2139 oppri-

1135 2157 1215 2177 mere
1238 2149 1399 2177 testimonii
1426 2149 1561 2178 falsilate.
1587 2152 1638 2178 aut
1653 2150 1827 2178 auferendae
1842 2149 1880 2177 rei
1896 2147 1949 2182 ejus

1133 2201 1224 2222 causa
1234 2194 1377 2227 insidiari,
1393 2196 1420 2221 et
1433 2193 1567 2222 occidere
1589 2195 1790 2231 quempiam;
1810 2194 1872 2222 etsi
1886 2189 1947 2228 quid

1133 2238 1257 2266 omnino
1272 2241 1315 2266 est
1328 2237 1411 2275 quod
1426 2238 1483 2266 sibi
1497 2238 1537 2267 ab
1552 2238 1646 2267 altero
1658 2239 1722 2267 ﬂeri
1736 2246 1798 2268 non
1813 2237 1881 2271 vult,
1893 2233 1949 2264 etsi

1132 2281 1195 2309 ﬁeri
1213 2283 1346 2315 senserit,
1363 2285 1423 2310 toto
1435 2282 1525 2310 corde
1535 2283 1740 2312 indubitanter
1750 2284 1890 2312 accusat?
1902 2280 1950 2308 Aut

1132 2326 1155 2353 si
1174 2326 1239 2354 haec
1254 2327 1294 2355 ab
1304 2327 1514 2362 ignorantibus
1529 2327 1591 2355 ﬁeri
1604 2327 1747 2360 dicimus,
1763 2327 1836 2365 quid
1847 2324 1946 2355 inveni-

1132 2379 1199 2399 mus
1206 2371 1235 2398 in
1242 2379 1303 2407 quo
1309 2372 1434 2399 scientes
1440 2372 1573 2400 homines
1580 2379 1705 2408 peccare
1713 2373 1885 2401 videantur?
1893 2372 1948 2398 Res-

1131 2417 1173 2444 tat
1186 2423 1257 2451 ergo
1274 2418 1313 2448 ut.
1322 2416 1345 2444 si
1358 2416 1415 2444 hoc
1426 2419 1470 2444 est
1482 2417 1641 2452 peccarein
1658 2417 1802 2453 Spiritum
1813 2417 1946 2445 sanctum,

1131 2467 1254 2495 peccare
1269 2468 1337 2488 cum
1352 2461 1548 2494 scientia,illis
1561 2461 1692 2497 peccatis
1700 2469 1768 2498 quae
1781 2465 1948 2489 commemo-

1130 2504 1194 2532 ravi
1210 2507 1334 2539 negetur
1346 2505 1509 2541 paenitendi
1518 2505 1620 2539 locus;
1636 2507 1784 2542 quoniam
1801 2507 1913 2542 peccato
1923 2502 1948 2530 in

1130 2549 1272 2584 Spiritum
1288 2552 1426 2578 sanctum
1454 2558 1575 2578 omnem
1590 2558 1675 2586 spem
1705 2551 1802 2579 venias
1816 2548 1947 2578 Dominus

1131 2594 1298 2629 amputavit
1312 2602 1319 2623 :
1335 2594 1419 2630 quod
1432 2594 1456 2622 si
1469 2602 1562 2631 regna
1575 2595 1740 2624 christiana
1763 2594 1879 2631 respuit,
1894 2598 1947 2620 om-

1130 2645 1243 2674 nesque
1258 2638 1324 2666 illos
1339 2638 1391 2675 qui
1405 2639 1448 2667 sic
1463 2642 1598 2675 peccant,
1612 2640 1652 2668 ad
1666 2640 1877 2668 correctionem
1889 2637 1946 2664 vita

1129 2685 1236 2710 Vocare
1254 2690 1313 2709 non
1330 2686 1427 2710 cessat
1443 2691 1449 2716 ;
1467 2683 1567 2711 adhuc
1575 2683 1774 2719 quaerendum
1787 2687 1828 2711 est
1842 2680 1945 2719 quidsit

1128 2733 1254 2761 peccare
1275 2726 1303 2753 in
1327 2726 1470 2762 Spiritum
1487 2731 1637 2761 sanctum,
1654 2728 1702 2756 cui
1720 2731 1843 2764 peccato
1867 2724 1943 2754 venia

1129 2770 1213 2798 nulla
1227 2770 1413 2798 concidatur.

1161 2837 1170 2855 ι
1186 2836 1234 2862 Ms.
1254 2837 1408 2868 Vaticanus,
1419 2838 1465 2863 ubi
1481 2841 1556 2871 caput
1573 2838 1719 2869 haberetur,
1729 2839 1862 2865 maiestas
