4112 6192
236 144 361 205 2101

304 270 391 322 18.
427 266 517 322 An
546 265 699 323 forte
736 280 859 324 non
888 270 977 325 est
1005 268 1298 327 dicendus
1327 286 1465 329 cum
1487 272 1732 329 scientia
1756 284 1893 343 pec-

230 371 389 421 care,
416 355 522 428 qui
548 360 863 428 peccatum
894 358 1095 430 ipsum
1116 361 1346 417 malum
1368 378 1496 418 esse
1512 363 1698 425 novit,
1731 368 1785 417 et
1809 367 1889 418 ta-

232 459 369 501 men
384 448 571 501 Deum
584 445 1075 519 voluntatemque
1090 449 1139 519 ej
1152 466 1218 504 us
1230 449 1518 520 ignorans
1529 457 1731 523 peccat
1741 454 1888 507 ?lloc

231 533 388 589 enim
411 533 650 590 videtur
665 534 743 592 ad
762 535 1043 592 Hebraeos
1068 537 1288 605 dicere,
1309 556 1446 596 cum
1463 540 1636 597 dicit:
1671 542 1886 597 Volun-

231 623 380 680 tarie
418 622 575 680 enim
605 625 978 693 peccantibus
1007 627 1175 684 nobis
1199 632 1511 700 postquam
1550 632 1885 699 accepimus

228 711 534 768 scientiam
556 712 849 776 veritatis,
878 730 998 770 non
1025 716 1226 773 adhuc
1246 719 1607 789 relinquitur
1624 734 1731 787 pro
1753 733 1883 786 pec-

226 803 372 858 catis
401 801 1001 875 sacriﬁcium-(Hebr.
1022 820 1079 869 ι,
1108 808 1219 876 26).
1248 809 1463 863 Parum
1486 808 1645 863 enim
1661 811 1805 872 erat,
1834 806 1882 862 si

225 890 902 958 tantummododiceret,
932 892 1280 952 Voluntaria
1297 897 1681 965 peccantibus
1693 896 1879 968 nobis,

222 978 337 1034 nisi
356 978 627 1047 adderet,
651 985 968 1052 postquam
981 985 1316 1052 accepimus
1335 986 1640 1042 scientiam
1668 987 1880 1043 verita-

223 1067 297 1123 tis
326 1090 347 1132 ,-
380 1068 440 1123 in
465 1083 589 1141 qua
617 1068 823 1140 utique
861 1071 1016 1126 Deus
1046 1071 1441 1145 voluntasque
1472 1074 1599 1145 ejus
1629 1090 1880 1145 cognos-

223 1156 393 1213 citur.
425 1157 564 1218 Quae
588 1157 833 1214 scientia
852 1158 1083 1215 videtur
1107 1176 1437 1230 congruere
1464 1163 1782 1219 dominicas
1796 1162 1875 1219 illi

222 1246 548 1312 sententiae,
579 1262 718 1303 cum
751 1248 832 1303 ait
882 1266 895 1303 :
927 1248 1144 1306 Servus
1188 1252 1475 1322 ignorans
1508 1253 1875 1310 voluntatem

216 1334 448 1391 domini
456 1335 627 1400 sui,et
634 1336 870 1405 faciens
885 1337 1067 1408 digna
1079 1340 1295 1410 plagis,
1320 1341 1629 1411 vapulabit
1638 1357 1837 1410 pauca
1853 1363 1877 1412 ,-

213 1438 423 1481 servus
433 1430 632 1482 autem
645 1426 832 1483 sciens
846 1428 1205 1485 voluntatem
1218 1429 1345 1486 dom
1355 1430 1441 1486 ini
1452 1432 1547 1485 sui
1552 1436 1628 1496 ,et
1642 1431 1873 1501 faciens

211 1513 405 1584 digna
437 1514 657 1585 plagis,
693 1517 1003 1585 vapulabit
1024 1519 1213 1574 multa
1248 1519 1519 1589 (Luc-.111,
1542 1521 1626 1584 47,
1658 1521 1767 1589 48).
1805 1522 1873 1577 Ut

210 1600 332 1657 hoc
362 1607 642 1672 putemus
663 1602 888 1660 dictum
921 1606 1256 1677 esse,quod
1281 1607 1506 1663 dictum
1547 1612 1653 1674 est,
1687 1623 1872 1678 vapu-

211 1690 366 1748 labit
389 1707 610 1761 pauca,
630 1697 920 1764 tanquam
941 1694 992 1749 si
1019 1694 1258 1761 diceret,
1286 1695 1520 1752 levitere
1550 1699 1870 1754 mandatus

204 1780 288 1836 ad
314 1781 553 1837 veniam
584 1782 897 1854 pertinebit
924 1802 937 1852 ;
970 1783 1030 1839 in
1060 1799 1131 1840 eo
1163 1800 1303 1841 vero
1326 1787 1487 1857 quod
1520 1786 1744 1843 dictum
1758 1791 1867 1853 est,

204 1869 528 1938 vapulabit
558 1871 772 1935 multa,
806 1872 1239 1943 sempiternum
1263 1874 1628 1946 supplicium
1660 1876 1867 1932 intelli-

202 1963 408 2029 gatur,
432 1959 595 2031 quod
624 1960 884 2016 minatur
902 1962 1291 2033 peccantibus
1306 1963 1364 2018 in
1396 1964 1678 2035 Spiritum
1698 1981 1867 2022 sanc-

202 2046 599 2119 tum,quibus
611 2047 754 2104 dicit
770 2064 1083 2122 nunquam
1103 2066 1276 2122 posse
1288 2051 1504 2109 dimitti
1519 2060 1828 2125 peccatum
1847 2074 1859 2115 :

195 2141 262 2191 ut
307 2135 426 2192 hoc
476 2137 547 2191 sit
600 2152 845 2209 peccare
875 2139 935 2194 in
968 2140 1257 2211 Spiritum
1293 2146 1591 2208 sanctum,
1626 2144 1867 2217 cognita

195 2223 305 2280 Dei
320 2224 630 2282 voluntate
659 2242 924 2298 peccare.
942 2228 1114 2295 Quod
1141 2230 1187 2285 si
1216 2229 1414 2297 itaest,
1430 2232 1674 2301 cogitari
1692 2249 1867 2306 opor-

195 2318 280 2369 tet
313 2318 372 2369 et
407 2314 621 2371 discuti
653 2316 819 2388 prius
867 2318 1115 2388 quando
1160 2325 1560 2388 cognoscatur
1587 2321 1866 2380 voluntas

194 2402 327 2458 Dei.
380 2404 660 2460 Nonnulli
714 2405 876 2461 enim
909 2411 966 2462 et
1011 2412 1145 2464 ante
1182 2414 1529 2481 perceptum
1572 2410 1865 2483 Baptismi

192 2496 650 2549 sacramentum
681 2500 1094 2564 cognoverunt
1114 2512 1268 2552 eam.
1296 2500 1446 2553 Nam
1477 2502 1530 2554 et
1560 2500 1864 2556 Cornelius

194 2580 474 2637 centurio
498 2580 864 2638 voluntatem
897 2584 998 2640 Dei
1030 2584 1232 2657 utique
1258 2587 1531 2659 apostolo
1562 2590 1728 2644 Petro
1759 2589 1864 2646 do-

193 2674 371 2725 cente
400 2672 701 2741 cognovit,
742 2678 799 2727 et
826 2672 1029 2743 ipsum
1059 2674 1343 2746 Spiritum
1376 2682 1651 2732 sanctum
1674 2681 1863 2735 mani-

190 2756 535 2815 festissimis
567 2761 1060 2817 coattestantibus
1085 2763 1291 2832 signis,
1316 2769 1645 2836 antequam
1674 2767 1863 2840 bapti-

188 2851 455 2913 zaretur,
484 2849 714 2921 accepit
741 2866 755 2903 :
784 2866 1139 2923 quanquam
1172 2867 1293 2908 non
1314 2852 1459 2908 ideo
1474 2855 1862 2915 Sacramenta

190 2936 296 2993 illa
316 2938 762 3010 contempserit,
794 2938 897 2994 sed
927 2939 1118 2996 multo
1152 2940 1366 2996 certius
1395 2941 1731 3013 baptizatus
1745 2945 1855 3017 sit;

196 3031 253 3081 ut
290 3025 480 3082 etiam
513 3026 647 3099 ipsa
678 3034 1063 3086 sacrosancta
1109 3029 1438 3101 signacula,
1472 3048 1733 3103 quorum
1765 3050 1857 3089 res

191 3113 246 3169 in
288 3130 365 3170 eo
383 3121 792 3186 praecesserat,
821 3117 896 3173 ad
919 3117 1346 3189 perﬁciendam
1373 3120 1683 3177 scientiam
1708 3124 1857 3179 veri.

193 3203 335 3259 tatis
349 3204 649 3276 percipere
662 3205 828 3261 nullo
853 3206 1033 3263 modo
1061 3212 1396 3264 moraretur
1417 3208 1573 3278 (Act.
1590 3211 1672 3282 x).
1699 3211 1856 3268 Multi

191 3296 401 3348 autem
442 3308 551 3349 nec
582 3298 716 3365 post
755 3298 1069 3366 acceptum
1103 3296 1473 3368 Baptismum
1504 3303 1719 3355 curant
1760 3316 1856 3356 co-

190 3394 490 3450 gnoscere
507 3381 869 3439 voluntatem
896 3384 1013 3440 Dei.
1031 3385 1690 3461 Quapropterquisquis
1716 3393 1852 3445 ante

188 3469 573 3542 Baptismum
603 3471 844 3543 cognita
880 3474 976 3528 Dei
1006 3474 1317 3530 voluntate
1350 3477 1702 3546 peccaverit,
1733 3492 1854 3535 non

189 3573 523 3629 possumus
550 3560 767 3627 dicere,
809 3567 911 3617 aut
953 3562 1072 3619 ullo
1103 3563 1286 3619 modo
1334 3565 1573 3621 credere
1612 3582 1749 3623 cum
1777 3568 1855 3623 ad

191 3646 572 3719 Baptismum
598 3651 926 3716 accesserit,
962 3666 1083 3707 non
1112 3652 1163 3707 ei
1203 3652 1414 3710 dimitti
1444 3655 1650 3711 omnia
1695 3671 1857 3728 quaa-

191 3751 455 3808 cumque
472 3739 761 3809 peccavit,
788 3741 909 3795 Huc
941 3740 1167 3796 accedit
1190 3741 1354 3813 quod
1387 3741 1659 3800 voluntas
1676 3744 1855 3801 Deiin

191 3822 501 3894 diligendo
532 3825 649 3882 Deo
682 3830 739 3883 et
768 3828 1046 3899 proximo
1073 3828 1331 3886 breviter
1359 3830 1694 3888 insinuetur
1735 3849 1856 3890 cre-

193 3911 499 3981 dentibus,
528 3915 609 3972 ita
641 3921 703 3972 ut
734 3915 793 3971 in
828 3916 921 3972 his
950 3917 1189 3975 duobus
1232 3922 1549 3993 praeceptis
1583 3926 1708 3979 tota
1740 3924 1855 3979 Lex

191 4002 474 4074 pendeat,
503 3994 559 4060 et
587 4020 798 4061 omnes
829 4005 1136 4078 Propheta:
1172 4008 1410 4079 (Matth.
1453 4025 1590 4077 χχιι,
1643 4012 1856 4084 37-40).

188 4090 574 4149 Dilectionem
602 4101 802 4150 autem
826 4095 1104 4166 proximi,
1128 4096 1188 4152 id
1207 4102 1315 4163 est,
1357 4097 1853 4157 dilectionemho-

194 4180 374 4236 minis
391 4197 585 4254 usque
607 4183 682 4239 ad
699 4183 1334 4251 inimicidilectionem,
1364 4187 1542 4243 nobis
1568 4190 1854 4246 Dominus

190 4267 324 4340 ipse
354 4271 741 4328 commendat
771 4272 1008 4345 (Matth.
1034 4290 1090 4341 v,
1115 4277 1243 4345 44):
1275 4280 1332 4331 et
1356 4276 1632 4333 videmus
1663 4294 1850 4350 quam

190 4358 361 4414 multi
394 4359 519 4431 jam
549 4360 853 4432 baptizati,
884 4368 938 4417 et
962 4378 1103 4419 vera
1128 4379 1268 4420 esse
1300 4364 1415 4421 ista
1450 4365 1764 4432 fateantur,
1796 4371 1853 4425 et

191 4449 485 4520 tanquam
518 4451 748 4505 Domini
782 4457 1081 4529 praecepta
1122 4460 1488 4510 veneruntur
1520 4472 1534 4522 ;
1578 4472 1715 4511 cum
1747 4472 1851 4514 au-

188 4539 304 4592 tem
347 4537 587 4611 perpesi
625 4537 842 4595 fuerint
889 4540 1145 4611 alicujus
1197 4542 1562 4611 inimicitias,
1603 4544 1716 4601 ista
1761 4562 1850 4603 ra-

190 4626 434 4696 piuntur
464 4627 666 4683 animo
698 4627 777 4683 ad
815 4628 1253 4699 ulciscendum,
1289 4636 1346 4687 et
1378 4633 1553 4689 tantis
1584 4633 1849 4691 inardes-

187 4719 331 4769 cunt
382 4713 615 4771 facibus
646 4716 941 4783 adiorum,
991 4722 1055 4774 ut
1091 4733 1201 4774 nec
1244 4719 1475 4791 prolato
1505 4726 1564 4778 et
1602 4723 1848 4780 recitato

188 4803 508 4873 Evangelio
539 4804 763 4876 placari
809 4807 1078 4877 possint:
1123 4814 1178 4863 et
1226 4808 1445 4865 talibus
1494 4810 1846 4868 hominibus

184 4890 310 4961 jam
350 4893 623 4949 batizatis
664 4895 939 4951 Ecclesiae
978 4895 1168 4968 plenas
1218 4903 1395 4964 sunt;
1448 4914 1601 4971 quos
1651 4905 1846 4958 tamen

189 4981 526 5052 spirituales
560 4983 666 5038 viri
697 4984 951 5040 fraterne
983 4984 1310 5042 admonere
1346 5003 1466 5043 non
1498 4994 1758 5054 cessant,
1789 4995 1846 5047 et

188 5068 246 5124 in
276 5070 492 5143 spiritu
522 5071 1399 5134 lenitatisinstanterinstruunt
1429 5078 1839 5151 (Galat.v1,l),

190 5164 250 5215 ut
278 5160 627 5231 hujusmodi
676 5162 1098 5218 tentationibus
1130 5178 1438 5220 occurrere
1470 5182 1538 5222 ac
1570 5168 1842 5224 resistere

184 5249 375 5317 parati
410 5248 548 5312 sint,
587 5256 643 5307 et
675 5252 867 5323 magis
917 5250 1166 5322 diligant
1218 5254 1277 5309 in
1322 5253 1531 5309 Christi
1579 5271 1727 5326 pace
1754 5271 1841 5312 re-

189 5350 390 5404 gnare,
419 5353 605 5410 quam
636 5338 710 5395 de
737 5340 962 5396 inimici
997 5342 1388 5413 oppressione
1421 5343 1624 5400 laetari.
1670 5345 1840 5410 Quod

188 5423 438 5483 inaniter
463 5426 643 5493 ﬁeret,
686 5430 732 5484 si
760 5428 966 5485 talium
988 5436 1367 5502 peccatorum
1393 5432 1559 5489 nulla
1585 5448 1722 5505 spes
1742 5449 1839 5490 ve-

187 5513 318 5582 nim,
350 5515 510 5573 nulla
527 5517 885 5590 pcenitentias
918 5519 1213 5576 medicina
1236 5525 1582 5578 remaneret.
1601 5523 1665 5579 Et
1685 5526 1839 5581 certe

191 5610 433 5662 caveant
478 5608 581 5679 qui
612 5606 727 5663 hoc
776 5609 1037 5665 sentiunt
1065 5624 1138 5665 ne
1195 5610 1381 5666 David
1434 5612 1836 5684 patriarcham

1559 144 1919 205 INCHOATA
1967 143 2368 201 EXPOSITIO.

3512 145 3652 200 2102

2021 268 2227 327 divina
2263 271 2542 327 electione
2573 270 2889 343 probatum
2923 274 3101 344 atque
3128 270 3463 338 laudatum,
3489 269 3655 341 igno-

1997 374 2159 416 rasse
2172 359 2470 416 afﬁrment
2487 360 2849 417 voluntatem
2868 361 2986 425 Dei,
3003 377 3141 417 cum
3154 360 3362 416 alienae
3379 358 3652 430 conjugis

1998 464 2204 505 amore
2231 449 2562 521 perculsus,
2578 450 2753 505 etiam
2772 451 3055 506 maritum
3078 450 3206 521 ejus
3227 449 3649 519 decipiendum

1995 537 2459 610 necandumque
2487 538 2713 593 curavit
2738 554 2749 593 :
2784 538 2857 593 de
2887 554 3009 610 quo
3036 549 3237 594 tamen
3260 536 3476 592 scelere
3508 551 3646 591 cum

1994 632 2150 682 esset
2178 628 2372 699 primo
2403 642 2531 691 sua,
2555 627 2770 683 deinde
2802 628 3105 699 prophetas
3134 643 3277 683 voce
3298 626 3642 691 damnatus,

1994 716 2320 787 pcrnitendi
2348 716 2700 782 humilitate,
2749 721 2805 772 et
2834 717 3059 787 peccati
3091 716 3462 773 confessione
3503 714 3643 769 libe-

1990 810 2156 860 ratus
2179 809 2283 860 est.
2316 805 2428 861 Sed
2444 805 2619 876 plane
2648 805 3152 877 vapulavitmulta
3174 803 3635 876 (IIReg.x1,xu),

1990 894 2333 966 etexemplo
2348 910 2456 949 suo
2473 894 2678 949 docuit
2693 893 2953 965 intelligi,
2972 909 3088 949 non
3108 895 3185 948 ad
3212 892 3637 964 sempiternam

1988 997 2251 1054 poenam,
2286 982 2389 1038 sed
2420 982 2497 1039 ad
2534 982 2891 1039 severiorem
2934 982 3314 1053 disciplinam
3345 980 3636 1051 pertinere

1987 1071 2152 1142 quod
2165 1072 2389 1127 dictum
2404 1076 2537 1127 cata
2551 1072 2821 1137 Domino,
2839 1070 3157 1137 Quiaulem
3176 1069 3335 1126 novit
3362 1070 3634 1125 volunta-

1988 1166 2098 1216 tem
2151 1160 2387 1216 Domini
2434 1160 2545 1225 sui,
2588 1166 2640 1216 et
2663 1160 2807 1230 fecit
2839 1161 3021 1230 digna
3068 1159 3285 1230 plagis,
3326 1157 3632 1228 vapulabit

1986 1250 2191 1305 multa.

2059 1338 2141 1393 19.
2175 1342 2325 1395 Nam
2356 1343 2410 1394 et
2442 1337 2587 1393 illud
2617 1337 2697 1394 ad
2716 1336 2990 1393 Hebraeos
3011 1338 3115 1411 qui
3140 1336 3479 1409 diligentius
3506 1350 3635 1407 per-

1983 1431 2253 1493 tractant,
2289 1426 2341 1482 si
2370 1426 2721 1498 intelligunt,
2750 1431 2815 1482 ut
2845 1442 2966 1481 non
2998 1426 3071 1481 de
3097 1424 3385 1481 sacriﬁcio
3417 1424 3636 1479 contri-

1980 1515 2167 1572 bulati
2191 1532 2294 1589 per
2310 1516 2717 1588 paenitentiam
2742 1515 2935 1571 cordis
2958 1514 3378 1587 accipiendum
3393 1513 3440 1567 si
3466 1512 3632 1584 quod

1979 1605 2205 1662 dictum
2237 1612 2341 1671 est,
2392 1606 2527 1661 Non
2576 1605 2775 1661 adhuc
2801 1620 2914 1673 pro
2969 1603 3226 1673 peccatis
3264 1600 3633 1673 relinquitur

1977 1695 2339 1764 sacriﬁcium
2367 1711 2392 1760 ,'
2421 1694 2526 1758 sed
2562 1695 2635 1749 de
2668 1694 2958 1750 sacriﬁcio
2980 1693 3054 1750 de
3081 1709 3203 1765 quo
3242 1697 3380 1748 tunc
3410 1690 3625 1763 loque-

1974 1784 2152 1841 batur
2171 1772 2507 1856 Apostolus,
2544 1783 2604 1839 id
2628 1787 2735 1847 est,
2767 1783 3120 1838 holocausto
3153 1781 3468 1837 Dominicaa
3490 1796 3628 1852 pas-

1973 1873 2176 1941 sionis,
2204 1873 2368 1947 quod
2397 1889 2467 1929 eo
2494 1878 2762 1945 tempore
2788 1870 2956 1928 oﬁ‘ert
2986 1871 3241 1943 quisque
3271 1885 3379 1942 pro
3420 1884 3626 1941 pecca-

1975 1962 2047 2019 tis
2079 1964 2221 2029 suis,
2254 1978 2377 2035 quo
2408 1962 2678 2034 ejusdem
2719 1961 3016 2034 passionis
3050 1959 3167 2015 ﬁde
3207 1958 3534 2023 dedicatur,
3569 1961 3627 2014 et

1973 2051 2444 2108 Christianorum
2473 2050 2742 2107 ﬁdelium
2780 2051 3014 2106 nomine
3043 2048 3380 2121 baptizatus
3409 2047 3626 2103 imbui-

1976 2144 2068 2197 tur
2108 2158 2120 2197 :
2173 2146 2235 2197 ut
2275 2142 2391 2197 hoc
2447 2140 2866 2211 signiﬁcaverit
2912 2138 3255 2211 Apostolus,
3290 2153 3409 2194 non
3443 2153 3623 2209 posse

1973 2231 2256 2303 deinceps
2284 2247 2422 2287 eum
2474 2231 2578 2303 qui
2619 2228 2966 2302 peccaverit,
3014 2228 3227 2284 iterum
3268 2227 3625 2299 baptizanda

1973 2321 2236 2392 purgari.
2262 2322 2384 2386 Quo
2414 2319 2844 2376 intellectunon
2868 2317 3279 2374 intercluditur
3293 2314 3625 2387 paenitendi

1970 2409 2137 2466 locus
2170 2426 2184 2463 :
2209 2410 2289 2465 ita
2315 2424 2481 2473 sane,
2510 2413 2574 2465 ut
2602 2423 2706 2464 eos
2732 2407 2837 2479 qui
2865 2406 3138 2463 nondum
3162 2404 3441 2477 baptizati
3464 2408 3621 2469 sunt,

1970 2498 2242 2554 nondum
2275 2497 2514 2569 plenam
2546 2497 2852 2552 scientiam
2895 2495 3156 2551 veritatis
3195 2494 3498 2565 accepisse
3539 2493 3625 2549 fa-

1970 2591 2222 2643 teamur.
2254 2589 2334 2642 Ex
2370 2602 2493 2658 quo
2520 2585 2833 2642 conﬁcitur
2862 2589 2924 2640 ut
2953 2584 3149 2639 omnis
3178 2584 3281 2655 qui
3311 2581 3623 2637 scientiam

1971 2676 2228 2733 veritatis
2253 2674 2503 2747 accepit,
2532 2676 2711 2730 etiam
2731 2673 3069 2746 baptizatus
3088 2671 3468 2741 intelligatur.
3498 2672 3622 2726 Non

1971 2771 2170 2822 autem
2198 2765 2397 2822 omnis
2436 2764 2767 2836 baptizatus
2797 2763 2977 2819 etiam
3022 2761 3330 2817 scientiam
3361 2760 3622 2816 veritatis

1968 2854 2217 2926 accepit,
2248 2857 2488 2926 propter
2507 2850 2916 2925 quorumdam
2947 2850 3344 2923 posteriorum
3376 2864 3622 2920 provec-

1968 2948 2093 2999 tum
2119 2942 2211 2998 vel
2241 2940 2645 2997 miserabilem
2668 2940 3091 3010 negligentiam
3121 2954 3134 2991 :
3168 2941 3224 2994 et
3251 2942 3449 2993 tamen
3476 2936 3622 2994 illud

1965 3031 2321 3087 sacriﬁcium
2353 3031 2427 3085 de
2452 3046 2575 3102 quo
2591 3028 2969 3101 loquebatur,
2997 3028 3057 3083 id
3075 3032 3184 3095 est,
3199 3027 3620 3099 holocaustum

1963 3119 2221 3184 Domini,
2253 3118 2417 3192 quod
2466 3124 2606 3174 tunc
2639 3134 2748 3190 pro
2779 3132 3146 3190 unoquoque
3194 3115 3437 3172 offertur
3476 3131 3622 3189 quo-

1938 3208 2314 3278 dammodo,
2339 3224 2475 3264 cum
2499 3208 2627 3278 ejus
2654 3206 2899 3264 nomine
2928 3206 2988 3260 in
3019 3205 3382 3277 baptizando
3415 3206 3618 3275 signa-

1961 3304 2077 3365 tur,
2125 3299 2338 3355 iterum
2369 3297 2416 3352 si
2449 3297 2802 3370 peccaverit,
2836 3293 3035 3351 offerri
3066 3309 3187 3349 non
3222 3298 3434 3365 potest.
3489 3294 3617 3349 Non

1960 3388 2118 3444 enim
2153 3391 2403 3460 possunt
2434 3388 2633 3442 denuo
2665 3383 2951 3456 baptizari
2982 3383 3087 3455 qui
3117 3381 3303 3437 semel
3332 3380 3614 3453 baptizati

1963 3480 2116 3544 sunt,
2148 3476 2426 3549 quamvis
2447 3476 2629 3532 etiam
2651 3479 2783 3547 post
2813 3472 3190 3543 Baptismum
3212 3486 3317 3543 per
3339 3469 3619 3541 ignoran-

1942 3548 2105 3623 “tiam
2138 3548 2396 3622 veritatis
2439 3563 2834 3637 peccaverint.
2866 3561 2953 3617 Ita
2982 3560 3047 3617 ﬁt
3078 3563 3140 3616 ut
3168 3559 3457 3633 quoniam
3488 3559 3617 3616 sine

1962 3655 2266 3726 Baptismo
2309 3669 2487 3710 nemo
2516 3657 2671 3709 recte
2720 3651 2934 3707 dicitur
2976 3649 3280 3722 accepisse
3308 3647 3616 3705 scientiam

1960 3743 2241 3811 veritatis,
2271 3742 2465 3799 omnis
2490 3741 2595 3814 qui
2620 3740 3017 3814 accepiteam,
3040 3753 3163 3795 non
3176 3737 3230 3794 ei
3251 3738 3617 3809 relinquatur

1960 3848 2065 3905 pro
2092 3833 2347 3903 peccatis
2378 3830 2891 3897 sacriﬁcium,hoc
2915 3832 3023 3895 est,
3052 3843 3169 3884 non
3201 3828 3393 3899 possit
3416 3826 3616 3884 denuo

1962 3922 2249 3994 baptizari
2282 3936 2294 3975 :
2330 3935 2438 3977 nec
2469 3924 2669 3977 tamen
2708 3918 2905 3975 omnis
2952 3917 3055 3991 qui
3096 3931 3217 3973 non
3249 3915 3482 3988 accepit
3508 3930 3615 3988 per

1960 4010 2296 4067 doctrinam
2311 4009 2624 4065 scientiam
2634 4005 3421 4075 veritatis,debeatarbitrari
3438 4020 3614 4077 posse

1961 4115 2069 4171 pro
2093 4115 2155 4156 se
2179 4099 2322 4155 illud
2342 4098 2539 4156 offerri
2562 4096 2948 4163 sacriﬁcium,
2972 4096 3021 4153 si
3036 4097 3162 4169 jam
3185 4095 3456 4152 oblatum
3484 4100 3571 4151 est
3595 4110 3609 4161 ;

1958 4189 2020 4244 id
2052 4193 2155 4259 est,
2182 4188 2229 4244 si
2256 4190 2383 4260 jam
2412 4188 2687 4260 ejusdem
2701 4187 2960 4244 veritatis
2991 4201 3096 4258 per
3130 4185 3496 4257 Baptismum
3520 4199 3614 4239 sa-

1960 4284 2266 4336 cramenta
2305 4278 2589 4351 percepit,
2644 4292 2764 4333 non
2805 4279 2998 4348 potest
3046 4274 3261 4330 iterum
3300 4272 3608 4344 baptizari.

1955 4368 2265 4440 Tanquam
2290 4369 2338 4423 si
2364 4366 2700 4423 diceremus
2724 4379 2967 4422 omnem
2998 4362 3308 4419 hominem
3338 4376 3459 4417 non
3481 4374 3611 4417 esse

1957 4455 2436 4529 quadrupedem,
2455 4469 2576 4511 non
2601 4454 2737 4509 ideo
2764 4457 2963 4509 tamen
2995 4467 3175 4507 omne
3200 4448 3425 4506 animal
3446 4449 3608 4521 quod

1956 4544 2140 4600 homo
2168 4548 2409 4610 nonest,
2443 4541 2981 4614 etiamquadrupes
3009 4555 3164 4595 esse.
3196 4541 3307 4593 Eos
3324 4538 3483 4593 enim
3502 4538 3604 4610 qui

1952 4634 2080 4703 jam
2124 4632 2399 4704 baptizati
2432 4631 2666 4695 fuerint,
2704 4629 2895 4685 curari
2947 4627 3158 4684 melius
3199 4627 3454 4683 dicimus
3503 4640 3609 4699 per

1954 4721 2521 4793 pmnitentiammon
2554 4718 2856 4786 renovari;
2890 4718 3031 4791 quia
3053 4716 3359 4774 renovatio
3382 4718 3608 4789 inBap-

1956 4811 2132 4865 tismo
2163 4814 2267 4865 est.
2304 4809 2413 4865 Ubi
2432 4808 2673 4882 quidem
2688 4812 2973 4881 operatur
2999 4806 3460 4881 pcenitentiased
3484 4812 3610 4863 tan-

1952 4899 2211 4971 quamin
2226 4898 2640 4956 fundamento.
2664 4901 2928 4955 Manente
2950 4898 3153 4970 itaque
3184 4897 3599 4959 fundamento,

1950 4990 2210 5045 recurari
2236 4988 2551 5044 aediﬁcium
2571 4992 2763 5060 potest
2795 4987 2877 5044 :si
2904 4992 3105 5044 autem
3137 4986 3600 5042 fundamentum

1949 5077 2162 5134 iterare
2187 5078 2323 5150 quis
2340 5077 2609 5144 voluerit,
2626 5082 2814 5134 totum
2841 5076 3163 5133 aediﬁcium
3192 5075 3606 5131 subvertatne-

1950 5182 2111 5221 cesse
2142 5171 2245 5223 est.
2281 5170 2594 5238 Propterea
2614 5167 2729 5223 hoc
2760 5167 2897 5222 dicit
2920 5166 3195 5229 Hebraeis,
3221 5164 3322 5236 qui
3345 5179 3415 5218 ea
3445 5178 3602 5219 novo

1947 5257 2320 5311 Testamento
2350 5255 2426 5311 ad
2461 5256 2855 5311 sacerdotium
2888 5260 3056 5310 vetus
3085 5253 3420 5309 declinasse
3446 5252 3605 5308 vide-

1946 5344 2164 5400 bantur
2195 5360 2207 5398 :
2243 5344 2496 5417 Ideoque
2530 5344 2907 5409 remittentes,
2949 5342 3158 5415 inquit,
3198 5341 3351 5397 initii
3382 5340 3604 5398 Christi

1946 5433 2210 5500 verbum,
2244 5435 2305 5489 in
2333 5435 2894 5489 consummationem
2921 5431 3327 5501 respiciamus,
3362 5430 3602 5488 nonite-

1944 5538 2078 5580 rum
2109 5523 2393 5593 iacientes
2414 5522 2874 5592 fundamentum
2898 5521 3261 5590 paenitentia?
3290 5536 3327 5579 a
3351 5520 3601 5577 mortuis

1944 5612 2235 5684 operibus,
2254 5620 2305 5670 et
2314 5612 2455 5683 ﬁdei
2466 5613 2525 5669 in
2540 5611 2983 5683 Deum,lavacri
2995 5611 3294 5679 doctrina,
3312 5610 3597 5683 impositi-
