4120 6202
226 181 371 237 2105

223 309 288 362 ut
313 307 571 377 gratiam
612 321 939 379 pacemque
976 307 1327 365 hominibus
1351 309 1664 379 largiretur
1697 331 1708 379 ;
1739 327 1870 383 gra-

223 395 369 451 tiam
399 395 460 450 in
491 394 843 452 remissione
875 402 1278 467 peccatorum,
1304 414 1514 469 pacem
1539 399 1598 455 in
1621 401 1879 456 reconci-

221 483 467 540 liatione
492 484 587 539 Dei
615 485 718 555 (a),
753 501 789 540 a
813 501 936 557 quo
960 493 1246 557 separant
1271 487 1398 543 sola
1420 493 1665 558 peccata
1691 509 1711 546 :
1735 505 1875 544 cum

225 571 514 628 dixissent
540 571 728 629 Judaei
768 574 934 645 quod
965 574 1024 629 in
1054 575 1376 631 Beelzebub
1408 577 1878 647 ejiceretdaamo-

225 664 348 728 nia,
365 661 824 718 misericorditer
843 678 946 719 eos
961 664 1146 721 voluit
1161 666 1508 731 admonere,
1537 682 1608 722 ne
1624 666 1877 723 verbum

226 750 495 807 dicerent
554 755 610 807 et
655 752 1100 824 blasphemiam
1162 754 1222 809 in
1266 755 1548 827 Spiritum
1598 761 1875 812 sanctum

228 839 464 903 (Matth.
495 857 594 906 xu,
623 843 831 910 22-33),
863 842 979 898 hoc
1009 847 1116 908 est,
1153 859 1224 899 ne
1251 845 1455 914 gratiae
1488 846 1587 900 Dei
1619 845 1874 917 pacique

220 928 580 996 resisterent,
597 945 784 1001 quam
807 947 912 1002 per
930 932 1210 1003 Spiritum
1226 939 1496 989 sanctum
1509 934 1736 990 donare
1760 936 1875 989 Do-

221 1017 424 1073 minus
455 1023 714 1076 venerat.
748 1019 872 1076 Non
901 1021 1046 1092 quia
1071 1022 1198 1090 jam
1242 1022 1356 1078 hoc
1395 1021 1676 1089 fecerant,
1707 1022 1872 1094 quod

224 1105 339 1161 sibi
366 1122 563 1179 neque
591 1107 651 1162 in
673 1108 788 1164 hoc
814 1109 1050 1176 saeculo,
1083 1125 1276 1182 neque
1304 1111 1364 1166 in
1389 1110 1588 1168 futuro
1615 1112 1874 1168 dimitte-

224 1200 412 1266 retur;
438 1195 542 1251 sed
564 1212 638 1252 ne
664 1197 1044 1268 desperando
1057 1199 1130 1254 de
1145 1200 1338 1263 venia,
1356 1202 1642 1272 autquasi
1664 1201 1737 1256 de
1760 1217 1873 1257 sua

215 1283 444 1353 justitia
469 1286 916 1356 praesumendo,
946 1293 1002 1343 et
1032 1287 1448 1360 paenitentiam
1466 1305 1587 1345 non
1610 1290 1871 1359 agendo,

222 1376 326 1428 aut
362 1375 800 1444 perseverando
829 1375 892 1431 in
923 1377 1208 1447 peccatis,
1257 1378 1372 1434 hoc
1401 1379 1663 1434 facerent
1695 1395 1707 1433 :
1761 1380 1872 1434 hoc

218 1461 407 1517 modo
427 1462 587 1518 enim
603 1464 868 1521 dicerent
891 1465 1164 1531 verbum,
1181 1466 1296 1522 hoc
1323 1471 1410 1522 est
1430 1467 1872 1539 blasphemiam

220 1549 283 1605 in
318 1551 600 1621 Spiritum
633 1557 934 1617 sanctum,
983 1554 1045 1610 in
1088 1571 1210 1626 quo
1240 1556 1526 1612 Dominus
1573 1557 1744 1627 signa
1774 1557 1874 1613 illa

219 1640 858 1711 propterlargiendam
889 1644 1141 1712 gratiam
1168 1660 1500 1717 pacemque
1523 1645 1798 1709 faciebat,
1825 1646 1872 1702 si

217 1730 663 1799 perseverantia
676 1736 1054 1801 peccatorum
1071 1733 1188 1804 ipsi
1211 1735 1414 1803 gratiae
1437 1735 1686 1806 pacique
1701 1735 1870 1790 resis-

219 1821 432 1876 terent.
459 1819 724 1875 Verbum
738 1821 897 1876 enim
919 1821 1136 1887 dicere,
1159 1838 1279 1878 non
1298 1823 1377 1879 ita
1401 1822 1634 1879 videtur
1654 1824 1749 1879 hic
1769 1839 1872 1896 po-

217 1906 422 1974 situm,
455 1913 516 1964 ut
555 1909 976 1966 tantummodo
1005 1910 1153 1966 illud
1176 1911 1541 1982 intelligatur
1570 1913 1735 1984 quod
1768 1928 1872 1984 per

215 1995 493 2067 linguam
525 1996 915 2063 fabricamus,
951 1999 1055 2055 sed
1085 2001 1249 2072 quod
1277 2001 1456 2057 corde
1487 2007 1866 2072 conceptum,

211 2084 400 2141 etiam
430 2101 609 2157 opere
635 2087 1050 2160 exprimimus.
1075 2089 1412 2146 Sicutenim
1445 2106 1565 2147 non
1588 2090 1870 2146 conﬁten-

217 2177 316 2229 tur
349 2177 558 2238 Deum,
589 2176 693 2248 qui
720 2181 954 2232 tantum
995 2178 1117 2233 oris
1158 2193 1307 2234 sono
1337 2179 1713 2248 conﬁtentur,
1748 2195 1870 2235 non

216 2262 402 2319 etiam
428 2263 604 2320 bonis
633 2265 916 2335 operibus
941 2281 1112 2322 :nam
1137 2267 1212 2322 de
1241 2267 1333 2322 his
1348 2267 1574 2322 dictum
1597 2273 1703 2331 est,
1729 2269 1874 2323 Con-

209 2353 462 2420 ﬁtentur
471 2353 626 2411 enim
637 2370 698 2412 se
709 2370 870 2411 nosse
882 2357 1278 2425 Deum/netis
1291 2363 1486 2412 autem
1503 2358 1745 2428 negant(
1759 2356 1869 2412 Tit.

215 2457 258 2507 ι,
284 2443 390 2513 t6).
420 2443 502 2499 Ex
531 2459 650 2515 quo
670 2445 1057 2501 manifestum
1080 2451 1162 2501 est
1186 2445 1306 2501 dici
1335 2446 1558 2517 aliquid
1579 2447 1768 2512 factis,
1793 2447 1870 2502 si-

219 2535 322 2588 cut
345 2532 728 2589 manifestum
776 2539 863 2589 est
894 2535 1096 2604 negari
1138 2534 1364 2604 aliquid
1405 2534 1591 2590 factis.
1627 2536 1692 2590 Et
1721 2535 1872 2592 sicut

216 2619 366 2675 illud
380 2622 543 2692 quod
557 2623 637 2678 ait
656 2623 1182 2694 Apostolus,Nemo
1203 2624 1366 2688 dicit,
1384 2623 1669 2680 Dominus
1686 2627 1878 2690 Iesus,

217 2711 341 2765 nisi
354 2711 413 2764 in
433 2709 930 2782 Spiritusnnctoﬂ
961 2712 1093 2768 Cor.
1117 2728 1216 2777 xu,
1241 2717 1292 2778 3)
1319 2728 1332 2777 ;
1353 2728 1473 2768 non
1501 2719 1700 2784 potest
1720 2719 1879 2770 recte

214 2797 488 2868 intelligi,
516 2800 626 2854 nisi
650 2799 706 2855 in
736 2800 903 2856 factis
923 2801 1118 2856 dicere
1149 2801 1526 2871 intelligatur.
1559 2805 1683 2858 Non
1716 2803 1874 2859 enim

214 2886 337 2943 hoc
377 2887 436 2942 in
471 2889 687 2960 Spiritu
715 2895 924 2945 sancto
954 2890 1148 2945 dicere
1174 2889 1427 2961 putandi
1462 2895 1623 2955 sunt,
1657 2891 1881 2960 quibus

214 2977 351 3048 ipse
380 2977 666 3033 Dominus
691 2977 857 3045 dicit,
907 2979 1132 3050 thuid
1169 2978 1322 3034 mihi
1349 2978 1570 3047 dicitis,
1608 2979 1880 3046 Domine,

219 3066 490 3132 Domine,
517 3070 569 3123 et
600 3082 718 3122 non
733 3068 937 3136 facitis
958 3083 1090 3139 qua
1117 3068 1249 3124 dico
1266 3067 1422 3124 vobis
1450 3068 1614 3139 (Luc.
1641 3085 1716 3132 v1,
1743 3068 1835 3137 46)
1856 3067 1884 3123 ?

290 3163 362 3228 (α)
395 3165 412 3212 l
450 3164 676 3214 Retract.
715 3178 830 3228 cap.
868 3166 944 3213 25.

958 179 1186 238 EPIST.
1223 181 1320 238 AD
1357 182 1546 250 GAL.,
1587 184 1646 239 S.
1688 184 1852 244 AUG.
1899 186 2390 244 EXPOSITIONIS
2431 184 2649 244 LIBER
2684 182 2898 242 UNUS.

3501 180 3644 240 2106

1985 317 2040 368 et
2070 313 2387 379 illud,Non
2422 313 2722 384 omnisqui
2745 309 2893 366 mihi
2907 307 3353 375 dicit,Domine,
3370 310 3639 374 Domine,

1983 401 2234 458 intrabit
2267 404 2327 458 in
2368 417 2616 471 regnum
2671 401 2952 456 caelorum
2981 397 3222 466 (Matth.
3276 414 3370 461 vn,
3399 401 3511 468 2t).
3546 399 3640 454 Sic

1985 492 2163 547 etiam
2194 493 2297 564 qui
2328 493 2440 548 hoc
2472 491 2742 553 verbum,
2771 489 2934 560 quod
2963 488 3089 543 sine
3124 488 3293 543 venia
3324 487 3633 542 vultintel-

1984 581 2083 651 ligi
2119 583 2425 646 Dominus,
2459 581 2521 637 in
2553 579 2837 651 Spiritum
2869 583 3147 633 sanctum
3177 577 3336 641 dicit,
3384 577 3498 632 hoc
3527 582 3633 641 est,

1984 669 2090 741 qui
2120 670 2447 742 desperans
2478 669 2552 724 de
2579 669 2767 738 gratia
2798 673 2854 722 et
2882 683 3029 737 pace
3077 683 3263 738 quam
3315 668 3522 732 donat,
3579 665 3639 719 in

1981 761 2240 831 peccatis
2270 760 2393 815 suis
2420 758 2924 831 perseverandum
2954 756 3065 811 sibi
3090 772 3218 811 esse
3245 755 3404 822 dicit,
3438 754 3636 810 dicere

1980 847 2400 918 intelligendus
2431 853 2522 903 est
2552 847 2718 902 factis
2744 864 2756 897 :
2793 850 2854 900 ut
2883 844 3192 916 quomodo
3224 843 3305 898 illi
3328 843 3495 898 factis
3529 846 3640 898 Do-

1980 937 2212 992 minum
2243 941 2486 1006 negant,
2512 936 2595 990 sic
2624 936 2720 990 isti
2743 933 2910 990 factis
2937 933 3140 988 dicant
3167 947 3229 987 se
3255 931 3313 986 in
3335 932 3497 986 mala
3521 931 3638 985 vita

1981 1031 2158 1081 suaet
2171 1026 2414 1097 perditis
2431 1025 2701 1080 moribus
2716 1026 3288 1094 perseveraturos,et
3302 1022 3380 1076 ita
3395 1020 3634 1087 faciant,

1975 1113 2092 1169 hoc
2116 1120 2202 1169 est
2231 1119 2622 1185 perseverent.
2655 1112 2826 1178 Quod
2849 1112 2895 1166 si
2927 1111 3170 1173 faciunt,
3199 1110 3334 1181 quis
3357 1109 3485 1178 jam
3522 1107 3640 1162 mi-

1976 1207 2156 1265 retur,
2186 1209 2288 1257 aut
2313 1203 2448 1272 quis
2480 1218 2594 1256 non
2632 1201 2936 1268 intelligat,
2969 1205 3026 1255 et
3075 1199 3395 1254 Dominum
3438 1199 3638 1252 Jesum

1980 1292 2279 1346 Christum
2313 1307 2417 1362 per
2465 1290 2625 1345 illam
2659 1289 3192 1344 comminationem
3235 1286 3313 1342 ad
3345 1286 3639 1356 poeniten-

1979 1381 2123 1435 tiam
2155 1395 2405 1436 vocasse
2435 1379 2698 1441 Judaaos,
2733 1382 2794 1431 ut
2823 1377 2904 1431 eis
2932 1378 2990 1431 in
3015 1393 3077 1430 se
3096 1374 3473 1430 credentibus
3506 1389 3638 1443 gra-

1979 1471 2127 1524 tiam
2179 1483 2512 1541 pacemque
2543 1467 2794 1523 donaret
2823 1482 2837 1530 ;
2871 1471 2928 1520 et
2983 1465 3120 1519 huic
3149 1464 3354 1532 gratiae
3385 1463 3640 1533 pacique

1979 1558 2412 1623 resistentibus,
2438 1563 2494 1612 et
2522 1557 2636 1611 hoc
2668 1555 2850 1610 modo
2874 1555 3125 1609 verbum
3152 1557 3330 1624 atque
3362 1551 3640 1621 blasphe-

1982 1647 2162 1703 miam
2192 1647 2250 1702 in
2278 1647 2558 1717 Spiritum
2591 1648 2865 1700 sanctum
2897 1642 3248 1704 dicentibus,
3287 1642 3399 1696 hoc
3432 1646 3540 1704 est,
3575 1640 3635 1694 in

1980 1735 2242 1808 peccatis
2271 1736 2394 1790 suis
2427 1735 2746 1805 desperata
2788 1739 2964 1803 atque
2997 1732 3183 1802 impia
3216 1730 3429 1786 mentis
3457 1728 3639 1785 obsti-

1979 1825 2222 1881 natione
2269 1823 2808 1895 perseverantibus,
2843 1826 2900 1875 et
2954 1820 3242 1875 adversus
3294 1822 3478 1874 Deum
3512 1817 3640 1872 sine

1977 1913 2309 1969 humilitate
2365 1911 2756 1968 confessionis
2792 1915 2966 1981 atque
3017 1908 3378 1980 poenitentiae
3427 1921 3633 1977 super-

1977 2002 2298 2069 bientibus,
2355 2016 2545 2072 neque
2594 2001 2653 2054 in
2683 1999 2797 2055 hoc
2829 1997 3071 2064 saeculo,
3099 2013 3295 2069 neque
3340 1996 3401 2050 in
3439 1995 3640 2050 futuro

1978 2091 2217 2147 veniam
2241 2105 2414 2162 posse
2440 2089 2688 2145 concedi
2716 2096 2742 2143 (ἱ
2762 2088 2903 2157 Qum
2929 2088 2978 2142 si
3000 2087 3082 2144 ita
3108 2091 3264 2152 sunt,
3289 2083 3638 2156 opportuni-

1979 2185 2098 2237 tate
2123 2179 2413 2236 tractandi
2444 2178 2518 2234 de
2549 2178 2737 2246 gratia
2770 2183 2824 2233 et
2862 2192 3029 2247 pace,
3081 2191 3217 2248 quae
3271 2173 3446 2230 nobis
3477 2178 3564 2229 est
3603 2188 3640 2228 a

1982 2273 2100 2325 Deo
2131 2273 2296 2325 Patre
2321 2274 2378 2324 et
2407 2267 2657 2323 Domino
2680 2272 2884 2322 nostro
2905 2265 3044 2321 Jesu
3071 2264 3323 2327 Christo,
3341 2277 3564 2331 magna
3582 2265 3642 2316 et

1979 2358 2332 2415 difﬁcillima
2361 2357 2574 2413 eodem
2606 2357 2736 2426 ipso
2793 2355 3043 2410 Domino
3074 2351 3362 2424 largiente
3393 2349 3639 2422 quaestio

1981 2449 2266 2504 dissoluta
2286 2451 2392 2502 est.
2423 2445 2702 2516 Quisquis
2721 2448 2922 2501 autem
2940 2443 3140 2498 adhuc
3165 2440 3240 2496 de
3267 2455 3327 2494 re
3360 2443 3526 2496 tanta
3550 2437 3642 2492 di-

1979 2537 2347 2608 ligentiorem
2386 2532 2926 2589 considerationem
2975 2529 3510 2598 tractationemque
3536 2526 3641 2580 de-

1982 2626 2224 2686 siderat,
2275 2624 2335 2679 in
2384 2621 2677 2693 Evangelii
2738 2620 3086 2676 tractatione
3118 2621 3298 2688 atque
3352 2616 3413 2670 in
3445 2612 3643 2668 verbis

1980 2713 2494 2782 Evangelistarum
2521 2710 2632 2765 sibi
2663 2708 3067 2764 desideranda
3099 2722 3229 2761 esse
3268 2706 3598 2775 cognoscat
3626 2717 3640 2756 :

1980 2808 2036 2859 et
2069 2801 2398 2858 meminerit
2425 2815 2537 2855 nos
2568 2813 2728 2854 nunc
2761 2797 3084 2869 Epistolam
3106 2790 3538 2864 Pauliapostoli
3561 2788 3640 2846 ad

1983 2893 2285 2948 Romanos
2325 2889 2667 2960 suscepisse
2700 2885 3101 2950 tractandam,
3156 2883 3329 2954 cujus
3370 2879 3641 2952 Epistolas

1985 2985 2210 3035 textum
2233 2982 2696 3049 consequentem
2728 2976 2786 3030 in
2818 2975 2949 3031 aliis
2982 2972 3409 3038 voluminibus,
3445 2970 3493 3025 si
3542 2972 3648 3024 Do-

1987 3069 2185 3124 minus
2208 3067 2468 3130 voluerit,
2487 3064 2945 3137 vestigabimus,
2966 3062 3143 3132 uthuj
3158 3078 3223 3116 us
3245 3062 3373 3131 jam
3399 3059 3643 3116 tandem

1997 3156 2109 3210 iste
2141 3155 2216 3210 sit
2257 3153 2490 3210 modus.

236 3284 2782 3290 __________—_——_in
2853 3284 2868 3285 κν

327 3385 422 3448 De
451 3380 886 3471 subsequenti
915 3403 1138 3471 opere,
1170 3380 1323 3446 vide
1351 3380 1464 3447 lib.
1506 3383 1568 3462 1,
1604 3403 1752 3470 cap.
1787 3382 1896 3462 24,
1921 3379 2526 3459 Retractationum,
2564 3401 2606 3444 α
2628 3376 2754 3444 col.
2788 3377 2947 3455 622,
2986 3371 3230 3451 verbis,
3258 3371 3422 3438 Post
3461 3369 3644 3433 hunc

231 3497 494 3564 librum
529 3498 833 3586 exposui,
893 3520 1102 3588 usque
1140 3496 1239 3562 ad
1260 3496 1387 3562 col.
1423 3497 1578 3580 623,
1613 3496 1853 3576 verbis,
1899 3495 2186 3584 Scripsit
2214 3495 2610 3584 Apostolus.
2974 3489 3063 3556 M.

1749 3654 2153 3665 _—-———

238 3657 2153 3666 ———__——_________
2173 3657 2542 3659 #vi,
2695 3657 2702 3658 η

234 3657 3635 3690 *ι-ῤ-Ψ--Ὶ
2954 3676 3638 3690 ._____——-

242 3676 3644 3704 π

1057 3755 1169 3906 8,
1298 3755 1900 3876 AUBELII
2023 3752 2819 3875 AUGUSTINI

1277 3991 2003 4081 HlPPONENSIS
2109 3990 2492 4079 EPISCO
2509 3989 2610 4078 ΡΙ

758 4172 1736 4318 EPISTOL/E
1849 4174 2115 4317 AD
2225 4164 3114 4317 GALATAS

1275 4411 1878 4539 (Expositionis
1980 4416 2186 4512 librr
2259 4404 2599 4510 unus“).

1447 4577 1677 4630 -κδ

913 4698 1099 4739 PILEFA
1108 4699 1218 4739 ΤῙΟ.

317 4777 364 4828 t.
398 4775 592 4830 Causa
609 4777 854 4844 propter
874 4788 1058 4845 quam
1073 4771 1277 4828 scribit
1293 4773 1608 4844 Apostolus
1632 4773 1709 4829 ad
1724 4773 1891 4830 Gala-

238 4868 352 4926 tas,
386 4862 516 4917 haac
560 4865 670 4925 est,
707 4865 768 4918 ut
811 4860 1139 4930 intelligant
1177 4861 1430 4930 gratiam
1465 4861 1563 4916 Dei
1602 4861 1658 4916 id
1688 4879 1890 4918 secum

236 4966 438 5024 agere,
464 4956 526 5006 ut
549 4951 661 5006 sub
687 4950 983 5021 Legejam
1012 4966 1130 5005 non
1155 4951 1287 5005 sint.
1319 4949 1466 5004 Cum
1499 4950 1657 5005 enim
1686 4951 1892 5021 praedi-

236 5046 372 5097 cata
383 5041 468 5096 eis
483 5044 639 5095 esset
653 5038 956 5108 Evangelii
970 5039 1308 5108 gratia,non
1322 5038 1636 5094 defuerunt
1651 5039 1887 5110 quidam

237 5145 308 5186 ex
338 5129 819 5198 circumcisione,
843 5127 1119 5201 quamvis
1143 5127 1456 5184 Christiani
1481 5127 1744 5196 nomine,
1770 5142 1890 5183 non

236 5221 386 5277 dum
420 5226 615 5276 tamen
641 5224 911 5276 tenentes
943 5219 1144 5292 ipsum
1189 5218 1391 5290 gratiae
1421 5215 1804 5284 beneficium,
1836 5221 1892 5272 et

1699 4576 2400 4632 Μυκ-

1999 4684 2197 4741 adhuc
2222 4681 2482 4738 volentes
2496 4692 2625 4734 esse
2651 4677 2763 4732 sub
2784 4673 3070 4732 oneribus
3085 4672 3276 4744 Legis,
3300 4685 3436 4742 quas
3450 4666 3650 4726 Domi-

2000 4788 2114 4829 nus
2128 4773 2292 4831 Deus
2315 4769 2704 4840 imposuerat,
2723 4780 2843 4820 non
2857 4763 3093 4836 justitiae
3107 4759 3521 4824 servientibus,
3543 4757 3651 4814 sed

2001 4867 2263 4935 peccato,
2285 4860 2513 4930 justam
2548 4855 2768 4911 scilicet
2793 4854 3009 4923 Legem
3040 4849 3276 4923 injustis
3305 4847 3651 4935 hominibus

2001 4933 2206 5008 dando
2222 4949 2298 5005 ad
2323 4943 2799 5004 demonstranda
2831 4947 3076 5014 peccata
3097 4954 3325 5003 eorum,
3348 4951 3469 4991 non
3493 4933 3652 4989 aufe-

2002 5040 2218 5097 renda:
2236 5055 2351 5094 non
2370 5037 2527 5092 enim
2543 5034 2732 5091 aufert
2746 5035 2991 5105 peccata
3004 5030 3115 5085 nisi
3138 5027 3328 5098 gratia
3341 5023 3493 5088 fidei,
3514 5037 3650 5093 quas

2002 5145 2109 5200 per
2123 5128 2500 5183 dilectionem
2520 5129 2792 5198 operatur
2820 5139 2833 5176 :
2863 5121 2976 5176 sub
3008 5120 3121 5175 hac
3151 5131 3289 5186 ergo
3319 5111 3509 5200 gratia
3525 5111 3654 5181 jam

2004 5197 2238 5271 Calatas
2251 5197 2714 5278 constitutos,illi
2730 5208 3007 5265 volebant
3019 5202 3378 5261 constituere
3393 5197 3505 5252 sub
3517 5211 3656 5252 one-

1506 5329 1780 5362 ADXONITIO
1815 5329 1895 5369 PP.
1937 5325 2390 5361 Βεκεῡιρτιηοιωκ.

296 5407 600 5472 Castigatus
634 5411 716 5472 est
749 5407 862 5472 (hic
893 5407 1045 5466 liber)
1075 5405 1151 5472 ad
1178 5405 1393 5472 eosdem
1425 5403 1636 5472 codices
1668 5417 1789 5472 cum
1819 5403 2160 5464 Expositione
2189 5399 2434 5464 Epistola:
2464 5397 2531 5447 ad
2562 5399 2836 5446 Romanos
2880 5408 2892 5443 :
2926 5395 3290 5457 prmtereaque
3329 5387 3398 5436 ad
3423 5385 3652 5436 alterum

234 5466 569 5526 Thuaneiim,
599 5471 664 5520 ad
701 5466 1066 5525 Albinenscm,
1092 5467 1467 5517 Michaelinum
1505 5470 1555 5515 et
1589 5466 1943 5529 Sergicnsem.

335 5559 906 5649 Comparavimus
929 5572 1258 5649 praeterea
1289 5579 1400 5622 eas
1435 5578 1664 5621 omnes
1692 5554 2022 5622 editiones
2051 5552 2252 5620 initio
2282 5553 2465 5618 Retr.
2493 5555 2560 5615 et
2587 5547 2894 5616 Confess.
2924 5557 2971 5611 t.
3001 5546 3061 5625 1,
3098 5551 3534 5609 memoratas.
3560 5535 3650 5601 M.

301 5675 374 5738 (a)
398 5675 637 5742 Scriptus
667 5677 880 5754 circiter
908 5675 1099 5726 Christi
1134 5686 1338 5724 annum
1369 5673 1458 5721 394
1495 5685 1506 5721 :
1533 5671 1731 5723 scilicet
1764 5671 2064 5736 Augustino
2094 5668 2269 5720 adhuc
2296 5665 2632 5731 presbytero,
2661 5677 2724 5712 ex
2759 5661 2849 5711 lib.
2889 5663 2910 5710 1
2946 5660 3198 5745 Retract.,
3231 5670 3384 5722 capp.
3419 5656 3477 5704 23
3500 5658 3551 5704 et
3573 5654 3656 5703 24.
