4120 6202
582 259 722 314 2107

581 385 756 442 ribus
788 383 979 453 Legis,
1011 383 1422 438 asseverantes
1448 379 1593 437 nihil
1622 379 1708 435 eis
1732 379 2016 451 prodesse
2047 380 2234 434 Evan-

576 475 823 546 gelium,
856 473 970 528 nisi
998 471 1589 534 circumciderentur,
1613 471 1671 523 et
1695 472 1938 523 caeteras
1962 467 2231 522 carnales

573 563 800 618 Judaici
818 563 964 617 ritus
980 560 1430 616 observationes
1447 558 1734 613 subirent.
1752 557 1818 612 Et
1832 556 1964 612 ideo
1979 555 2231 612 Paulum

577 651 915 722 apostolum
941 655 1279 721 suspectum
1297 648 1516 703 habere
1547 651 1870 718 cmperant,
1901 662 1936 703 a
1965 661 2087 717 quo
2113 645 2228 700 illis

581 741 966 812 Evangelium
990 739 1380 811 praedicatum
1399 742 1546 805 erat,
1569 741 1860 808 tanquam
1885 751 2005 791 non
2032 741 2231 791 tenen-

578 836 697 887 tem
719 829 1096 899 disciplinam
1131 833 1475 882 caeterorum
1492 826 1935 897 Apostolorum,
1959 825 2064 897 qui
2085 825 2232 880 Gen-

577 923 662 974 tes
717 918 1013 987 cogebant
1074 916 1400 987 judaizare.
1467 917 1730 971 Cesserat
1801 915 1959 970 enim
2023 915 2231 970 talium

568 1008 884 1064 hominum
897 1006 1193 1062 scandalis
1207 1004 1515 1076 apostolus
1530 1007 1814 1073 Petrus,et
1829 1004 1888 1058 in
1902 1003 2230 1059 simulatio-

574 1112 712 1152 nem
730 1097 946 1151 ductus
962 1099 1106 1160 erat,
1133 1100 1424 1166 tanquam
1443 1099 1498 1150 et
1526 1096 1652 1165 ipse
1664 1094 1778 1150 hoc
1802 1094 2060 1157 sentiret,
2087 1091 2230 1148 nihil

573 1185 856 1255 prodesse
915 1184 1197 1240 Gentibus
1252 1184 1662 1252 Evangelium,
1695 1183 1813 1237 nisi
1843 1198 2027 1238 onera
2057 1181 2229 1251 Legis

570 1273 921 1344 implerent:
952 1290 986 1329 a
1011 1289 1134 1344 qua
1167 1272 1546 1328 simulatione
1569 1273 1726 1326 idem
1745 1271 2053 1341 apostolus
2083 1274 2232 1325 Pau-

573 1364 665 1418 lus
692 1379 830 1418 eum
857 1367 1114 1425 revocat,
1151 1362 1301 1416 sicut
1331 1362 1388 1416 in
1443 1361 1557 1416 hac
1605 1361 1740 1430 ipsa
1772 1359 2026 1431 Epistola
2057 1360 2232 1414 docet

574 1452 776 1520 (Galat.
801 1469 859 1516 11,
895 1453 998 1516 14).
1028 1450 1184 1505 Talis
1212 1449 1458 1521 quidem
1491 1449 1742 1521 quaestio
1769 1453 1855 1504 est
1881 1449 1939 1503 in
1970 1448 2232 1518 Epistola

577 1541 655 1596 ad
689 1544 988 1595 Romanos
1033 1556 1044 1593 :
1103 1543 1519 1593 verumtamen
1555 1539 1785 1594 videtur
1829 1538 2053 1608 aliquid
2085 1539 2232 1592 inte-

576 1628 944 1699 resse,quod
975 1628 1054 1682 ibi
1079 1627 1521 1683 contentionem
1551 1629 1746 1698 ipsam
1774 1628 2016 1693 dirimit,
2045 1627 2232 1681 litem-

576 1733 694 1788 que
724 1717 1049 1788 componit,
1085 1734 1216 1788 quae
1245 1718 1396 1772 inter
1425 1733 1527 1772 eos
1551 1717 1655 1789 qui
1685 1734 1756 1772 ex
1781 1717 2020 1782 Judeeis,
2044 1723 2100 1772 et
2125 1730 2231 1773 eos

575 1806 678 1876 qui
704 1821 775 1860 ex
803 1806 1086 1860 Gentibus
1107 1806 1500 1869 crediderant,
1520 1810 1650 1862 orta
1669 1811 1812 1870 erat,
1843 1822 1982 1861 cum
2011 1806 2088 1860 illi
2109 1812 2229 1861 tan-

574 1909 759 1965 quam
776 1910 846 1949 ex
878 1895 1096 1950 meritis
1118 1911 1368 1965 operum
1398 1895 1564 1964 Legis
1582 1895 1692 1951 sibi
1720 1895 2020 1950 redditum
2044 1898 2230 1950 Evan-

575 1983 711 2053 gelii
734 1984 1049 2054 praemium
1070 1983 1516 2049 arbitrarentur,
1532 1984 1696 2054 quod
1722 1984 2036 2054 praemium
2058 1985 2230 2039 incir-

573 2073 854 2128 cumcisis
897 2078 1185 2144 tanquam
1239 2073 1551 2128 immeritis
1609 2073 1893 2128 nolebant
1938 2074 2065 2129 dari
2100 2090 2113 2139 ;
2148 2073 2226 2130 illi

569 2161 1011 2217 contraJudesis
1035 2179 1095 2217 se
1114 2161 1388 2232 praeferre
1404 2162 1700 2233 gestirent,
1731 2167 2018 2232 tanquam
2047 2162 2228 2219 inter-

568 2250 890 2306 fectoribus
924 2250 1190 2305 Domini:
1248 2251 1305 2306 in
1337 2251 1450 2306 hac
1507 2266 1648 2306 vero
1683 2250 1946 2322 Epistola
1987 2251 2066 2306 ad
2122 2267 2225 2307 eos

571 2339 790 2409 scribit,
819 2339 926 2410 qui
952 2339 1078 2409 jam
1106 2341 1391 2396 commoti
1415 2344 1586 2395 erant
1617 2340 1962 2396 auctoritate
1986 2339 2224 2396 illorum

571 2429 674 2500 qui
707 2443 779 2483 ex
808 2429 1026 2483 Judmis
1052 2434 1238 2495 erant,
1267 2433 1324 2484 et
1349 2429 1426 2484 ad
1453 2429 1901 2484 observationes
1933 2431 2101 2497 Legis
2128 2445 2224 2486 co-

570 2518 790 2586 gebant
805 2534 818 2582 ;
834 2523 1139 2588 coeperant
1154 2519 1312 2572 enim
1332 2519 1414 2572 eis
1428 2518 1686 2583 credere,
1704 2523 1992 2590 tanquam
2009 2519 2222 2574 Paulus

568 2607 880 2677 apostolus
908 2622 1027 2660 non
1058 2622 1199 2661 vera
1225 2607 1630 2678 praedicasset,
1658 2607 1822 2677 quod
1845 2623 1944 2662 eos
1973 2607 2218 2662 circum-

568 2693 684 2748 cidi
710 2694 1012 2748 noluisset.
1041 2697 1104 2749 Et
1134 2695 1268 2749 ideo
1300 2696 1382 2748 sic
1413 2696 1623 2764 coepit:
1650 2695 1837 2749 Miror
1851 2696 1987 2765 quod
2009 2696 2086 2750 sic
2110 2704 2220 2751 tam

566 2783 1110 2852 citotransferimini
1154 2783 1219 2836 ab
1249 2800 1323 2850 eo,
1369 2783 1461 2853 qui
1491 2800 1578 2837 vos
1640 2785 1846 2838 vocavit
1894 2785 1951 2838 in
1981 2785 2220 2854 gloriam

569 2870 798 2935 Christi,
834 2871 891 2924 in
913 2870 1066 2925 aliud
1091 2871 1468 2940 Evangelium.
1497 2873 1617 2926 Hoc
1643 2887 1784 2941 ergo
1816 2874 2060 2928 exordio
2083 2890 2220 2930 cau-

569 2975 644 3013 sae
673 2959 1066 3031 quaestionem
1099 2960 1353 3015 breviter
1403 2961 1742 3017 insinuavit.
1773 2964 2133 3034 Quanquam
2164 2968 2220 3021 et

566 3048 697 3118 ipsa
731 3048 1104 3116 salutatione,
1124 3050 1486 3105 cumdicitse
1513 3051 1876 3120 apostolum,
1909 3069 2012 3107 non
2038 3052 2103 3106 ab
2126 3054 2217 3108 ho—

569 3137 826 3200 minibus,
875 3155 1036 3209 neque
1062 3155 1165 3209 per
1194 3140 1458 3196 hominem
1489 3140 1598 3212 (Id.
1654 3157 1692 3206 1,
1728 3146 1779 3206 6,
1817 3143 1888 3213 1),
1940 3142 2105 3214 quod
2156 3142 2217 3198 in

563 3226 730 3281 nulla
760 3226 874 3281 alia
905 3227 1149 3298 epistola
1176 3228 1396 3283 dixisse
1425 3231 1741 3297 invenitur,
1771 3231 1915 3286 satis
1937 3231 2213 3297 ostendit,

569 3319 625 3370 et
655 3315 786 3370 illos
813 3316 914 3388 qui
933 3316 1072 3372 talia
1097 3317 1562 3389 persuadebant,
1591 3334 1713 3375 non
1734 3336 1861 3376 esse
1887 3337 1922 3376 a
1947 3323 2080 3390 Deo,
2109 3320 2217 3376 sed

567 3404 644 3461 ab
669 3405 1013 3461 hominibus
1053 3422 1066 3472 ;
1097 3411 1151 3461 et
1181 3407 1409 3462 caeteris
1467 3409 1782 3479 Apostolis,
1812 3414 2106 3481 quantum
2138 3409 2214 3464 ad

566 3495 979 3551 auctoritatem
1002 3495 1318 3551 testimonii
1349 3497 1675 3566 evangelici
1703 3499 1975 3569 pertinet,
2019 3498 2216 3570 impa-

564 3599 690 3640 rem
723 3600 785 3639 se
810 3584 1020 3640 haberi
1051 3599 1172 3640 non
1204 3590 1476 3658 oportere
1513 3607 1526 3643 :
1561 3587 2064 3659 quandoquidem
2096 3603 2217 3644 non

566 3673 644 3728 ab
672 3673 1039 3740 hominibus,
1074 3689 1268 3746 neque
1283 3675 1727 3746 perhominem,
1758 3676 1861 3731 sed
1890 3691 1993 3747 per
2014 3679 2216 3732 Jesum

566 3762 866 3817 Christum
896 3769 950 3817 et
979 3763 1165 3818 Deum
1198 3763 1430 3819 Patrem
1465 3780 1525 3820 se
1569 3765 1911 3836 apostolum
1965 3766 2213 3821 noverit.

563 3851 805 3919 Singula
832 3851 1009 3920 igitur
1038 3852 1116 3906 ab
1146 3854 1275 3922 ipso
1311 3853 1581 3924 Epistolas
1631 3855 1940 3919 vestibulo,
1978 3857 2217 3925 permit-

563 3942 722 3993 tente
777 3939 1026 3995 Domino
1061 3945 1116 3995 et
1141 3941 1467 4011 adjuvante
1518 3943 1785 3999 studium
1817 3949 2109 4013 nostrum,
2138 3943 2220 3999 sic

565 4026 1004 4082 consideranda
1035 4033 1089 4083 et
1122 4030 1434 4085 tractanda
1464 4033 1862 4102 suscepimus.

637 4145 690 4196 2.
726 4143 947 4212 [ϐΑιΑΤ.
980 4159 1096 4214 cap.
1141 4161 1176 4206 1,
1212 4144 1254 4204 ἰν
1282 4144 1343 4205 ἲν.
1372 4147 1426 4209 1,
1478 4146 1551 4215 2].
1586 4145 1791 4201 Paulus
1820 4148 2087 4218 apostolus
2120 4165 2222 4203 non

566 4231 630 4286 ab
653 4231 975 4297 hominibus,
1005 4249 1166 4304 neque
1184 4251 1286 4304 per
1312 4234 1597 4300 hominem,
1621 4236 1712 4291 sed
1733 4253 1828 4307 per
1851 4237 2028 4293 Jesum
2062 4239 2226 4294 Chri-

564 4329 724 4386 stum,
758 4327 810 4376 et
835 4321 999 4376 Deum
1019 4325 1258 4388 Patrem,
1287 4326 1382 4395 qui
1403 4325 1682 4379 suscitavit
1715 4325 1870 4380 illum
1889 4343 1923 4380 a
1950 4330 2208 4407 mortuis,-

568 4419 615 4466 et
637 4413 730 4482 qui
750 4428 948 4468 mecum
969 4419 1093 4468 sunt
1119 4430 1292 4467 omnes
1311 4413 1538 4484 fratres,
1564 4414 1819 4469 Ecclesiis
1837 4416 2088 4471 Galatia.
2106 4415 2217 4481 Qui

566 4499 643 4555 ab
657 4501 1004 4557 hominibus
1022 4503 1559 4568 mittitur,mendax
1575 4505 1790 4577 est;qui
1805 4520 1908 4577 per
1919 4505 2225 4561 hominem

563 4590 826 4656 mittitur,
848 4595 1185 4662 potestesse
1212 4608 1410 4656 verax,
1430 4594 1569 4665 quia
1590 4597 1646 4648 et
1662 4596 1812 4648 Deus
1827 4610 2004 4649 verax
2017 4599 2221 4665 potest

562 4695 668 4751 per
683 4680 1234 4752 hominemgmittere
1253 4700 1265 4736 :
1280 4684 1381 4755 qui
1395 4699 1536 4754 ergo
1553 4700 1747 4757 neque
1760 4685 1836 4741 ab
1851 4685 2196 4740 hominibus
2210 4735 2223 4757 ,

562 4784 756 4840 neque
783 4786 888 4841 per
915 4772 1243 4837 hominem,
1271 4773 1373 4828 sed
1400 4789 1508 4845 per
1527 4775 1712 4828 Deum
1740 4775 2007 4841 mittitur,
2029 4775 2105 4830 ab
2128 4775 2226 4830 illo

560 4872 742 4911 verax
776 4864 880 4927 est,
915 4860 1018 4930 qui
1045 4861 1227 4916 etiam
1256 4877 1362 4932 per
1393 4862 1704 4918 hominem
1737 4865 1956 4918 missos
1987 4880 2226 4920 veraces

565 4945 724 5001 facit.
780 4947 1009 5003 Priores
1039 4965 1180 5020 ergo
1210 4951 1474 5021 Apostoli
1535 4967 1801 5017 veraces,
1861 4953 1964 5024 qui
1997 4969 2116 5008 non
2149 4954 2227 5010 ab

554 5038 924 5106 hominibus,
953 5039 1052 5092 sed
1085 5054 1120 5094 a
1145 5041 1260 5093 Deo
1281 5054 1383 5110 per
1406 5039 1714 5094 hominem
1745 5041 1910 5095 missi
1936 5046 2093 5104 sunt,
2122 5058 2224 5112 per

561 5129 765 5184 Jesum
797 5128 1096 5184 Christum
1159 5127 1382 5184 scilicet
1434 5128 1632 5183 adhuc
1667 5130 2001 5185 mortalem.
2034 5130 2226 5187 Verax

554 5222 734 5274 etiam
767 5217 1132 5274 novissimus
1164 5216 1505 5289 Apostolus,
1541 5217 1644 5290 qui
1674 5233 1784 5290 per
1814 5217 2228 5274 JesumChris-

563 5305 690 5362 tum
733 5313 923 5364 totum
977 5307 1104 5379 jam
1142 5309 1324 5362 Deum
1373 5312 1506 5379 post
1552 5308 2046 5364 resurrectionem
2098 5310 2227 5380 ejus

558 5396 775 5452 missus
788 5402 873 5453 est
887 5398 983 5470 (a).
1002 5397 1230 5452 Priores
1245 5403 1381 5453 sunt
1404 5398 1602 5453 caeteri
1619 5397 1886 5468 Apostoli
1915 5413 2017 5469 per
2032 5397 2222 5453 Chris-

573 5489 699 5540 tum
731 5487 929 5542 adhuc
959 5504 1030 5542 ex
1076 5493 1242 5558 parte
1272 5487 1602 5556 hominem,
1635 5487 1693 5542 id
1726 5493 1813 5543 est
1870 5488 2183 5544 mortalem
2210 5497 2226 5538 :

561 5573 922 5630 novissimus
955 5580 1044 5631 est
1071 5577 1283 5633 Paulus
1310 5577 1641 5650 apostolus,
1671 5592 1775 5650 per
1794 5577 2085 5634 Christum
2096 5577 2222 5648 jam

545 5759 548 5763 ’
627 5766 699 5834 (a)
728 5767 756 5820 Ι
791 5768 1019 5819 Retract.
1052 5783 1169 5836 cap.
1199 5773 1280 5830 ει,
1308 5785 1371 5827 n.
1406 5775 1452 5820 1.

242 20 4071 118 ——-————_——!-q

1576 253 1951 312 EPISTOLE
1989 252 2086 307 AD
2125 251 2468 321 GALATAS,
2504 251 2567 308 S.
2610 250 2994 310 AUGUSTINI

3810 258 3921 313 2108

2342 379 2536 434 totum
2566 377 2772 444 Deum,
2795 376 2858 432 id
2883 380 2988 442 est,
3010 374 3177 432 omni
3193 389 3263 432 ex
3290 377 3452 447 parte
3469 374 3838 433 immortalem.
3858 380 3920 444 Sit

2340 481 2482 536 ergo
2496 465 2823 523 testimonii
2838 467 2968 536 ejus
2990 463 3240 536 aequalis
3263 465 3591 532 auctoritas,
3607 466 3664 520 in
3687 467 3919 537 cujusho-

2341 570 2549 621 norem
2576 554 2782 626 implet
2811 553 3156 611 clariﬁcalio
3188 553 3438 618 Domini,
3471 553 3517 608 si
3546 555 3681 625 quid
3708 555 3919 612 habebat

2339 647 2489 700 ordo
2523 645 2802 716 temporis
2835 643 3055 699 minus.
3091 642 3228 698 Ideo
3259 643 3416 697 enim
3442 658 3575 697 cum
3603 641 3840 710 dixisset,
3864 645 3918 700 Et

2342 732 2515 788 Deum
2529 733 2768 798 Patrem,
2790 732 3039 797 addidit,
3064 731 3447 802 quisuscitavit
3478 731 3628 786 illum
3654 748 3684 785 a
3706 735 3927 804 mortuis,-

2344 821 2614 878 utetiam
2659 838 2731 878 ex
2776 821 2890 878 hoc
2935 819 3116 875 modo
3157 819 3406 875 breviter
3449 819 3572 890 jam
3602 835 3634 874 a
3661 819 3928 877 clariﬁcato

2343 911 2593 966 missum
2621 927 2683 966 88
2713 926 2845 966 esse
2873 913 3390 966 commemoraret.

2411 1029 2462 1080 3.
2496 1025 2600 1096 [lb.
2625 1041 2662 1090 1,
2684 1024 2823 1098 3-5.]
2846 1025 3043 1080 Gratia
3070 1023 3214 1079 vobis
3233 1030 3284 1079 et
3307 1040 3416 1095 pane
3445 1039 3478 1078 a
3504 1022 3611 1078 Deo
3635 1023 3783 1078 Patre
3801 1026 3929 1078 etDo-

2339 1115 2621 1169 minoJesu
2638 1115 2874 1170 Christo.
2905 1113 3104 1169 Gratia
3133 1112 3225 1168 Dei
3251 1120 3468 1184 estqua
3495 1111 3664 1167 nobis
3684 1112 3931 1168 donantur

2341 1208 2607 1274 peccata,
2627 1207 2688 1258 ut
2718 1201 3172 1258 reconciliemur
3195 1204 3312 1256 Deo
3338 1216 3352 1266 ;
3387 1217 3504 1272 pax
3523 1204 3733 1264 autem,
3751 1215 3851 1272 qua
3867 1216 3931 1255 re-

2340 1291 2731 1347 conciliamur
2748 1292 3001 1356 Deo.Qui
3011 1290 3155 1344 dedit
3168 1291 3505 1361 semetipsum
3519 1305 3616 1360 pro
3627 1289 3831 1360 peccatis
3841 1305 3929 1343 nos-

2339 1383 2464 1444 tris,
2497 1387 2556 1436 ut
2584 1381 2843 1435 eximeret
2869 1397 2962 1434 nos
2984 1380 3053 1434 de
3076 1380 3342 1450 praesenti
3370 1380 3561 1434 saeculo
3591 1378 3819 1448 maligno.
3845 1380 3929 1433 Ste-

2339 1468 2542 1524 culum
2571 1483 2834 1539 presens
2872 1469 3201 1538 malignum
3221 1473 3462 1539 propter
3480 1466 3760 1535 malignos
3785 1465 3932 1521 homi-

2340 1573 2468 1621 nes,
2492 1557 2668 1629 quiin
2685 1573 2754 1613 eo
2769 1564 2929 1622 sunt,
2955 1556 3413 1627 intelligendum
3432 1561 3518 1611 est
3537 1572 3548 1611 :
3568 1556 3711 1610 sicut
3725 1554 3932 1609 dicimus

2339 1650 2394 1702 et
2409 1646 2734 1715 malignam
2748 1646 3271 1717 domum,propter
3285 1643 3934 1715 malignosinhabitantes

2338 1735 2398 1789 in
2412 1751 2502 1790 ea.
2524 1735 2818 1790 Secundum
2837 1735 3156 1789 voluntatem
3180 1735 3300 1788 Dei.
3323 1739 3377 1788 et
3395 1735 3577 1789 Patris
3590 1732 3773 1798 nostri,
3788 1731 3862 1785 cui
3878 1735 3936 1784 est

2335 1825 2528 1894 gloria
2540 1825 2599 1879 in
2610 1824 2808 1880 secula
2817 1825 3159 1890 saeculorum,
3171 1827 3213 1878 Α
3225 1841 3363 1880 men.
3374 1825 3416 1889 Ο
3427 1827 3604 1880 uanto
3620 1822 3782 1894 igitur
3793 1819 3935 1888 magis

2336 1914 2613 1969 homines
2644 1929 2763 1970 non
2788 1913 3010 1969 debent
3027 1918 3380 1982 arroganter
3407 1912 3485 1968 ad
3508 1913 3724 1983 seipsos
3742 1909 3932 1971 referre,

2337 2002 2385 2056 si
2414 2002 2560 2074 quid
2589 2006 2914 2072 operantur
2944 2002 3088 2058 boni
3117 2019 3130 2067 ;
3164 2002 3418 2073 quando
3449 2005 3507 2057 et
3534 2001 3655 2072 ipse
3683 1998 3769 2054 Dei
3797 1995 3934 2053 Filius

2335 2091 2392 2145 in
2428 2091 2766 2160 Evangelio,
2802 2107 2923 2146 non
2965 2091 3218 2161 gloriam
3257 2107 3435 2146 suam
3469 2106 3531 2146 se
3555 2103 3796 2162 quaerere
3820 2085 3935 2141 dixit

2333 2179 2509 2245 (Joan.
2533 2195 2650 2243 vur,
2677 2181 2790 2251 50),
2811 2195 3006 2251 neque
3029 2180 3398 2236 voluntatem
3426 2195 3596 2236 suam
3623 2179 3828 2233 venisse
3867 2173 3932 2229 fa-

2333 2283 2484 2334 cere,
2506 2269 2609 2324 sed
2625 2270 2990 2325 voluntatem
3005 2269 3132 2339 ejus
3159 2271 3263 2342 qui
3287 2285 3432 2325 eum
3447 2269 3601 2325 misit
3620 2268 3722 2338 (Id.
3737 2282 3798 2330 v1,
3819 2264 3891 2332 38)
3905 2263 3928 2314 ‘t

2333 2357 2524 2423 Quam
2551 2358 2918 2414 voluntatem
2941 2359 3316 2430 gloriamque
3343 2359 3532 2414 Patris
3549 2372 3698 2413 nunc
3717 2366 3929 2410 comme-

2332 2447 2934 2518 moravitApostolus,
2954 2449 3152 2519 utipse
3169 2463 3420 2518 quoque
3437 2446 3663 2503 Domini
3683 2442 3927 2514 exemplo,

2329 2549 2365 2590 a
2391 2551 2511 2606 quo
2527 2535 2747 2590 missus
2774 2541 2882 2605 est,
2906 2551 3026 2591 non
3046 2551 3108 2590 se
3137 2551 3412 2607 quaerere
3437 2535 3682 2606 gloriam
3708 2547 3853 2587 suam
3869 2529 3927 2583 si-

2329 2624 2653 2693 gniﬁcaret,
2675 2641 2780 2679 nec
2804 2625 2996 2680 facere
3017 2625 3390 2681 voluntatem
3410 2641 3583 2681 suam
3599 2621 3921 2692 significaret.

2328 2727 2437 2766 nec
2467 2713 2657 2768 facere
2682 2713 3051 2769 voluntatem
3073 2730 3246 2769 suam
3266 2715 3324 2769 in
3348 2714 3760 2785 praedicatione
3780 2710 3926 2763 Evan-

2327 2801 2479 2871 gelii,
2513 2802 2664 2857 sicut
2684 2803 2866 2874 paulo
2903 2809 3037 2875 post
3068 2803 3208 2859 dicit
3233 2804 3339 2858 :Si
3360 2803 3666 2859 hominibus
3680 2801 3920 2873 placerem.

2328 2890 2542 2945 Christi
2577 2906 2762 2947 servus
2790 2907 2901 2947 non
2930 2909 3087 2947 essem
3119 2893 3328 2960 (Galat.
3369 2910 3414 2958 1,
3462 2893 3569 2964 tO).

2395 3007 2448 3060 4.
2479 3006 2582 3072 [lb.
2612 3023 2650 3072 1,
2683 3007 2829 3082 6-9.]
2857 3009 3035 3065 Miror
3050 3008 3199 3080 quod
3214 3009 3290 3063 sic
3305 3016 3423 3064 tam
3445 3011 3547 3064 cito
3572 2999 3926 3077 trans/erimini

2323 3096 2388 3150 ab
2405 3113 2481 3166 eo,
2504 3097 2604 3168 qui
2618 3114 2705 3151 vos
2718 3099 2928 3152 vocavit
2953 3098 3008 3152 in
3026 3098 3256 3169 gloriam
3285 3098 3527 3166 Christi,
3546 3099 3600 3152 in
3628 3095 3769 3151 aliud
3786 3094 3929 3147 Evan-

2322 3185 2541 3256 gelium,
2570 3187 2705 3257 quod
2725 3205 2829 3241 non
2851 3195 2924 3241 est
2944 3187 3118 3241 aliud.
3145 3186 3543 3257 Evangelium
3571 3186 3720 3242 enim
3741 3183 3783 3239 si
3805 3177 3929 3237 aliud

2324 3280 2429 3343 est,
2463 3280 2675 3346 praeter
2704 3276 2762 3330 id
2789 3276 2972 3347 quod,
3008 3279 3132 3332 sive
3163 3291 3268 3347 per
3301 3291 3394 3342 se,
3427 3277 3550 3332 sive
3578 3290 3677 3347 per
3711 3273 3926 3342 aliquem

2326 3365 2609 3418 Dominus
2623 3363 2804 3431 dedit;
2807 3365 2931 3434 jam
2948 3380 3057 3420 nec
3072 3365 3465 3435 Evangelium
3477 3370 3628 3420 recte
3639 3362 3744 3419 dici
3759 3361 3926 3433 potest.

2321 3453 2646 3524 Vigilanter
2679 3459 2901 3522 autem,
2933 3470 3074 3510 cum
3105 3455 3380 3521 dixisset,
3413 3449 3866 3523 transieriminiab
3887 3463 3928 3501 eo

2323 3543 2415 3614 qui
2444 3559 2531 3596 vos
2561 3544 2764 3598 vocavit
2797 3561 2812 3610 ;
2849 3543 3143 3615 adjunxit,
3178 3545 3235 3599 in
3264 3545 3504 3616 gloriam
3535 3543 3750 3608 Christi,
3779 3552 3927 3613 quam

2329 3629 2605 3686 volebant
2632 3631 2708 3686 illi
2736 3647 3043 3700 evacuare,
3079 3634 3254 3704 quasi
3286 3632 3515 3691 frustra
3540 3633 3750 3689 venerit
3778 3629 3930 3686 Chris-

2328 3724 2444 3786 tus,
2461 3720 2506 3774 si
2517 3720 2643 3790 jam
2666 3720 3042 3777 circumcisio
3057 3721 3255 3776 carnis
3277 3726 3466 3795 atque
3488 3718 3927 3792 hujusmodiope-

2329 3824 2396 3866 ra
2425 3809 2595 3878 Legis
2617 3814 2848 3866 tantum
2874 3810 3176 3876 valebant,
3196 3817 3257 3866 ut
3286 3812 3512 3883 perilla
3538 3811 3794 3867 homines
3816 3801 3928 3860 salvi

2329 3897 2555 3954 ﬁerent.
2600 3899 2729 3955 Nisi
2759 3899 2935 3970 aliqui
2963 3905 3096 3954 sunt
3131 3899 3522 3956 conturbantes
3548 3917 3648 3965 vos,
3683 3906 3726 3954 et
3750 3895 3928 3951 volentes

2329 3994 2633 4043 convertere
2659 3989 3011 4059 Evangelium
3041 3989 3276 4045 Christi.
3305 3990 3444 4046 Non
3469 3983 3929 4062 quemadmodum

2330 4075 2473 4131 istos
2499 4076 2878 4141 conturbant,
2910 4077 2992 4132 ita
3008 4078 3183 4133 etiam
3213 4083 3569 4134 convertunt
3600 4071 3928 4144 Evangelium

2333 4165 2562 4229 Christi,
2593 4166 2737 4236 quia
2769 4172 2969 4221 manet
2999 4166 3297 4222 ﬁrmissim
3313 4183 3417 4223 um
3444 4183 3457 4223 :
3493 4167 3597 4223 sed
3618 4171 3800 4222 tamen
3825 4171 3930 4216 con-

2331 4258 2559 4309 vertere
2590 4255 2814 4320 volunt,
2845 4256 2946 4327 qui
2967 4255 3044 4310 ab
3072 4256 3484 4327 spiritualibus
3517 4258 3591 4312 ad
3609 4252 3848 4310 carnalia
3868 4262 3930 4301 re-

2332 4349 2549 4399 vocant
2579 4345 2964 4400 intentionem
2998 4345 3394 4401 credentium.
3427 4344 3545 4400 lllis
3572 4344 3724 4399 enim
3754 4338 3820 4396 ad
3846 4338 3933 4391 ista

2334 4433 2656 4496 conversis,
2692 4437 2893 4488 manet
2921 4433 3302 4501 Evangelium
3347 4450 3470 4490 non
3511 4443 3855 4490 conversum.
3887 4425 3933 4477 Et

2335 4519 2468 4575 ideo
2483 4536 2619 4576 cum
2640 4520 2906 4583 dixisset,
2927 4522 3312 4577 conturbantes
3333 4538 3570 4586 vos,non
3588 4521 3742 4589 dixit,
3761 4522 3930 4571 etcon-

2334 4613 2649 4676 vertentes,
2666 4610 2790 4674 sed,
2808 4610 3056 4675 volentes,
3081 4611 3288 4682 inquit,
3305 4618 3612 4666 convertere
3625 4603 3930 4676 Evangelium

2336 4697 2565 4764 Christi,
2605 4697 2704 4753 Sed
2734 4699 2855 4753 licet
2885 4715 3001 4764 nos,
3034 4705 3130 4754 aut
3156 4699 3378 4770 angelus
3404 4700 3467 4754 de
3487 4699 3614 4754 calo
3644 4696 3785 4751 vobis
3811 4703 3933 4746 evan-

2333 4786 2649 4857 gelizaverit
2687 4792 3055 4859 praeterquam
3107 4788 3244 4858 quod
3280 4787 3758 4860 evangelizavimus
3803 4778 3932 4839 vobis,

2334 4876 2618 4931 anathema
2633 4879 2724 4931 sit.
2752 4878 2971 4933 Veritas
3001 4882 3241 4948 propter
3262 4879 3531 4949 seipsam
3558 4870 3929 4945 diligendaest.

2335 4981 2455 5020 non
2505 4971 2744 5037 propter
2769 4965 3096 5032 hominem,
3131 4971 3232 5021 aut
3269 4971 3515 5038 propter
3544 4962 3826 5034 angelum,
3855 4966 3936 5027 per

2335 5069 2515 5124 quem
2531 5055 2935 5108 annuntiatur.
2954 5055 3060 5118 Qui
3083 5056 3240 5109 enim
3264 5060 3512 5126 propter
3535 5050 3934 5109 annuntiatores

2335 5141 2522 5213 diligit
2544 5158 2699 5207 eam,
2726 5146 2922 5214 potest
2943 5144 3128 5200 etiam
3149 5143 3464 5198 mendacia
3489 5142 3744 5212 diligere,
3774 5135 3936 5203 siqua

2333 5231 2480 5286 forte
2512 5231 2623 5303 ipsi
2655 5248 2763 5287 sua
2794 5232 3162 5302 protulerint.
3189 5230 3336 5287 Sicut
3355 5231 3732 5302 praediximus,
3755 5232 3798 5279 et
3823 5230 3936 5274 nunc

2335 5321 2537 5376 iterum
2568 5321 2701 5385 dico,
2733 5322 2782 5374 si
2810 5322 2928 5391 quis
2954 5322 3096 5375 vobis
3123 5320 3592 5391 evangelisaverit
3619 5321 3931 5390 praeterquam

2338 5410 2784 5480 quodaccepistis,
2818 5410 3111 5465 anathema
3134 5411 3224 5463 sit.
3260 5413 3369 5464 Aut
3395 5423 3657 5480 presens
3686 5406 3789 5460 hoc
3817 5410 3934 5469 pra‘r

2334 5498 2585 5564 dixerat,
2609 5505 2709 5552 aut
2739 5498 2881 5569 quia
2905 5499 3133 5554 iteravit
3154 5497 3316 5570 quod
3345 5497 3512 5562 dixit,
3539 5499 3831 5568 propterea
3856 5497 3936 5537 νο·

2331 5587 2438 5643 luit
2466 5587 2679 5653 dicere,
2708 5587 2857 5642 Sicut
2910 5587 3295 5658 praediximus.
3322 5588 3541 5641 Tamen
3583 5584 3709 5654 ipsa
3743 5571 3934 5634 iteratio

2331 5676 2720 5733 saluberrime
2746 5675 3133 5732 intentionem
3166 5679 3363 5732 movet
3405 5675 3482 5730 ad
3524 5671 3839 5728 ﬁrmitatem
3864 5674 3925 5716 ῐθο

2331 5765 2561 5822 tinendi
2592 5781 2744 5834 eam,
2779 5782 2916 5840 quas
2943 5767 3026 5823 sic
3053 5763 3528 5832 commendatur,
3563 5761 3748 5817 fidem.
