4112 6192
161 166 312 223 2109

230 290 287 344 5.
323 287 432 362 [lb.
465 306 503 356 ι,
535 287 654 362 10.]
681 287 841 348 Modo
879 304 1004 361 ergo
1027 287 1331 347 hominibus
1350 292 1648 358 suadeo,an
1673 292 1830 348 Deo?

153 387 250 435 aut
280 395 466 450 quaero
490 377 794 433 hominibus
821 378 1032 449 placere
1054 380 1082 433 ?
1102 379 1165 434 Si
1181 380 1355 437 adhuc
1376 381 1681 437 hominibus
1707 384 1829 453 pla-

153 485 349 533 cerem,
366 467 583 523 Christi
591 484 776 522 servus
788 484 891 523 non
906 485 1083 524 essem.
1103 472 1288 526 Nemo
1304 474 1420 527 Deo
1434 471 1662 536 suadet,
1683 471 1827 543 quia.

155 557 475 615 manifesta
502 561 640 613 sunt
669 557 748 612 illi
775 558 1010 614 omnia:
1042 558 1143 614 sed
1176 559 1523 615 hominibus
1551 559 1648 615 ille
1671 559 1824 616 bene

153 649 391 712 suadet,
407 647 510 719 qui
529 661 650 702 non
665 662 729 701 se
743 645 854 701 illis
873 646 1106 717 placere
1129 647 1273 715 vult,
1299 648 1404 704 sed
1427 649 1621 719 ipsam
1635 663 1822 720 quam

153 735 495 793 suadetveri
505 740 702 792 tatem.
722 735 830 801 Qui
848 736 1005 791 enim
1023 735 1594 807 placethominibus,
1610 752 1731 792 non
1747 737 1824 793 ab

153 827 302 898 ipsis
319 842 495 882 suam
519 826 772 896 gloriam
792 841 1092 898 quaerens,
1117 826 1222 882 sed
1248 827 1370 897 Dei,
1398 830 1457 882 ut
1483 826 1633 882 salvi
1657 827 1822 889 ﬁant,

156 931 277 972 non
298 916 430 988 jam
458 915 828 980 hominibus,
863 915 970 970 sed
995 918 1110 971 Deo
1137 915 1357 987 placet:
1386 922 1488 973 aut
1519 920 1673 972 certe
1697 915 1825 986 jam

157 1021 294 1062 cum
330 1010 388 1060 et
417 1006 536 1060 Deo
565 1005 763 1076 ptacet
794 1003 972 1060 simul
998 1010 1053 1060 et
1074 1005 1446 1074 hominibus,
1482 1020 1604 1061 non
1629 1005 1826 1075 utique

153 1095 503 1152 hominibus
517 1093 728 1165 placet.
742 1092 1017 1149 Aliudest
1031 1094 1191 1150 enim
1206 1094 1436 1165 placere
1449 1093 1822 1159 hominibus,

152 1183 320 1241 aliud
346 1189 400 1239 et
419 1186 534 1239 Deo
556 1188 611 1238 et
628 1182 998 1239 hominibus.
1023 1188 1164 1238 Item
1192 1184 1296 1255 qui
1311 1182 1667 1238 hominibus
1693 1197 1827 1252 pro-

154 1278 289 1345 pter
306 1273 610 1328 veritatem
631 1272 843 1342 placet,
873 1287 992 1327 non
1010 1273 1139 1343 jam
1164 1272 1294 1343 ipse
1315 1271 1450 1336 illis,
1477 1271 1583 1327 sed
1599 1272 1825 1326 veritas

154 1363 371 1435 placet.
395 1362 671 1416 Placerem
697 1365 896 1416 autem
921 1360 1067 1416 dixit
1095 1368 1394 1433 quantum
1415 1361 1474 1416 in
1495 1360 1692 1431 seipso
1719 1367 1823 1426 est,

153 1455 454 1524 quantum
475 1449 552 1506 ad
578 1450 709 1520 ejus
735 1449 1100 1506 voluntatem
1131 1450 1339 1506 attinet
1363 1465 1376 1516 ;
1405 1466 1474 1506 ac
1505 1449 1552 1504 si
1584 1449 1823 1510 diceret.

153 1542 393 1612 placere
423 1538 651 1594 vellem.
671 1542 796 1595 Non
821 1540 978 1595 enim
1005 1539 1054 1594 si
1087 1540 1200 1595 hoc
1227 1555 1294 1594 eo
1317 1554 1439 1595 non
1457 1542 1669 1608 agente
1701 1537 1830 1609 pla-

153 1634 288 1684 ceat
315 1628 512 1693 alicui,
539 1627 718 1700 quasi
750 1632 995 1699 propter
1025 1628 1312 1699 seipsum,
1347 1634 1403 1684 et
1433 1643 1554 1683 non
1587 1631 1829 1698 propter

153 1717 348 1773 Deum
367 1722 542 1788 atque
571 1716 959 1786 Evangelium
976 1716 1139 1788 quod
1171 1716 1508 1781 annuntiat,
1534 1714 1829 1786 superbiae

148 1807 345 1878 ipsius
375 1806 592 1878 potius,
621 1821 809 1878 quam
839 1805 1020 1860 errori
1040 1805 1170 1875 ejus
1193 1805 1290 1861 cui
1318 1820 1594 1876 perverse
1615 1803 1826 1875 placet,

151 1894 541 1952 tribuendum
571 1900 679 1951 est.
703 1896 811 1950 Iste
836 1895 1038 1966 itaque
1073 1910 1288 1950 sensus
1309 1900 1397 1949 est
1429 1910 1441 1948 :
1479 1893 1656 1948 Modo
1687 1908 1830 1961 ergo

151 1985 506 2041 hominibus
517 1984 766 2044 suadeo,
783 1999 860 2039 an
879 1985 996 2039 Deo
1013 1983 1154 2040 ‘laut
1167 1984 1310 2055 quia
1323 1983 1672 2039 hominibus
1688 1997 1830 2039 sua-

150 2075 290 2140 deo,
307 2073 872 2146 qumrohominibus
888 2073 1120 2144 placere
1148 2072 1176 2128 ?
1196 2072 1249 2128 Si
1274 2073 1472 2128 adhuc
1484 2072 1829 2128 hominibus

147 2178 488 2237 quaererem
517 2162 770 2233 placere,
796 2162 1006 2219 Christi
1032 2177 1244 2217 servus
1263 2178 1384 2218 non
1402 2178 1623 2217 essem.
1655 2161 1833 2221 Jubet

151 2252 322 2308 enim
351 2251 444 2307 ille
470 2250 659 2306 servis
679 2250 803 2305 suis
831 2255 892 2305 ut
909 2250 1144 2306 discant
1171 2250 1250 2306 ad
1278 2251 1416 2321 ipso
1441 2251 1608 2306 mites
1634 2265 1761 2305 esse
1777 2259 1832 2307 et

165 2340 426 2398 humiles
451 2340 630 2396 corde
657 2340 872 2411 (Matth.
898 2356 978 2404 x1,
1004 2340 1113 2411 29).
1141 2339 1311 2405 Quod
1336 2339 1498 2395 nullo
1524 2339 1708 2395 modo
1731 2354 1831 2409 po-

153 2437 273 2487 test
297 2431 400 2501 qui
419 2434 660 2501 propter
687 2429 980 2500 seipsum,
1001 2429 1062 2484 id
1095 2434 1183 2483 est
1201 2433 1446 2500 propter
1463 2444 1636 2484 suam
1653 2430 1831 2499 quasi

159 2520 463 2591 privatam
494 2524 550 2574 et
579 2519 886 2590 propriam
917 2518 1197 2586 gloriam,
1222 2517 1459 2589 placere
1483 2516 1832 2572 hominibus

154 2608 394 2682 quaerit.
411 2607 771 2663 Dicitautem
788 2612 843 2662 et
861 2607 1022 2672 alibi,
1048 2606 1368 2662 Hominibus
1389 2606 1693 2670 suademus,
1725 2606 1832 2660 Deo

158 2704 342 2752 autem
366 2697 708 2767 manifestati
733 2713 914 2751 sumus
941 2695 1028 2766 (II
1049 2697 1177 2751 Cor.
1210 2712 1266 2760 v,
1305 2700 1391 2764 tt)
1415 2713 1432 2760 _;
1453 2699 1514 2750 ut
1539 2694 1831 2764 intelligas

156 2785 329 2858 quod
370 2786 465 2841 hic
495 2786 594 2850 ait,
629 2785 957 2840 Hominibus
997 2785 1212 2850 suadeo,
1260 2802 1331 2839 an
1371 2784 1525 2840 Deo?
1565 2799 1685 2839 non
1720 2784 1830 2838 uti-

154 2889 280 2946 que
307 2876 442 2938 Deo,
470 2874 573 2928 sed
592 2873 943 2928 hominibus
970 2872 1372 2929 suadendum.
1398 2875 1524 2928 Non
1548 2887 1690 2941 ergo
1705 2888 1830 2927 mo-

153 2968 294 3019 veat
317 2963 480 3035 quod
513 2962 655 3017 alibi
685 2961 853 3028 dixit,
884 2962 1049 3020 Sicut
1069 2970 1117 3017 et
1146 2978 1239 3033 ego
1262 2961 1506 3016 omnibus
1521 2978 1619 3032 per
1647 2961 1831 3016 omnia

149 3052 343 3124 placeo
362 3074 381 3103 ,ο
413 3050 830 3120 addiditenim,
845 3053 972 3107 Non
994 3067 1254 3123 querens
1283 3051 1421 3122 quod
1439 3050 1574 3106 mihi
1589 3050 1829 3120 prodest,

150 3141 246 3198 sed
265 3140 405 3212 quod
434 3141 644 3207 multis,
677 3146 737 3196 ut
766 3141 913 3195 salvi
938 3142 1071 3211 ﬁant
1097 3142 1143 3211 (Ι
1174 3141 1298 3197 Cor.
1330 3157 1383 3205 x,
1418 3139 1531 3210 33).
1558 3139 1712 3195 Nulli
1733 3156 1834 3196 au-

155 3237 280 3287 tem
313 3229 575 3300 prodest,
611 3235 672 3285 ut
700 3229 904 3284 salvus
926 3229 1045 3296 fiat,
1079 3229 1126 3284 si
1158 3229 1354 3285 homo
1385 3229 1434 3284 ei
1467 3234 1710 3301 propter
1741 3243 1835 3284 se-

155 3321 362 3392 ipsum
381 3317 612 3389 placeat
636 3337 646 3376 :
671 3317 778 3390 qui
801 3333 923 3374 non
947 3317 1141 3389 placet
1159 3317 1404 3383 utiliter,
1423 3317 1684 3373 nisicum
1703 3332 1834 3389 pro-

155 3413 294 3482 pter
329 3406 829 3479 Deumzplacet,id
843 3412 948 3472 est,
971 3413 1035 3462 ut
1052 3406 1204 3463 Deus
1238 3407 1836 3478 placeatetgloriﬁce-

157 3504 276 3562 tur,
320 3511 452 3550 cum
479 3495 641 3551 dona
664 3495 792 3566 ejus
824 3495 1220 3552 attenduntur
1238 3496 1298 3551 in
1319 3495 1583 3561 homine,
1608 3501 1710 3551 aut
1729 3511 1835 3567 per

156 3585 554 3641 ministerium
586 3585 847 3641 hominis
887 3585 1296 3656 accipiuntur;
1329 3601 1468 3640 cum
1504 3591 1704 3641 autem
1748 3585 1833 3640 sic

153 3675 344 3731 homo
359 3673 572 3746 placet,
591 3689 708 3729 non
722 3675 848 3745 jam
866 3674 1070 3738 homo,
1089 3674 1195 3730 sed
1214 3677 1364 3730 Deus
1379 3673 1588 3745 placet.
1609 3673 1834 3730 Utrum-

155 3779 280 3837 que
307 3777 448 3833 ergo
478 3769 633 3818 recte
663 3763 780 3818 dici
813 3767 1044 3834 potest;
1079 3767 1151 3827 et,
1189 3766 1307 3833 Ego
1338 3763 1565 3833 placeo,
1599 3768 1673 3828 et,
1709 3777 1828 3818 non

155 3868 275 3922 ego
294 3851 515 3923 placeo.
545 3853 604 3907 Si
627 3853 785 3907 enim
800 3851 959 3908 adsit
980 3852 1177 3907 bonus
1200 3851 1545 3916 intellector,
1578 3851 1831 3923 piusque

153 3941 442 4013 pulsator,
474 3942 700 4012 patebit
730 3947 1072 4013 utrumque,
1107 3948 1163 3997 et
1194 3941 1360 3997 nulla
1393 3942 1546 3996 inter
1577 3956 1638 3996 se
1656 3956 1829 4012 repu-

159 4031 413 4102 gnantia
441 4030 685 4102 repellet
705 4030 1049 4087 intrantem.

236 4149 287 4201 6.
316 4143 429 4219 [lb.
464 4162 500 4211 ι,
532 4147 621 4210 tl,
657 4144 768 4218 12.]
800 4145 1005 4201 Notum
1027 4145 1167 4200 enim
1201 4144 1346 4199 vobis
1406 4146 1566 4216 facio,
1603 4145 1828 4215 fratres,

159 4234 529 4306 Evangelium,
564 4234 700 4306 quod
728 4235 1154 4304 evangelizatum
1181 4241 1262 4289 est
1291 4251 1436 4300 ame,
1469 4235 1599 4305 quia
1624 4251 1728 4289 non
1754 4242 1829 4289 est

153 4323 446 4378 secundum
474 4324 763 4379 hominem.
797 4326 979 4395 Neque
1005 4325 1148 4378 enim
1184 4340 1273 4394 ego
1299 4323 1362 4378 ab
1395 4323 1603 4378 homine
1653 4323 1831 4394 accepi

156 4412 326 4480 illud,
361 4430 519 4484 neque
545 4413 737 4480 didici,
768 4414 856 4468 sed
886 4430 983 4484 per
1014 4412 1401 4468 reuelationem
1427 4414 1557 4468 Jesu
1591 4412 1827 4468 Christi.

160 4502 550 4571 Evangelium
569 4503 730 4575 quod
750 4502 1082 4557 secundum
1106 4503 1414 4558 hominem
1442 4507 1552 4565 est,
1577 4501 1830 4557 menda-

161 4590 328 4645 cium
347 4594 448 4647 est.
470 4591 675 4648 Omnis
697 4591 857 4646 enim
878 4591 1060 4646 homo
1088 4591 1526 4662 mendax(Psal.
1547 4608 1678 4659 cxv,
1699 4593 1788 4659 11)
1813 4612 1824 4648 :

158 4679 616 4753 quiaquidquid
631 4680 892 4737 veritatis
917 4679 1216 4734 invenitur
1235 4679 1292 4734 in
1315 4679 1578 4744 homine,
1599 4695 1720 4736 non
1742 4685 1830 4736 est

163 4769 246 4824 ab
276 4769 540 4835 homine,
565 4769 668 4825 sed
689 4772 852 4825 aDeo
881 4785 984 4840 per
1006 4769 1331 4823 hominem.
1360 4768 1639 4838 ldeojam
1664 4769 1827 4841 quod

163 4858 499 4914 secundum
526 4859 832 4915 hominem
856 4864 959 4921 est,
981 4873 1088 4912 nec
1105 4857 1484 4926 Evangelium
1504 4857 1826 4913 dicendum

164 4952 253 5002 est
277 4964 288 5002 :
323 4948 497 5020 quale
521 4947 599 5002 illi
624 4947 1088 5018 afferebant,qui
1118 4947 1175 5000 in
1197 4947 1539 5001 servitutem
1559 4963 1628 5001 ex
1652 4946 1827 5001 liber-

167 5040 282 5092 tate
309 5036 686 5094 attrahebant
712 5053 815 5093 eos
839 5052 993 5109 quos
1016 5035 1169 5091 Deus
1182 5051 1252 5091 ex
1272 5036 1551 5091 servitute
1573 5035 1634 5091 in
1656 5034 1827 5091 liber-

166 5129 355 5181 tatem
371 5126 645 5182 vocabat.

237 5255 288 5305 7.
323 5248 432 5322 [lb.
465 5267 502 5315 1,
536 5251 620 5314 l3,
653 5248 765 5323 14.]
801 5269 830 5301 «
860 5248 1116 5304 Audistis
1135 5249 1294 5304 enim
1317 5248 1826 5304 conversationem

167 5353 368 5393 meam
392 5337 718 5408 aliquando
739 5338 795 5392 in
826 5338 1156 5401 Judaismo,
1188 5338 1334 5410 quia
1364 5353 1544 5408 supra
1577 5337 1826 5392 modum

168 5427 576 5498 persequebar
604 5426 923 5483 Ecclesiam
956 5427 1075 5493 Dei,
1109 5431 1162 5481 et
1190 5426 1501 5481 vastabam
1533 5426 1695 5481 illam
1731 5447 1742 5491 ;
1773 5431 1828 5483 et

169 5516 557 5587 proﬁciebam
590 5517 651 5571 in
676 5516 990 5571 Judaismo
1019 5531 1204 5586 supra
1238 5516 1456 5570 multos
1488 5521 1827 5571 coaetaneos

173 5621 342 5661 meos
368 5604 427 5659 in
460 5621 675 5676 genere
707 5621 861 5669 meo,
894 5604 1303 5662 abundantius
1328 5603 1642 5660 aemulator
1679 5605 1830 5661 exis-

177 5698 304 5750 tens
333 5699 722 5769 paternarum
755 5710 1029 5752 mearum
1053 5694 1508 5753 traditionum.»
1542 5695 1596 5751 Si
1624 5710 1826 5769 perse-

1399 166 1906 224 EXPOSITIONIS
1948 167 2163 225 LIBER
2200 166 2408 225 UNUS.

3455 169 3598 228 2110

1942 293 2189 366 quendo
2218 297 2276 350 et
2321 293 2619 350 vastando
2659 291 2979 348 Ecclesiam
3032 293 3128 349 Dei
3159 294 3507 365 proﬁciebat
3535 294 3597 350 in

1935 383 2265 447 Judaismo,
2321 389 2564 454 apparet
2613 382 2977 438 contrarium
3029 397 3157 437 esse
3208 383 3594 440 Judaismum

1936 472 2204 528 Ecclesiae
2220 472 2341 542 Dei,
2360 488 2478 527 non
2494 488 2598 542 per
2613 471 2774 527 illam
2789 471 3161 542 spiritualem
3177 472 3392 541 Legem
3409 488 3594 543 quam

1934 566 2290 633 acceperunt
2317 561 2522 631 Judaei,
2554 561 2654 616 sed
2684 577 2788 632 per
2837 560 3138 616 carnalem
3195 562 3596 616 conversatio-

1934 666 2074 709 nem
2095 651 2391 706 servitutis
2419 651 2708 722 ipsorum.
2742 653 2806 705 Et
2824 650 2870 704 si
2892 650 3224 714 aemulator,
3246 651 3306 705 id
3329 654 3440 714 est,
3464 649 3594 704 imi-

1935 743 2088 796 tator
2117 743 2501 811 paternarum
2520 755 2767 793 suarum
2791 737 3066 793 tradition
3077 755 3178 793 nm
3195 737 3598 809 persequeba-

1934 833 2032 885 tur
2047 830 2262 886 Paulus
2278 829 2600 884 Ecclesiam
2621 828 2738 892 Dei,
2765 832 3028 898 paternae
3050 828 3237 898 ipsius
3253 827 3598 882 traditiones

1935 917 2248 975 contrariae
2275 923 2416 972 sunt
2432 917 2705 973 Ecclesiae
2730 917 2847 981 Dei,
2874 932 2995 971 non
3021 921 3220 971 autem
3248 916 3418 985 Legis
3439 915 3596 970 illius

1935 1007 2112 1079 culpa
2130 1007 2244 1078 est;
2267 1008 2378 1062 Lex
2399 1007 2559 1062 enim
2587 1005 2908 1077 spiritualis
2931 1009 3020 1060 est
3043 1005 3216 1077 (Rom.
3243 1021 3337 1069 vn,
3359 1004 3471 1075 14),
3487 1019 3596 1059 nec

1935 1095 2248 1152 carnaliter
2278 1112 2338 1152 se
2361 1097 2514 1166 cogit
2538 1095 2787 1164 intelligi
2813 1112 2824 1148 :
2851 1095 2954 1150 sed
2981 1095 3220 1149 illorum
3249 1094 3457 1148 vitium
3481 1097 3591 1156 est,

1935 1184 2038 1256 qui
2072 1190 2127 1240 et
2152 1185 2250 1240 illa
2293 1201 2427 1255 quae
2460 1189 2836 1254 acceperunt,
2871 1183 3190 1238 carnaliter
3223 1184 3505 1248 sentiunt,
3540 1185 3596 1238 et

1938 1274 2126 1329 multa
2174 1275 2352 1329 etiam
2396 1290 2506 1328 sua
2552 1273 2942 1337 tradiderunt,
2985 1269 3397 1335 dissolventes,
3445 1272 3594 1326 sicut

1936 1363 2222 1420 Dominus
2247 1363 2412 1426 dicit,
2448 1362 2802 1418 mandatum
2837 1360 2957 1426 Dei,
2987 1365 3224 1432 propter
3247 1361 3591 1416 traditiones

1936 1469 2072 1508 suas
2104 1451 2323 1522 (Matth.
2355 1468 2453 1516 xv,
2485 1451 2560 1522 3).

2009 1565 2059 1617 8.
2102 1561 2210 1633 [lb.
2253 1576 2289 1624 1,
2327 1559 2542 1632 15-19.]
2571 1559 2704 1615 Cum
2734 1566 2911 1614 autem
2955 1558 3170 1627 placuit
3203 1558 3329 1622 Deo,
3363 1559 3458 1628 qui
3509 1573 3590 1612 me

1934 1651 2234 1722 segregavit
2260 1649 2321 1703 de
2342 1656 2525 1704 ventre
2545 1650 2739 1704 matris
2761 1665 2909 1712 meae,
2937 1652 2986 1702 et
3016 1648 3215 1702 vocavit
3237 1663 3337 1717 per
3357 1647 3594 1716 gratiam

1936 1756 2108 1801 suam,
2138 1738 2373 1794 revelare
2385 1738 2591 1792 Filium
2613 1738 2846 1793 suumin
2861 1755 2959 1801 me,
2985 1744 3046 1792 ut
3070 1736 3457 1791 annuntiarem
3473 1752 3591 1789 eum

1938 1831 1998 1883 in
2027 1828 2302 1890 Gentibus,
2328 1828 2579 1882 continuo
2607 1843 2713 1880 non
2742 1826 2986 1897 acquievi
3039 1826 3200 1880 car-ni
3230 1832 3279 1880 et
3310 1825 3589 1895 sanguini.

1939 1920 2296 1986 Segregatur
2307 1916 2572 1988 quodam
2582 1915 2762 1970 modo
2777 1915 2850 1970 de
2863 1919 3064 1970 ventre
3082 1912 3594 1985 matris,quisquis

1939 2024 1974 2063 a
2003 2006 2335 2062 carnalium
2368 2010 2684 2076 parentum
2715 2005 3150 2060 consuetudine
3175 2019 3334 2058 caeca
3360 2018 3595 2073 separa~

1940 2103 2035 2153 tur
2068 2118 2079 2149 :
2116 2094 2438 2168 acquiescit
2465 2099 2664 2150 autem
2693 2094 2859 2149 carni
2889 2098 2945 2148 et
2979 2092 3281 2161 sanguini,
3315 2091 3593 2163 quisquis

1939 2184 2280 2240 carnalibus
2305 2183 2726 2254 propinquiset
2749 2182 3218 2250 consanguineis
3233 2181 3356 2235 suis
3384 2195 3593 2235 carna-

1938 2273 2066 2330 liter
2091 2271 2482 2328 suadentibus
2500 2273 2842 2326 assentitur.
2875 2271 3067 2342 Neque
3097 2269 3217 2324 veni
3239 2271 3296 2323 in
3325 2269 3595 2336 Jerosoly-

1937 2380 2078 2418 mam
2091 2363 2161 2416 ad
2181 2377 2530 2432 praecessores
2539 2377 2676 2415 meos
2688 2360 2729 2414 A
2744 2359 3082 2430 postolos,sed
3103 2358 3217 2412 abii
3231 2358 3344 2427 injA
3354 2356 3563 2410 rabiam
3574 2399 3586 2421 ,

1940 2459 1988 2507 et
2014 2454 2211 2506 iterum
2236 2466 2485 2506 reversus
2512 2467 2628 2504 sum
2659 2450 2999 2504 Damascum.
3047 2448 3247 2502 Deinde
3275 2454 3386 2516 post
3424 2462 3593 2500 annos

1939 2549 2066 2606 tres,
2081 2540 2688 2611 ascendiJerosolymam
2716 2539 2898 2593 videre
2922 2539 3166 2602 Petrum,
3184 2544 3231 2590 et
3250 2535 3428 2590 mansi
3438 2535 3591 2604 apud

1939 2629 2626 2698 illumdiebusquindecim.
2655 2629 2710 2683 Si
2734 2644 2873 2682 cum
2897 2625 3362 2697 evangelizasset
3379 2622 3594 2678 Paulus

1938 2720 1996 2774 in
2037 2719 2277 2783 Arabia,
2303 2723 2508 2788 postea
2539 2717 2684 2771 vidit
2715 2717 3105 2778 Petrum,non
3138 2714 3272 2769 ideo
3299 2718 3362 2766 ut
3387 2712 3594 2784 perip-

1939 2825 2074 2864 sum
2109 2811 2338 2863 Petrum
2353 2807 2603 2862 disceret
2643 2804 3066 2874 Evangelium;
3112 2818 3257 2858 nam
3289 2805 3424 2858 ante
3453 2816 3592 2856 eum

1941 2898 2142 2969 utique
2165 2896 2432 2951 vidisset:
2468 2895 2570 2951 sed
2586 2898 2651 2950 ut
2681 2893 3005 2949 fraternam
3037 2892 3388 2948 charitatem
3411 2890 3592 2945 etiam

1938 2985 2232 3056 corporali
2260 2984 2468 3039 notitia
2495 2983 2848 3039 cumularet.
2878 2983 3070 3037 Alium
3098 2988 3274 3036 autem
3318 2979 3592 3050 Apostolo-

1938 3091 2064 3128 rum
2087 3090 2197 3128 non
2223 3072 2359 3137 vidi,
2383 3073 2497 3127 nisi
2521 3072 2774 3127 Iacobum
2799 3071 3033 3141 fratrem
3055 3069 3296 3126 Domini.
3331 3067 3593 3125 Jacobus

1940 3161 2177 3219 Domini
2208 3161 2404 3227 frater,
2429 3161 2519 3216 vel
2549 3177 2618 3215 ex
2645 3159 2777 3214 ﬁliis
2805 3160 3025 3230 Joseph
3055 3159 3252 3214 dealia
3282 3173 3486 3222 uxore,
3505 3155 3594 3211 vel

1941 3268 2013 3309 ex
2029 3251 2386 3321 cognatione
2417 3251 2607 3307 Mariae
2640 3249 2845 3305 matris
2868 3249 2996 3318 ejus
3027 3247 3206 3303 debet
3227 3246 3490 3314 intelligi.

1935 3408 1938 3411 .
2012 3363 2065 3416 9.
2089 3360 2196 3430 [lb.
2221 3376 2260 3428 1,
2289 3358 2500 3430 20-24.]
2544 3358 2672 3424 Quae
2694 3361 2872 3412 autem
2891 3355 3064 3410 scribo
3084 3353 3246 3415 vobis,
3276 3369 3387 3407 ecce
3412 3367 3588 3406 coram

1943 3450 2073 3514 Deo,
2105 3450 2235 3521 quia
2271 3449 2526 3503 mentior.
2567 3446 2676 3514 Qui
2720 3445 2881 3511 dicit,
2928 3445 3067 3499 Ecce
3093 3459 3270 3498 coram
3303 3441 3428 3506 Deo,
3461 3441 3590 3511 quia

1933 3556 2042 3600 non
2076 3539 2330 3602 mentior,
2368 3538 2505 3608 jura
2532 3535 2758 3607 utique.
2790 3538 2855 3590 Et
2877 3534 3024 3606 quid
3056 3532 3319 3589 sanctius
3352 3531 3464 3586 hac
3499 3530 3588 3600 ju-

1938 3627 2203 3685 ratione‘?
2224 3627 2334 3683 Sed
2356 3641 2475 3681 non
2490 3630 2577 3680 est
2601 3629 2810 3680 contra
2837 3620 3442 3695 praeceptumjuratio
3460 3635 3591 3690 quae

1937 3735 1970 3774 a
1995 3717 2133 3772 malo
2157 3713 2776 3787 est,nonjurantis,sed
2801 3711 3229 3768 incredulitatis
3247 3710 3377 3780 ejus
3398 3708 3593 3778 cuiju-

1935 3822 2065 3863 rare
2079 3806 2482 3874 cogitur.Nam
2496 3803 2635 3860 hinc
2654 3801 2999 3872 intelligitur
3014 3801 3094 3857 ita
3116 3800 3436 3855 Dominum
3457 3813 3590 3870 pro-

1935 3896 2208 3952 hibuisse
2225 3910 2260 3951 a
2279 3893 2562 3965 jurando,
2582 3896 2953 3964 utquantum
2978 3891 3039 3946 in
3068 3891 3202 3963 ipso
3223 3893 3312 3944 est
3329 3888 3591 3960 quisque

1938 4001 2058 4041 non
2067 3986 2261 4055 juret:
2293 3983 2458 4055 quod
2482 3982 2649 4038 multi
2663 3981 2886 4037 faciunt
2910 3981 2970 4036 in
2985 3995 3086 4037 ore
3113 3979 3402 4035 habentes
3433 3977 3593 4048 jura-

1939 4076 2158 4130 tionem
2189 4077 2480 4145 tanquam
2512 4086 2800 4141 magnum
2829 4074 2932 4126 aut
2953 4085 3134 4125 suave
3162 4067 3408 4139 aliquid.
3443 4069 3590 4122 Nam

1938 4163 2140 4235 utique
2173 4161 2492 4232 Apostolus
2525 4165 2772 4216 noverat
2825 4163 3192 4230 praeceptum
3245 4155 3503 4222 Domini,
3536 4158 3593 4210 et

1932 4253 2153 4323 juravit
2186 4255 2405 4307 tamen.
2455 4254 2580 4306 Non
2620 4251 2780 4306 enim
2815 4247 3099 4304 audiendi
3132 4252 3288 4310 sunt,
3322 4243 3427 4314 qui
3481 4244 3589 4298 has

1931 4342 2260 4413 jurationes
2289 4355 2417 4396 esse
2449 4355 2570 4396 non
2604 4342 2830 4408 putant.
2879 4336 3032 4402 Quid
3063 4336 3223 4390 enim
3272 4332 3488 4390 facient
3517 4331 3591 4389 de

1936 4430 2052 4499 illa,
2076 4428 2324 4496 Quotidie
2336 4428 2560 4490 morior,
2568 4443 2662 4497 per
2673 4425 2906 4495 gloriam
2939 4423 3590 4492 vestram,fratres,quam

1933 4519 2096 4575 habeo
2117 4520 2177 4573 in
2208 4517 2427 4574 Christo
2457 4517 2586 4570 Jesu
2619 4514 2845 4568 Domino
2877 4519 3058 4567 nostro
3082 4512 3124 4579 (Ι
3153 4510 3277 4565 Cor.
3311 4525 3409 4579 xv,
3445 4507 3534 4576 3t)
3564 4507 3592 4561 Ἰ

1935 4624 2119 4681 quam
2153 4622 2348 4676 graeca
2365 4603 2730 4674 exemplaria
2763 4599 3320 4657 manifestissimam
3343 4596 3593 4668 juratio-

1936 4713 2074 4753 nem
2104 4695 2611 4751 esseconvincunt
2632 4692 3043 4763 (a).Quantum
3071 4704 3210 4760 ergo
3245 4687 3302 4742 in
3326 4688 3458 4759 ipso
3483 4690 3589 4752 est,

1935 4802 2056 4842 non
2081 4785 2241 4855 jurat
2279 4781 2596 4855 Apostolus
2621 4798 2633 4836 :
2657 4796 2779 4837 non
2806 4779 2965 4835 enim
2993 4779 3211 4850 appetit
3228 4776 3593 4847 jurationem

1935 4874 2258 4946 cupiditate
2280 4876 2382 4930 aut
2397 4871 2786 4927 delectatione
2797 4867 3410 4941 jurandi.Ampliusest
3432 4867 3591 4921 enim

1932 4980 2139 5036 quam,
2165 4964 2286 5030 Est,
2315 4969 2388 5018 est
2420 4979 2437 5028 ;
2470 4962 2605 5026 Non,
2629 4966 2702 5014 est
2731 4981 2752 5030 ;
2783 4962 2839 5015 et
2865 4958 3000 5014 ideo
3024 4975 3060 5012 a
3095 4956 3235 5013 malo
3265 4962 3338 5011 est
3371 4954 3591 5025 (Matth.

1935 5069 1988 5117 v,
2023 5057 2132 5120 37).
2164 5052 2271 5107 sed
2292 5049 2653 5106 inﬁrmitatis
2680 5053 2783 5104 aut
2813 5045 3244 5103 incredulitatis
3258 5058 3464 5100 eorum
3490 5041 3592 5113 qui

1933 5156 2056 5196 non
2078 5140 2245 5196 aliter
2272 5144 2586 5194 moventur
2619 5137 2695 5192 ad
2720 5136 3136 5192 ﬁdem.Dei-nde
3175 5133 3295 5188 veni
3324 5133 3383 5186 in
3410 5137 3595 5201 partes

1924 5229 2130 5300 Syriae,
2162 5235 2211 5284 et
2245 5227 2483 5284 Cilicia.
2516 5228 2689 5282 Eram
2714 5233 2891 5281 autem
2928 5225 3140 5296 ignotus
3170 5222 3309 5292 facie
3340 5218 3593 5276 Ecclesiis

1933 5319 2161 5383 Judaew,
2188 5334 2304 5388 quae
2333 5317 2390 5370 in
2418 5317 2636 5371 Christo
2652 5322 2800 5369 sunt.
2824 5309 3591 5373 Animadvertendum,non

1938 5409 1996 5464 in
2029 5408 2154 5463 sola
2183 5405 2554 5477 Jerosolyma
2579 5404 2813 5458 Judeeos
2843 5401 3211 5456 intlhristum
3244 5395 3588 5461 credidisse,

1937 5513 2044 5552 nec
2077 5502 2194 5552 tam
2228 5510 2458 5568 paucos
2496 5493 2696 5556 fuisse,
2736 5495 2799 5546 ut
2833 5490 3103 5546 Ecclesiis
3136 5487 3410 5545 Gentium
3453 5485 3593 5541 mis-

1937 5591 2208 5644 cerentur
2238 5602 2251 5651 ;
2290 5583 2395 5641 sed
2423 5588 2544 5640 tam
2578 5580 2818 5652 multos,
2853 5584 2912 5635 ut
2944 5595 3015 5635 ex
3040 5578 3151 5634 illis
3183 5577 3454 5634 Ecclesiae
3486 5576 3590 5632 ﬁe-

2000 5702 2070 5768 (a)
2099 5701 2217 5751 Vid.
2250 5701 2340 5750 lib.
2379 5701 2401 5748 l
2442 5699 2501 5750 de
2531 5698 2870 5752 Serm.Dom.
2895 5697 2951 5749 in
2981 5698 3182 5754 monte,
3207 5693 3408 5760 cap.l7,
3427 5707 3480 5743 n.
3505 5693 3565 5744 51
