4120 6202
547 368 700 421 rent.
736 364 1161 419 Tantumautem
1179 365 1453 420 audientes
1471 368 1771 438 erantquia
1789 367 1884 438 qui
1899 367 2195 438 aliquando
2301 371 2364 424 ut
2381 369 2481 435 ait,
2521 368 2582 423 in
2612 367 2925 424 servitutem
2971 365 3295 436 redigere-nt,
3337 364 3398 421 id
3452 368 3560 436 est,
3611 365 3726 422 sub
3783 381 3966 423 onera

541 470 636 507 nos
679 453 1111 524 persequebatur,
1145 471 1287 510 nunc
1341 457 1680 527 eoangelizat
1709 455 1864 526 ﬁdem
1901 474 2059 528 quam
2087 457 2191 512 ali-

543 543 754 611 quando
779 543 1044 607 vastabat;
1065 551 1118 598 et
1149 545 1206 597 in
1239 561 1315 598 me
1326 545 1748 615 magniﬁcabant
1770 546 2088 602 Deum.Hoc
2104 551 2192 602 est

544 631 709 702 quod
745 631 1002 696 dicebat,
1031 648 1149 688 non
1195 648 1255 686 se
1307 633 1540 704 placere
1571 634 1938 700 hominibus,
1986 636 2190 708 utique

543 735 649 790 per
671 720 960 791 seipsum,
985 721 1089 775 sed
1125 725 1185 776 ut
1235 721 1294 776 in
1328 722 1428 778 illo
1462 723 1950 792 magniﬁcaretur
1987 725 2141 780 Deus
2172 741 2186 780 :

543 808 658 863 hoc
689 810 964 880 estquod
987 811 1160 865 etiam
1199 811 1487 866 Dominus
1525 813 1684 877 dicit,
1738 814 1971 868 Luceant
2029 831 2191 885 opera

542 905 716 952 vestra
747 914 925 952 coram
958 899 1352 964 hominibus,ut
1375 902 1592 956 videant
1620 901 1754 956 bona
1771 903 1918 973 [acta
1938 909 2190 968 vestra,et

541 986 837 1056 gloriﬁcent
863 987 1080 1042 Patrem
1106 996 1338 1044 vestrum
1351 990 1442 1061 qui
1460 991 1519 1044 in
1532 991 1678 1045 caelis
1694 991 2098 1062 est(lllatth.v,t
2112 994 2186 1064 6).

616 1102 700 1155 10.
735 1101 844 1174 [11).
880 1119 937 1165 ιι,
966 1106 1018 1172 1,
1050 1105 1128 1178 2.]
1177 1105 1379 1159 Deinde
1418 1115 1538 1175 post
1585 1125 1750 1162 annos
1789 1110 2185 1179 quatuordecim

542 1189 742 1244 iterum
785 1193 998 1245 ascendi
1035 1193 1420 1266 Jerosolymam
1459 1213 1575 1250 cum
1609 1197 1888 1261 Barnaba,
1921 1206 2190 1270 assumpto

539 1280 706 1334 etiam
736 1282 1206 1355 Tito.'l‘anquam
1233 1286 1586 1341 testimoniis
1607 1287 1875 1356 pluribus
1901 1289 2189 1358 agit,cum

541 1369 884 1426 etiamistos
911 1373 1446 1429 nominat.Ascendi
1462 1383 1642 1430 autem
1672 1377 1955 1433 secundum
1987 1380 2191 1434 revela-

541 1459 776 1514 tionem:
802 1476 875 1514 ne
909 1467 1171 1517 moveret
1199 1479 1299 1518 eos
1332 1480 1516 1534 quare
1544 1465 1634 1520 vel
1655 1470 1794 1520 tunc
1827 1467 2186 1536 ascenderit,

541 1562 664 1616 quo
695 1553 815 1602 tam
837 1548 933 1602 diu
956 1565 1075 1604 non
1093 1551 1839 1626 ascenderat.Quapropter
1864 1556 1910 1610 si
1930 1571 1999 1611 ex
2031 1572 2191 1612 reve-

539 1633 759 1690 latione
791 1637 1075 1702 ascendit,
1109 1643 1246 1694 tunc
1285 1641 1567 1711 proderat
1597 1648 1657 1698 ut
1713 1644 2079 1700 ascenderet.
2115 1645 2188 1701 Et

541 1724 764 1792 exposui
786 1725 900 1778 illis
911 1727 1267 1797 Evangelium
1279 1730 1414 1799 quod
1429 1730 1673 1800 praedico
1688 1732 1747 1786 in
1769 1733 2188 1802 Gentibus;seor-

541 1827 657 1866 sum
688 1821 864 1867 autem
885 1814 968 1867 his
982 1816 1341 1886 quividentur
1371 1820 1591 1884 '.Quod
1608 1836 1879 1876 seorsum
1913 1824 2188 1894 exposuit

542 1900 928 1972 Evangelium
953 1904 1035 1959 eis
1061 1906 1522 1976 quieminebaut
1546 1909 1604 1964 in
1626 1910 2187 1982 Ecclesia,cumjam

540 1987 682 2044 illud
701 1993 1287 2062 exposuissetcoram
1317 1997 1623 2063 omnibus,
1649 2014 1770 2054 non
1803 1999 1936 2055 ideo
1963 1999 2186 2056 factum

540 2083 644 2142 est,
669 2080 834 2150 quod
865 2081 1066 2152 aliqua
1098 2082 1252 2140 falsa
1277 2084 1526 2151 dixerat,
1557 2091 1620 2141 ut
1649 2103 1920 2142 seorsum
1942 2089 2190 2159 paucio-

538 2166 704 2222 ribus
735 2184 872 2224 vera
903 2170 1115 2226 diceret
1149 2173 1281 2227 :sed
1302 2173 1500 2244 aliqua
1531 2179 1957 2248 tacuerat,quaa
1988 2177 2188 2233 adhuc

537 2257 770 2326 parvuli
799 2265 1028 2330 portare
1052 2277 1171 2316 non
1199 2267 1474 2333 poterant
1504 2281 1516 2329 ;
1547 2265 1826 2336 qualibus
1871 2282 1932 2321 se
1964 2266 2034 2322 ad
2085 2269 2186 2323 Co-

534 2345 783 2400 rinthios
814 2347 906 2402 lac
927 2348 1339 2416 dicitdedisse,
1377 2368 1499 2408 non
1526 2369 1725 2410 escam
1773 2355 1960 2425 (lCor.
1986 2371 2063 2420 ιιι,
2088 2359 2181 2426 '2).

535 2433 777 2491 Falsum
802 2436 960 2492 enim
1002 2438 1194 2494 dicere
1223 2439 1369 2494 nihil
1402 2440 1534 2496 licet
1562 2457 1576 2508 ;
1619 2442 1949 2514 aliquando
1982 2449 2182 2500 autem

536 2522 764 2595 aliquid
817 2526 938 2581 veri
968 2531 1180 2592 tacere,
1217 2529 1353 2584 utile
1385 2535 1490 2585 est.
1535 2531 1953 2588 Perfectionem
1995 2533 2187 2604 ipsius

535 2627 688 2682 opus
715 2619 839 2669 erat
869 2619 931 2670 ut
971 2615 1188 2671 scirent
1213 2617 1407 2672 caeteri
1434 2619 1727 2690 Apostoli.
1758 2624 1885 2675 Non
1915 2622 2073 2676 enim
2097 2638 2186 2677 se-

534 2700 832 2770 quebatur
864 2708 941 2766 ut,
978 2704 1027 2758 si
1061 2704 1250 2759 ﬁdelis
1295 2711 1474 2770 esset,
1516 2723 1841 2779 veramque
1877 2715 1932 2764 et
1961 2714 2184 2766 rectam

535 2793 755 2844 teneret
777 2789 977 2857 ﬁdem,
1005 2793 1133 2862 jam
1177 2793 1354 2848 etiam
1402 2795 1708 2863 apostolus
1737 2812 1871 2852 esse
1921 2797 2182 2856 deberet.

533 2875 681 2931 lllud
701 2883 900 2933 autem
916 2881 1079 2949 quod
1104 2881 1521 2952 subjungit,Ne
1539 2884 1684 2954 forte
1699 2885 1754 2939 id
1774 2903 1996 2942 vacuum
2022 2905 2184 2944 curro

529 2973 624 3019 aut
650 2967 894 3032 cucurri,
925 2983 1045 3022 non
1079 2969 1153 3024 ad
1190 2970 1318 3026 illos
1332 2987 1470 3027 cum
1502 2973 1724 3044 quibus
1739 2990 2012 3031 seorsum
2042 2993 2182 3033 con-

530 3052 660 3108 tulit
687 3055 1092 3125 Evangelium,
1127 3058 1231 3114 sed
1257 3061 1334 3115 ad
1361 3061 1498 3116 istos
1521 3062 1739 3132 quibus
1773 3065 2177 3138 scribit,quasi

531 3158 636 3213 per
665 3143 1191 3215 interrogationem
1224 3149 1451 3205 dictum
1475 3151 1928 3220 intelligendum
1956 3161 2080 3222 est;
2123 3160 2184 3213 ut

529 3247 601 3286 ex
625 3247 696 3287 eo
725 3241 1042 3304 appareret
1067 3252 1188 3292 non
1221 3254 1359 3294 eum
1393 3239 1452 3294 iu
1484 3257 1739 3296 vacuum
1791 3259 2026 3299 currere
2077 3251 2181 3302 aut

529 3322 878 3390 cucurrisse,
900 3325 1042 3397 quia
1067 3327 1196 3398 jam
1230 3329 1409 3384 etiam
1437 3331 1812 3399 attestatione
1831 3338 2182 3392 caaterorum

527 3410 673 3467 nihil
703 3411 781 3467 ab
813 3414 1114 3483 Evangelii
1143 3418 1385 3473 veritate
1437 3418 1751 3475 dissentire
1789 3422 2178 3492 approbatur.

599 3519 685 3572 ll.
733 3519 838 3590 [lb.
862 3536 918 3584 ιι,
969 3522 1108 3595 3-5.]
1139 3522 1236 3577 Sed
1266 3541 1430 3594 neque
1473 3526 1631 3582 Titus
1659 3528 1754 3598 qui
1803 3545 2005 3583 mecum
2038 3536 2176 3594 erat,

524 3607 736 3679 inquit,
789 3624 908 3664 cum
946 3615 1073 3665 esset
1102 3611 1338 3678 Graecus,
1372 3614 1667 3685 compulsus
1710 3623 1783 3672 est
1834 3617 2174 3674 circumcidi.

525 3696 812 3759 Quamvis
825 3698 985 3754 Titus
998 3699 1235 3756 Graecus
1257 3709 1437 3769 esset,
1459 3709 1514 3760 et
1534 3704 1849 3761 nullaeum
1864 3712 2177 3762 consuetu-

527 3783 607 3840 do
630 3790 727 3840 aut
757 3788 1016 3858 cognitio
1048 3797 1364 3860 parentum
1387 3793 1733 3849 circumcidi
1756 3795 2176 3864 cogeret,sicut

525 3873 1092 3941 'l‘imotheum,tacile
1106 3883 1307 3935 tamen
1322 3881 1500 3937 etiam
1515 3883 1692 3939 istum
1709 3885 2039 3940 circumcidi
2053 3901 2177 3957 per-

525 3961 784 4018 misisset
799 3965 1136 4033 Apostolus.
1170 3970 1296 4025 Non
1315 3970 1474 4025 enim
1494 3971 1592 4027 tali
1618 3973 2073 4030 circumcisione
2087 3991 2178 4031 sa-

526 4047 708 4105 lutem
738 4049 991 4108 docebat
1011 4054 1246 4120 auferri,
1277 4058 1381 4112 sed
1409 4059 1457 4112 si
1507 4059 1568 4114 in
1595 4076 1666 4116 ea
1714 4064 2177 4120 constitueretur

527 4152 666 4207 spes
696 4137 924 4206 salutis,
949 4141 1062 4198 hoc
1090 4159 1218 4200 esse
1261 4152 1468 4202 contra
1489 4149 1738 4205 salutem
1787 4151 2170 4208 ostendebat.

527 4225 759 4284 Poterat
787 4243 929 4302 ergo
953 4235 1014 4286 ut
1041 4234 1409 4304 superﬂuam
1459 4253 1630 4308 aequo
1669 4240 1875 4296 animo
1900 4241 2172 4310 tolerare,

529 4316 863 4374 secundum
895 4321 1248 4378 sententiam
1283 4339 1465 4396 quam
1497 4325 1637 4381 alibi
1671 4327 1837 4383 dixit:
1873 4329 2176 4386 Circumci-

523 4406 604 4460 sio
626 4406 773 4461 nihil
794 4413 942 4474 est,et
965 4412 1300 4482 prwputium
1327 4414 1472 4468 nihil
1497 4422 1570 4470 est
1585 4416 1705 4482 ;sed
1717 4417 2010 4473 observatio
2022 4436 2177 4475 man-

524 4495 778 4551 datorum
803 4497 911 4552 Dei
939 4499 982 4569 (l
1009 4500 1134 4554 Cor.
1195 4517 1293 4568 vu,
1327 4503 1440 4573 l9).
1486 4506 1722 4576 Propter
1745 4507 2177 4563 subintroductos

523 4591 698 4640 autem
713 4585 878 4657 falsos
903 4588 1109 4659 fratres
1134 4605 1254 4647 non
1277 4595 1728 4666 estcompulsus
1757 4596 1914 4651 Titus
1927 4597 2172 4654 circum-

524 4674 639 4728 cidi
663 4693 675 4731 :
710 4675 771 4730 id
800 4682 906 4747 est,
934 4693 1054 4734 non
1085 4679 1134 4734 ei
1158 4681 1348 4751 potuit
1371 4684 2177 4756 extorqueriutcircumcide-

524 4767 705 4828 retur,
737 4765 878 4835 quia
905 4765 984 4821 illi
1011 4769 1112 4838 qui
1135 4770 1593 4838 subintroierunt,
1647 4773 1808 4839 dicit,
1836 4775 2178 4845 proscultare

524 4850 833 4907 libertatem
853 4869 1080 4921 eorum,
1115 4857 1489 4916 vehementer
1516 4861 1942 4934 observabant,
1974 4870 2030 4920 et
2077 4881 2172 4921 cu-

522 4939 768 5011 piebant
793 4942 1137 5000 circumcidi
1162 4946 1373 5012 Titum,
1405 4953 1465 5004 ut
1491 4951 1619 5020 jam
1637 4951 2172 5018 circumcisionem,

522 5029 703 5086 etiam
731 5029 918 5102 ipsius
946 5033 1106 5088 Pauli
1130 5037 1505 5092 attestatione
1538 5044 1593 5093 et
1611 5041 2028 5106 consensione,
2050 5047 2176 5097 tan-

519 5135 705 5193 quam
737 5119 912 5176 saluti
937 5124 1342 5180 necessariam
1368 5126 1798 5197 praedicarent;
1830 5133 1886 5184 et
1918 5130 2003 5184 sic
2047 5145 2171 5198 eos,

584 5312 598 5342 ί
625 5310 1216 5383 hoyaniensesppdicis
1251 5312 1624 5383 Amandiensis
1668 5319 1992 5383 auctoritate
2025 5333 2176 5383 repo-

521 5377 673 5440 nunt,
696 5375 773 5440 his
804 5374 891 5437 qui
920 5375 1230 5440 videbantur
1266 5390 1368 5425 esse
1412 5378 1624 5440 aliquid.
1659 5379 1872 5429 Caeteris
1898 5374 2174 5431 tamen'li-

522 5435 628 5504 bris
659 5435 951 5504 abesgesse
981 5439 1195 5504 aliquid,
1223 5453 1329 5504 quo
1360 5435 1520 5489 etiam
1551 5441 1604 5489 in
1629 5443 1863 5504 antiquis
1899 5444 2174 5494 Corbeien-

520 5498 668 5572 sibus
695 5500 1033 5572 Bibliiscaret
1063 5498 1325 5572 Vulgata}
1349 5508 1515 5572 atque
1541 5504 1651 5572 haec
1673 5505 1743 5552 ibi
1764 5498 1947 5559 habet,
1981 5507 2058 5556 his
2087 5509 2173 5572 qui

520 5560 1033 5626 videbantur,sicque
1061 5560 1392 5615 tresMss.hic
1421 5560 1438 5614 :-
1470 5569 1524 5616 at
1549 5567 1635 5614 alii
1667 5572 1804 5620 octo.
1833 5583 2042 5618 necnon
2079 5560 2173 5619 tim

523 5622 576 5691 et
605 5621 706 5691 ΕΓ..
740 5624 816 5691 his
848 5621 1218 5691 qui'videntur.
1247 5628 1409 5691 Porro
1440 5630 1491 5678 in
1525 5644 1696 5691 graeco
1728 5632 1929 5686 est,tois
1949 5632 2170 5691 docousi,

527 5680 794 5806 21:32::
811 5680 901 5746 cll-li
937 5689 1176 5740 eminent
1205 5691 1254 5740 in
1291 5680 1556 5748 Ecclesia:
1573 5694 1649 5742 uti
1667 5680 2047 5759 interpretatur
2075 5680 2173 5746 au:

2297 458 2469 528 Legis
2495 458 2727 513 servilia
2755 460 3125 512 revocarent.
3149 454 3352 520 Quibus
3374 471 3425 509 se
3480 471 3571 510 nec
3627 454 3698 508 ad
3753 454 3960 520 horam,

2301 546 2361 602 id
2392 551 2498 612 est,
2527 562 2636 602 nec
2678 546 2755 602 ad
2796 550 3030 616 tempus
3063 544 3270 598 cessisse
3334 543 3480 599 dicit
3502 545 3861 616 subjectioni,
3909 551 3964 598 ut

2299 640 2498 692 veritas
2529 635 2826 706 Evangelii
2858 639 3194 705 permaneret
3216 632 3287 687 ad
3318 633 3529 688 Gentes.

2371 728 2455 781 t2.
2489 725 2595 798 [1b.
2625 741 2684 790 ιι,
2714 725 2853 796 6-9.]
2878 723 3253 779 Denotabaut
3273 727 3473 778 autem
3493 729 3966 794 suspectumque

2297 813 2505 871 haberi
2523 815 2802 871 volebant
2824 812 3009 869 invidi
3028 811 3372 883 apostolum
3397 811 3854 884 Paulum,quod
3870 811 3966 868 ali-

2296 904 2544 975 quando
2565 908 2908 976 persecutor
2926 901 3324 957 Ecclesiarum
3339 900 3543 967 fuerit;
3567 905 3622 956 et
3637 901 3774 957 ideo
3799 901 3965 967 dicit,

2299 994 2375 1049 De
2418 993 2502 1048 his
2551 1001 2728 1048 autem
2776 993 2874 1064 qui
2919 992 3172 1045 videntur
3213 1007 3316 1044 esse
3343 989 3578 1062 aliquid,
3603 991 3792 1062 quales
3861 991 3963 1044 ali-

2295 1082 2505 1154 quando
2521 1083 2752 1154 fuerint,
2775 1082 2926 1136 nihil
2945 1097 3059 1134 mea
3073 1082 3310 1134 interest.
3329 1080 3479 1144 Quia
3498 1083 3553 1135 et
3573 1080 3671 1150 qui
3687 1080 3967 1135 videntur

2297 1187 2428 1228 esse
2459 1172 2708 1244 aliquid,
2730 1169 3072 1227 carnalibus
3093 1168 3441 1225 hominibus
3493 1168 3776 1224 videntur
3836 1185 3963 1226 esse

2297 1261 2559 1332 aliquid:
2591 1275 2729 1316 nam
2753 1275 2873 1315 non
2914 1263 3053 1314 sunt
3107 1258 3218 1329 ipsi
3274 1257 3520 1329 aliquid.
3581 1259 3646 1313 Et
3697 1259 3745 1312 si
3795 1259 3960 1314 enim

2297 1350 2438 1406 boni
2467 1349 2716 1406 ministri
2744 1349 2843 1404 Dei
2875 1352 3030 1413 sunt,
3064 1347 3327 1403 Christus
3355 1346 3416 1402 in
3451 1347 3678 1411 illisfest
3711 1345 3960 1419 aliquid,

2296 1454 2420 1496 non
2446 1438 2558 1510 ipsi
2585 1453 2690 1510 per
2721 1454 2783 1493 se
2812 1440 2955 1493 Nam
2989 1437 3038 1492 si
3060 1437 3176 1508 ipsi
3199 1451 3304 1508 per
3335 1451 3398 1492 se
3451 1441 3651 1491 essent
3712 1435 3958 1506 aliquid,

2296 1544 2533 1600 semper
2561 1527 2811 1583 fuissent
2866 1525 3113 1598 aliquid.
3161 1524 3354 1591 Quales
3401 1524 3695 1596 aliquando
3723 1525 3965 1596 fuerint,

2295 1618 2355 1673 id
2389 1621 2496 1684 est,
2536 1617 2683 1688 quia
2721 1621 2777 1671 et
2813 1615 2924 1687 ipsi
2975 1620 3314 1687 peccatores
3354 1614 3614 1682 fuerunt,
3648 1614 3802 1669 nihil
3855 1631 3965 1671 sua

2296 1707 2438 1762 dicit
2467 1705 2748 1761 interesse
2789 1722 2802 1759 :
2848 1705 2996 1774 quia
3049 1704 3190 1759 Deus
3247 1703 3478 1758 hominis
3514 1719 3800 1773 personam
3854 1721 3962 1759 non

2294 1796 2513 1866 accipit,
2546 1793 2605 1849 id
2631 1800 2737 1860 est,
2773 1792 2902 1848 sine
2933 1808 3331 1864 personarum
3362 1791 3713 1863 acceptione
3743 1808 3960 1848 omnes

2295 1884 2370 1940 ad
2416 1883 2668 1939 salutem
2714 1882 2958 1947 vocavit,
2993 1896 3112 1936 non
3142 1886 3426 1953 reputans
3468 1879 3583 1936 illis
3613 1880 3838 1937 delicta
3869 1897 3966 1938 eo-

2294 1987 2449 2028 rum.
2481 1974 2544 2026 Et
2571 1972 2706 2027 ideo
2728 1970 3084 2027 absentibus
3106 1970 3219 2025 illis
3241 1970 3346 2042 qui
3367 1969 3597 2041 priores
3623 1969 3768 2026 facti
3791 1976 3967 2028 erant

2295 2061 2572 2134 apostoli,
2596 2060 2810 2116 Paulus
2838 2076 2873 2116 a
2893 2060 3144 2115 Domino
3165 2059 3455 2130 perfectus
3472 2066 3560 2114 est
3587 2076 3600 2114 :
3622 2064 3686 2114 ut
3709 2060 3963 2131 quando

2294 2167 2433 2206 cum
2460 2150 2546 2206 eis
2578 2149 2844 2214 contulit,
2879 2148 3022 2204 nihil
3054 2152 3206 2203 esset
3237 2147 3403 2219 quod
3431 2146 3788 2218 perfectioni
3834 2148 3965 2219 ejus

2295 2239 2626 2304 adderent;
2652 2237 2758 2293 sed
2791 2238 2988 2309 potius
3012 2236 3284 2292 viderent
3312 2235 3594 2292 eumdem
3627 2235 3962 2292 Dominum

2292 2330 2494 2383 Jesum
2526 2326 2840 2391 Christum,
2873 2326 2976 2398 qui
3024 2326 3148 2380 sine
3180 2339 3573 2396 personarum
3607 2327 3963 2397 acceptione

2293 2417 2490 2472 salvos
2512 2416 2668 2480 facit,
2693 2415 2807 2471 hoc
2833 2414 3070 2470 dedisse
3115 2413 3297 2469 Paulo
3326 2418 3386 2468 ut
3417 2413 3788 2470 ministraret
3816 2417 3957 2471 Gen-

2292 2506 2476 2571 tibus,
2500 2505 2661 2578 quod
2689 2504 2871 2560 etiam
2894 2505 3060 2559 Petro
3082 2503 3327 2559 dederat
3348 2507 3412 2558 ut
3443 2503 3820 2560 ministraret
3848 2503 3940 2559 lu-

2291 2595 2460 2650 daeis.
2489 2597 2614 2649 Non
2641 2607 2780 2663 ergo
2809 2592 3030 2647 inventi
3058 2597 3194 2647 sunt
3215 2592 3275 2646 in
3303 2590 3504 2663 aliquo
3526 2591 3850 2648 dissentire
3868 2593 3943 2648 ab

2291 2683 2412 2751 illo,
2443 2688 2502 2738 ut
2523 2698 2660 2737 cum
2682 2681 2776 2736 ille
2804 2697 2866 2736 se
2889 2681 3216 2752 perfectum
3237 2679 3623 2749 Evangelium
3642 2682 3948 2752 accepisse

2289 2772 2529 2835 diceret,
2544 2771 2625 2825 illi
2641 2775 2949 2840 negarent,
2974 2775 3030 2825 et
3042 2769 3269 2840 aliquid
3297 2769 3509 2824 vellent
3524 2775 3827 2841 tanquam
3845 2771 3951 2826 im-

2289 2861 2548 2933 perfecto
2561 2859 2914 2916 adderezsed
2927 2875 2956 2913 e
2973 2859 3270 2914 contrario
3285 2873 3392 2926 pro
3408 2859 3947 2929 reprehensoribus

2288 2949 2769 3022 imperfectionis,
2797 2948 3232 3020 approbatores
3268 2946 3650 3018 perfectionis
3685 2947 3948 3004 fuerunt.

2289 3039 2363 3094 Et
2375 3038 2637 3094 dederunt
2650 3039 2898 3093 dexteras
2917 3037 3210 3100 societatis,
3230 3036 3286 3091 id
3306 3040 3410 3100 est,
3428 3043 3874 3092 consenserunt
3894 3038 3950 3094 in

2289 3129 2651 3197 societatem,
2671 3133 2726 3183 et
2744 3131 3069 3198 paruerunt
3093 3125 3384 3181 voluntati
3407 3125 3672 3193 Domini,
3704 3140 3953 3182 consen-

2289 3219 2496 3274 tientes
2524 3222 2583 3272 ut
2615 3216 2829 3272 Paulus
2854 3223 2909 3271 et
2965 3215 3269 3271 Barnabas
3310 3215 3458 3269 irent
3483 3213 3553 3268 ad
3593 3213 3811 3281 Gentes,
3846 3216 3952 3287 ipsi

2287 3315 2462 3363 autem
2489 3308 2549 3361 in
2574 3305 3051 3369 circumcisionem,
3075 3319 3210 3376 quae
3225 3303 3537 3375 prmputio,
3566 3301 3628 3358 id
3655 3309 3765 3367 est,
3802 3307 3952 3361 Gen-

2287 3396 2446 3452 tibus
2471 3395 2770 3451 contraria
2794 3394 3046 3449 videtur.
3081 3395 3229 3449 Nam
3251 3392 3434 3448 etiam
3452 3391 3535 3447 sic
3553 3397 3754 3462 potest
3786 3393 3948 3450 intel-

2287 3484 2409 3554 ligi,
2430 3483 2596 3556 quod
2613 3484 2751 3548 ait,e
2777 3482 3075 3546 contrario,
3101 3487 3165 3538 ut
3191 3481 3338 3537 ordo
3363 3481 3468 3536 iste
3486 3481 3590 3536 sit:
3620 3481 3765 3538 Mihi
3792 3485 3946 3540 enim

2283 3573 2386 3645 qui
2409 3573 2684 3628 videntur
2700 3571 2949 3644 aliquid,
2967 3570 3111 3627 nihil
3129 3572 3597 3642 apposuerunt‘,
3623 3570 3731 3626 sed
3753 3587 3786 3627 e
3813 3588 3946 3628 con-

2285 3663 2482 3726 trario,
2519 3666 2581 3716 ut
2624 3677 2734 3716 nos
2766 3660 3090 3733 quidemin
3120 3661 3329 3715 Gentes
3362 3659 3607 3724 iremus,
3636 3676 3780 3731 qua:
3814 3665 3946 3716 sunt

2283 3750 2592 3806 contrariae
2619 3748 3076 3809 circumcisioni.
3094 3747 3422 3819 ipsiautem
3454 3747 3513 3802 in
3532 3747 3942 3804 circumcisio-

2285 3854 2446 3907 nem,
2469 3841 2900 3894 consenserunt
2929 3837 3072 3893 mihi
3098 3842 3155 3892 et
3180 3836 3497 3906 Barnabas;
3527 3835 3646 3893 hoc
3676 3841 3794 3906 est,
3825 3837 3944 3893 des-

2285 3931 2428 3983 teras
2446 3927 2720 3983 societatis
2751 3927 2898 3983 nobis
2926 3927 3206 3982 dederunt.

2361 4017 2652 4089 l3.Neque
2665 4017 2722 4072 in
2737 4016 3162 4073 contumeliam
3183 4029 3619 4087 prmoessorum
3631 4015 3770 4086 ejus
3787 4019 3943 4087 putet

2284 4106 2420 4177 quis
2441 4106 2518 4162 ab
2549 4121 2620 4162 eo
2649 4106 2897 4169 dictum,
2933 4105 3046 4170 Qui
3071 4104 3326 4160 videntur
3354 4120 3457 4159 esse
3487 4103 3725 4175 aliquid,
3761 4105 3942 4175 quales

2284 4193 2576 4266 aliquando
2596 4195 2834 4264 fuerint,
2862 4194 3002 4249 nihil
3032 4211 3146 4249 mea
3177 4194 3418 4249 interest.
3446 4195 3510 4249 Et
3532 4193 3612 4249 illi
3633 4194 3802 4250 enim
3828 4199 3944 4250 tan-

2283 4300 2468 4356 quam
2483 4284 2818 4355 spirituales
2833 4283 2939 4340 viri
2953 4282 3237 4339 volebant
3249 4283 3438 4338 resisti
3452 4281 3826 4348 carnalibus,
3847 4283 3944 4355 qui

2287 4373 2579 4444 putabant
2607 4372 2833 4446 aliquid
2850 4373 3015 4444 ipsos
3029 4388 3182 4437 esse,
3207 4377 3264 4428 et
3289 4387 3409 4428 non
3425 4372 3620 4443 potius
3643 4371 3944 4428 Christum

2287 4462 2346 4516 in
2379 4462 2462 4516 eis
2487 4478 2499 4527 ;
2531 4461 2906 4535 multumque
2926 4461 3293 4532 gaudebant,
3316 4477 3454 4516 cum
3483 4461 3946 4532 persuaderetur

2284 4549 2653 4616 hominibus,
2674 4551 2970 4622 etseipsos
2985 4565 3378 4621 praecessores
3393 4548 3578 4610 Pauli,
3600 4549 3758 4605 sicut
3780 4565 3945 4606 eum-

2284 4638 2423 4693 dem
2455 4639 2806 4706 Paulum,ex
2822 4638 3234 4710 peccatoribus
3241 4638 3599 4709 justiticatos
3628 4653 3770 4695 esse
3796 4642 3946 4696 aDo-

2287 4727 2471 4791 mino,
2495 4727 2598 4799 qui
2624 4743 2945 4800 personam
2968 4727 3227 4784 hominis
3257 4742 3378 4783 non
3405 4726 3621 4798 accipit
3647 4743 3660 4782 :
3683 4729 3835 4800 quia
3859 4729 3947 4784 Dei

2285 4815 2535 4885 gloriam
2551 4817 3057 4888 quaerebantmon
3072 4816 3386 4872 suam.Sed
3417 4817 3562 4888 quia
3589 4817 3870 4874 carnales
3898 4823 3949 4874 et

2286 4905 2526 4976 superbi
2557 4905 2851 4972 homines,
2883 4906 2928 4960 si
2951 4905 3098 4977 quid
3124 4905 3197 4960 de
3226 4905 3632 4976 vitaipsorum
3652 4908 3946 4978 praeterita

2284 4993 2516 5058 dicitur,
2534 4994 2887 5059 irascuntur,
2904 4994 3475 5050 etincontumeliam
3507 4995 3824 5067 accipiunt
3845 5017 3859 5066 ;
3876 5012 3944 5052 ex

2285 5082 2488 5138 animo
2503 5099 2614 5139 suo
2639 5082 2964 5154 conjiciunt
2983 5083 3316 5155 Apostolus.
3337 5085 3536 5138 Petrus
3551 5089 3760 5142 autem
3789 5087 3947 5142 etla-

2283 5171 2798 5228 cobusettoannes
2809 5171 3288 5228 honoratioresin
3305 5171 3592 5243 Apostolis
3606 5175 3950 5248 erant,quia

2284 5261 2424 5332 ipsis
2449 5261 2636 5316 tribus
2670 5277 2732 5316 se
2763 5262 2821 5316 in
2837 5265 3036 5316 monte
3060 5261 3346 5316 Dominus
3360 5261 3620 5317 ostendit
3638 5263 3701 5318 in
3725 5263 3950 5336 signiﬁ-

2284 5350 2511 5405 catione
2542 5350 2703 5422 regni
2739 5351 2844 5411 sui,
2884 5366 3020 5404 cum
3050 5356 3184 5405 ante
3212 5367 3315 5405 sex
3342 5350 3468 5405 dies
3500 5352 3784 5408 dixisset:
3815 5354 3949 5408 Sunt

2285 5438 2375 5494 hic
2405 5439 2623 5509 quidam
2647 5438 2707 5493 de
2737 5439 3332 5510 circumstantibus,qui
3354 5456 3459 5494 non
3481 5441 3789 5510 gustabunt
3806 5458 3949 5497 mor-

2284 5534 2404 5595 tem,
2437 5528 2597 5583 donec
2624 5528 2838 5582 videant
2865 5528 3076 5582 Filium
3103 5529 3331 5583 hominis
3362 5530 3421 5582 in
3448 5545 3613 5599 regno
3641 5531 3836 5585 Patris
3862 5530 3950 5585 sui

2345 5699 2360 5764 ξ
2393 5697 2508 5745 Am.
2545 5697 2625 5746 Er.
2659 5700 2710 5748 et
2731 5697 2853 5748 Mss.
2891 5696 3094 5764 decem,
3132 5698 3265 5764 Mihi
3295 5699 3426 5764 enim
3463 5700 3551 5764 qui
3578 5701 3848 5760 videntur,
3871 5705 3949 5750 ni-

2285 5759 2360 5810 hil
2393 5766 2778 5837 opposuerunt;
2809 5774 2906 5812 nec
2937 5761 3152 5819 habent,
3189 5763 3405 5826 aliquid.

543 239 680 294 2H1
1563 241 1922 297 EPISTOLJE
1963 241 2057 297 AD
2096 241 2448 310 GALATAS,
2488 243 2548 298 S.
2588 241 2976 300 AUGUSTINI
3819 32 3958 304 Ι
