4112 6192
217 247 362 306 2113

219 376 448 449 (Matth.
474 375 597 440 xvi,
628 372 742 445 28).
771 374 885 430 Nec
914 370 1029 445 ipsi
1061 376 1229 429 erant
1248 373 1564 439 columnae,
1583 376 1688 430 sed
1716 375 1879 431 vide-

216 465 458 522 bantur.
492 463 914 521 Noveratenim
941 461 1161 518 Paulus
1175 462 1535 534 sapientiam
1548 463 1879 520 aediﬁcasse

218 554 334 611 sibi
355 553 626 619 domum,
655 557 711 609 et
739 566 862 607 non
887 555 1002 606 tres
1029 551 1343 608 columnas
1365 553 1878 619 constituisse,sed

218 649 451 716 septem
480 642 668 714 (Prov.
701 657 780 707 1x,
807 640 894 711 t):
925 640 1029 711 qui
1060 655 1346 696 numerus
1360 640 1453 696 vel
1482 641 1559 697 ad
1589 642 1878 698 unitatem

216 733 614 790 Ecclesiarum
639 729 888 786 refertur
914 729 1256 800 (soletenim
1287 745 1394 800 pro
1412 731 1692 786 universo
1714 732 1875 802 poni,

217 823 376 878 sicut
400 821 462 877 in
493 819 814 890 Evangelio
837 819 1057 874 dictum
1080 822 1188 888 est,
1213 819 1456 890 Accipiet
1484 821 1541 874 in
1569 819 1662 875 hoc
1681 821 1878 877 saeculo

217 911 406 982 septies
433 908 514 982 [a]
569 914 781 964 tantum
832 906 1060 978 [Matth.
1093 923 1212 972 xxx,
1276 906 1408 979 29];
1438 924 1508 964 ac
1539 907 1585 964 si
1634 910 1874 978 diceret,

219 1000 387 1065 Quasi
417 998 562 1054 nihil
587 998 859 1064 habentes,
894 1003 943 1051 et
970 998 1152 1051 omnia
1176 997 1504 1067 possidentes
1543 997 1616 1070 [ll
1646 998 1772 1054 Cor.
1796 1015 1875 1069 v1,

219 1090 330 1160 10].
362 1089 527 1144 Unde
544 1087 722 1143 etiam
746 1086 1006 1142 Joannes
1032 1085 1106 1142 ad
1121 1091 1350 1157 septem
1369 1086 1572 1142 scribit
1587 1087 1874 1144 Ecclesias

221 1177 411 1252 [Apoc.
440 1193 480 1240 1,
511 1175 595 1249 4],
632 1192 766 1247 qua:
796 1176 993 1246 utique
1021 1174 1369 1230 universalis
1401 1175 1670 1231 Ecclesiae
1699 1178 1715 1211 ¹
1747 1192 1875 1248 per-

218 1283 433 1324 sonam
462 1266 698 1338 gerunt)
724 1281 737 1330 ;
763 1264 853 1319 vel
881 1269 1036 1318 certe
1055 1263 1133 1319 ad
1159 1264 1567 1335 septenariam
1589 1266 1873 1337 operatio.

217 1373 360 1413 nem
389 1356 638 1427 Spiritus
666 1353 857 1410 sancti
881 1353 1076 1423 magis
1105 1352 1354 1408 refertur
1370 1354 1744 1425 septenarius
1761 1371 1875 1410 nu-

213 1461 419 1501 merus
432 1441 1185 1513 columnarum,sapientim
1199 1441 1617 1507 etintellectus,
1640 1443 1873 1499 consilii

214 1538 273 1589 et
323 1530 709 1598 fortitudinis,
768 1529 1028 1585 scientiae
1054 1534 1110 1585 et
1139 1530 1397 1601 pietatis,
1425 1535 1483 1585 et
1518 1532 1745 1587 timoris
1771 1534 1872 1587 Dei

214 1622 372 1692 (Isai.
404 1637 481 1686 ιι,
515 1624 569 1688 2,
602 1619 678 1691 3),
717 1618 944 1691 quibus
1004 1618 1454 1690 operationibus
1493 1619 1712 1676 domus
1748 1620 1872 1676 Filii

215 1712 340 1778 Dei,
369 1713 483 1768 hoc
511 1717 618 1782 est,
650 1710 908 1766 Ecclesia
933 1709 1287 1766 continetur.

288 1803 375 1856 14.
411 1801 518 1874 Lib.
539 1816 598 1866 ιι,
628 1799 737 1872 10.]
768 1799 938 1864 Quod
970 1805 1169 1854 autem
1195 1799 1296 1864 ait,
1335 1799 1567 1855 Tantum
1596 1807 1870 1871 utpaupe-

217 1907 344 1945 rum
374 1905 626 1945 memores
646 1904 887 1954 essemus,
914 1887 1051 1959 quod
1066 1895 1114 1942 et
1129 1888 1316 1943 studui
1340 1888 1432 1943 hoc
1457 1889 1629 1960 ipsum
1658 1890 1833 1960 facere
1851 1904 1876 1947 .'

215 1979 561 2035 communis
574 1994 719 2035 cura
731 1984 859 2033 erat
883 1977 1166 2033 omnibus
1193 1978 1492 2049 Apostolis
1511 1978 1584 2034 de
1599 1979 1874 2051 pauperi-

209 2067 331 2124 bus
355 2073 721 2134 sanctorum,
743 2066 846 2139 qui
874 2066 1123 2122 erantin
1148 2066 1374 2133 Judaea,
1398 2069 1500 2138 qui
1515 2083 1712 2122 rerum
1733 2085 1871 2124 sua-

207 2175 349 2216 rum
366 2157 730 2214 venditarum
745 2156 930 2228 pretia
942 2156 1016 2211 ad
1032 2155 1220 2227 pedes
1232 2156 1637 2227 Apostolorum
1654 2173 1872 2227 posue-

205 2249 424 2319 rant(A
435 2254 504 2302 ct.
519 2262 598 2312 iv,
613 2246 725 2318 35).
743 2246 833 2302 Sic
847 2260 989 2314 ergo
1006 2245 1079 2300 ad
1099 2244 1314 2300 Gentes
1328 2246 1493 2300 missi
1507 2247 1873 2303 suntPaulus

208 2336 610 2401 etBarnabas,
629 2334 976 2391 utEcclesiae
993 2333 1260 2390 Gentium
1285 2349 1419 2406 qum
1446 2335 1559 2391 hoc
1579 2351 1698 2391 non
1718 2337 1868 2392 fece-

207 2430 368 2496 rant,
393 2427 814 2489 ministrarent,
846 2423 1180 2480 hortatione
1210 2423 1500 2494 ipsorum,
1532 2425 1618 2480 eis
1642 2426 1872 2499 quihoc

207 2513 501 2570 fecerant:
522 2513 677 2569 sicut
693 2513 770 2569 ad
789 2515 1092 2567 Romanos
1111 2511 1268 2582 dicit,
1294 2532 1318 2562 α
1338 2515 1503 2568 Nunc
1520 2520 1720 2570 autem
1742 2531 1871 2587 per-

208 2617 353 2674 gam
379 2602 705 2660 Jerusalem
728 2601 1062 2657 ministrare
1077 2601 1324 2657 sanctis:
1351 2601 1740 2673 placuitenim
1758 2608 1871 2660 Ma-

207 2691 477 2748 cedonius
512 2691 823 2748 etAchaise
862 2691 1353 2746 communionem
1380 2691 1646 2763 aliquam
1675 2691 1870 2748 facere

206 2781 272 2837 in
289 2796 586 2853 pauperes
610 2785 976 2844 sanctorum,
997 2779 1101 2850 qui
1127 2781 1342 2834 suntin
1371 2779 1718 2836 Jerusalem.
1744 2782 1872 2838 Pla-

207 2871 334 2926 cuit
354 2870 512 2925 enim
538 2869 671 2935 illis,
691 2875 745 2925 et
769 2867 1065 2923 debitores
1086 2883 1292 2924 eorum
1322 2874 1479 2923 sunt.
1502 2870 1558 2925 Si
1580 2870 1736 2924 enim
1754 2870 1869 2942 spi-

205 2958 527 3015 ritualibus
547 2974 756 3014 eorum
778 2957 1371 3014 communicaverunt
1393 2959 1622 3024 Gentes,
1647 2958 1871 3015 debent

205 3052 268 3104 et
297 3048 360 3103 in
390 3047 732 3105 carnalibus
752 3046 1089 3101 ministrare
1114 3047 1197 3102 eis
1218 3046 1393 3115 (Rom.
1427 3062 1520 3112 xv,
1553 3048 1759 3120 25-27).

285 3139 372 3192 15.
409 3135 522 3209 [11).
550 3153 611 3204 ιι,
649 3134 856 3208 11-16.]
885 3135 950 3190 In
982 3134 1209 3190 nullam
1249 3151 1391 3206 ergo
1422 3135 1869 3194 simulationem

207 3225 654 3297 Pauluslapsus
678 3229 820 3290 erat,
843 3223 986 3296 quia
1007 3223 1287 3280 servabat
1305 3223 1525 3296 ubique
1545 3225 1710 3296 quod
1732 3242 1870 3282 con-

207 3331 425 3387 gruere
451 3314 709 3380 videbat,
729 3315 854 3369 sive
881 3312 1152 3369 Ecclesiis
1175 3315 1467 3379 Gentium,
1493 3315 1615 3370 sive
1639 3315 1870 3373 Judan-

206 3421 370 3469 rum,
389 3409 450 3460 ut
466 3419 768 3477 nusquam
794 3403 1582 3470 auferretconsuetudinem,
1605 3420 1739 3476 qua;
1754 3422 1871 3462 ser-

208 3500 354 3550 vata
375 3509 497 3549 non
523 3492 890 3565 impediebat
919 3493 995 3547 ad
1023 3491 1421 3548 obtinendum
1452 3507 1704 3562 regnum
1734 3494 1870 3555 Dei:

211 3588 448 3642 tantum
461 3581 795 3639 admonens
808 3596 882 3637 ne
894 3582 1100 3653 quisin
1115 3580 1871 3655 superﬂuisponeretspem

213 3673 454 3739 salutis,
478 3672 654 3728 etiam
675 3671 724 3726 si
740 3671 1235 3727 consuetudinem
1252 3671 1312 3725 in
1326 3671 1407 3726 eis
1430 3678 1670 3743 propter
1686 3672 1867 3729 oﬁen-

213 3760 839 3819 sioneminﬁrmorum
858 3759 1155 3816 custodire
1181 3758 1369 3815 vellet.
1395 3760 1556 3816 Sicut
1574 3761 1650 3816 ad
1669 3762 1872 3817 Corin-

209 3852 374 3910 thios
402 3851 543 3906 dicit
575 3865 588 3904 :
631 3872 651 3900 ι
689 3848 1086 3905 Circumcisus
1127 3848 1262 3920 quis
1295 3853 1538 3904 vocatus
1568 3854 1654 3905 est
1691 3851 1718 3906 ‘I
1747 3867 1869 3907 non

213 3940 483 3996 adducat
501 3939 881 4011 prmputium.
903 3940 965 3992 In
988 3937 1277 4008 praeputio
1299 3939 1434 4009 quis
1455 3944 1698 3994 vocatus
1727 3946 1814 3995 est
1842 3939 1870 3994 ‘l

213 4045 339 4086 non
365 4027 847 4084 circumcidatur.
865 4027 1244 4083 Circumcisio
1265 4025 1532 4093 nihilest,
1552 4032 1606 4082 et
1625 4043 1868 4100 praepu-

212 4119 365 4175 tium
378 4117 750 4182 nihilest;sed
763 4115 1108 4172 observatio
1120 4115 1540 4172 mandatorum
1554 4115 1673 4172 Dei.
1687 4119 1868 4174 Unus-

212 4209 472 4281 quisque
491 4207 551 4262 in
574 4223 697 4278 qua
721 4205 1032 4262 vocatione
1055 4210 1300 4260 vocatus
1330 4211 1436 4270 est,
1468 4206 1530 4260 in
1547 4222 1618 4261 ea
1631 4221 1865 4278 perma-

211 4303 352 4354 neat
368 4317 397 4346 ››
417 4299 460 4363 (1
482 4295 607 4351 Cor.
631 4310 729 4361 vn,
758 4297 971 4365 18-20).
995 4294 1116 4350 Hoc
1132 4294 1293 4349 enim
1315 4293 1394 4350 ad
1417 4309 1518 4350 eas
1544 4301 1868 4352 consuetu-

212 4386 389 4442 dines
405 4385 495 4440 vel
518 4384 890 4441 conditiones
916 4384 1048 4439 vitae
1080 4381 1296 4450 retulit,
1317 4399 1452 4455 quae
1479 4383 1626 4439 nihil
1645 4386 1868 4442 obsunt

212 4475 663 4546 ﬁdeihonisque
685 4474 979 4530 moribus.
1003 4476 1130 4529 Non
1151 4473 1311 4528 enim
1330 4474 1376 4528 si
1388 4473 1538 4530 latro
1560 4480 1686 4530 erat
1705 4475 1865 4547 quis-

212 4581 334 4638 que
360 4581 498 4620 cum
512 4569 757 4620 vocatus
771 4567 875 4628 est,
890 4562 1067 4618 debet
1085 4563 1145 4617 in
1157 4562 1469 4619 latrocinio
1483 4578 1832 4634 permanere
1843 4605 1859 4620 .

214 4658 419 4712 Petrus
436 4659 634 4710 autem
655 4668 794 4708 cum
814 4653 1070 4709 venisset
1091 4652 1488 4718 Antiochiam,
1509 4653 1865 4724 objurgatus

214 4749 300 4800 est
314 4743 697 4809 aPaulo,non
715 4742 859 4814 quia
876 4741 1870 4799 servabatconsuetudinemJudze-

213 4849 409 4902 orum,
425 4833 487 4888 in
507 4847 632 4904 qua
647 4837 825 4887 natus
847 4835 1025 4903 atque
1042 4830 1330 4886 educatus
1348 4836 1472 4886 erat
1489 4835 1866 4904 (quanquam

212 4922 379 4994 apud
393 4921 607 4978 Gentes
630 4936 764 4977 eam
795 4935 917 4975 non
939 4919 1250 4990 servaret):
1273 4921 1372 4975 sed
1390 4920 1488 4991 obj
1501 4927 1743 4990 urgatus
1758 4927 1865 4988 est,

212 5012 358 5084 quia
389 5010 676 5066 Gentibus
695 5025 828 5066 eam
858 5008 1087 5065 volebat
1115 5009 1444 5080 imponere,
1463 5026 1600 5065 cum
1625 5010 1869 5067 vidisset

212 5097 515 5173 quosdam
547 5101 778 5174 venisse
804 5097 868 5153 ab
896 5097 1111 5169 Jacoba,
1146 5097 1208 5153 id
1237 5103 1344 5163 est,
1383 5114 1419 5156 a
1442 5098 1646 5155 Judaea
1677 5115 1690 5164 ;
1723 5115 1866 5155 nam

214 5189 486 5246 Ecclesia
512 5189 1029 5261 Jerosolymitanea
1057 5187 1314 5243 Jacobus
1346 5187 1602 5259 praefuit.
1630 5189 1867 5244 Timens

214 5293 358 5349 ergo
374 5293 474 5334 eos
499 5279 599 5350 qui
616 5278 813 5334 adhuc
827 5276 1121 5349 putabant
1135 5276 1190 5331 in
1216 5276 1329 5332 illis
1343 5276 1864 5332 observationibus

214 5367 472 5423 salutem
503 5367 908 5431 constitutam,
943 5366 1298 5437 segregabat
1323 5380 1386 5422 se
1412 5382 1448 5421 a
1475 5366 1783 5434 Gentibus,
1809 5371 1868 5422 et

215 5456 495 5513 simulate
516 5456 631 5512 illis
658 5456 1068 5514 consentiebat
1087 5455 1164 5513 ad
1186 5455 1556 5528 imponenda
1577 5455 1865 5512 Gentibus

277 5670 447 5738 lAm.
479 5669 639 5738 θίΕι·ἐ
665 5667 1123 5738 consentientibus
1158 5667 1344 5723 decem
1371 5667 1517 5731 Mss.,
1554 5686 1663 5737 quae
1695 5673 1867 5738 utique

213 5737 572 5785 universitatis
598 5736 850 5786 Ecclesiae.

277 5802 346 5866 (α)
368 5800 524 5851 Forte
547 5801 603 5850 in
628 5813 801 5865 greco
825 5802 956 5862 erat,
987 5799 1398 5865 heptaptasiona.

1432 239 1922 305 EXPOSITIONIS
1954 249 2168 305 LIBER
2213 249 2421 307 UNUS.

3493 257 3632 313 2114

1988 376 2089 432 illa
2118 391 2302 432 onera
2332 376 2666 433 servitutis:
2702 377 2866 449 quod
2898 375 2956 433 in
2981 377 3169 450 ipsius
3197 378 3634 451 ohjurgationis

1988 464 2184 520 verbis
2198 465 2341 520 satis
2355 470 2622 537 apparet.
2649 468 2774 521 Non
2796 467 2956 522 enim
2976 467 3075 533 ait,
3091 467 3153 521 Si
3174 474 3250 534 tu,
3269 485 3390 523 cum
3414 469 3634 526 Judaeus

1985 553 2079 620 sis,
2113 553 2425 621 Gentiliter,
2450 559 2499 608 et
2529 571 2639 609 non
2675 554 2901 610 Judaice
2927 557 3085 627 vivis,
3114 557 3634 628 quemadmodum

1988 658 2194 698 rursus
2212 643 2288 698 ad
2303 643 2791 699 consuetudinem
2803 644 3143 700 Judaeorum
3161 645 3632 713 reverteris?sed,

1985 731 2444 801 quemadmodum,
2476 733 2688 803 inquit,
2724 732 2909 787 Gentes
2931 735 3070 804 cogis
3090 734 3385 805 judaizare
3407 736 3436 790 9
3465 737 3634 801 Quod

1985 825 2184 877 autem
2212 821 2326 876 hoc
2349 820 2400 876 ei
2420 837 2600 874 coram
2619 821 2862 875 omnibus
2883 822 3049 886 dixit,
3073 823 3397 880 necessitas
3418 825 3632 895 coegit,

1989 915 2272 965 utomnes
2289 909 2450 965 illius
2476 910 2897 981 objurgatione
2918 916 3290 968 sanarentur.
3315 914 3444 968 Non
3473 915 3631 970 enim

1987 998 2125 1054 utile
2155 1004 2281 1055 erat
2326 1015 2585 1055 errorem
2618 999 2720 1071 qui
2752 999 2956 1071 palam
3004 1007 3261 1065 noceret,
3297 1002 3355 1056 in
3413 1009 3633 1060 secreto

1985 1088 2327 1143 emendare.
2360 1088 2480 1142 Huc
2503 1088 2907 1160 acceditquod
2926 1089 3174 1144 ﬁrmitas
3193 1097 3245 1143 et
3267 1090 3523 1146 charitas
3536 1095 3634 1147 Pe-

1985 1175 2072 1245 tri,
2090 1177 2182 1231 cui
2217 1177 2615 1232 teraDomino
2630 1177 2854 1233 dictum
2887 1178 3172 1247 est,Amas
3196 1196 3274 1233 me
3299 1179 3329 1239 ?
3354 1195 3632 1250 pasceoves

1983 1265 2316 1336 meas(.loan.
2331 1283 2446 1334 xxx,
2462 1265 2574 1336 15),
2590 1265 3070 1336 objurgationem
3091 1267 3265 1323 talem
3290 1270 3632 1340 posterioris

1982 1355 2237 1425 pastoris
2281 1370 2386 1427 pro
2419 1354 2604 1409 salute
2635 1355 2829 1424 gregis
2859 1354 3246 1412 libentissime
3277 1358 3628 1415 sustinebat.

1983 1446 2131 1499 Nam
2146 1447 2273 1499 erat
2292 1443 2390 1513 obj
2402 1449 2678 1512 urgatore
2694 1461 2800 1498 suo
2814 1444 2940 1515 ipse
2962 1461 2997 1514 q
3009 1445 3063 1498 ui
3079 1445 3177 1515 obj
3190 1446 3514 1517 urgabatur
3525 1449 3634 1502 mi-

1980 1532 2766 1600 rabilior,etadimitandum
2783 1533 3098 1590 difﬁcilior.
3115 1534 3362 1590 Facilius
3374 1541 3461 1591 est
3473 1539 3633 1593 enim

1983 1623 2180 1678 videre
2199 1622 2348 1695 quid
2363 1624 2420 1678 in
2442 1622 2555 1678 alio
2569 1622 2855 1693 corrigas,
2870 1628 3047 1694 atque
3063 1623 3118 1678 id
3136 1623 3525 1694 vituperando
3539 1626 3632 1682 vel

1979 1711 2362 1783 objurgando
2384 1712 2698 1780 corrigere,
2717 1727 2904 1783 quam
2927 1712 3127 1767 videre
3140 1713 3360 1783 quidin
3377 1721 3428 1768 te
3456 1715 3632 1770 corri-

1981 1801 2248 1871 gendum
2295 1800 2388 1864 sit,
2429 1800 2795 1870 libenterque
2827 1801 3061 1870 corrigi,
3093 1800 3186 1856 vel
3217 1817 3321 1872 per
3353 1803 3638 1874 teipsum,

1981 1890 2206 1945 nedum
2238 1905 2342 1960 per
2367 1889 2550 1944 alium
2587 1906 2600 1955 ;
2633 1889 2788 1945 adde
2821 1889 3229 1960 posteriorem,
3265 1892 3420 1946 adde
3450 1909 3631 1948 coram

1980 1979 2243 2034 omnibus.
2271 1978 2440 2034 Valet
2467 1983 2665 2034 autem
2699 1977 2811 2033 hoc
2843 1978 2917 2034 ad
2956 1993 3247 2047 magnum
3279 1979 3630 2038 humilitatis

1980 2069 2343 2139 exemplum,
2359 2082 2494 2138 qum
2514 2067 2783 2122 maxima
2800 2071 2888 2122 est
2916 2066 3232 2138 disciplina
3262 2068 3587 2128 christiana
3613 2088 3630 2130 :

1979 2156 2312 2213 humilitate
2360 2159 2520 2212 enim
2549 2163 2942 2211 conservatur
2970 2156 3251 2212 charitas.
3282 2160 3427 2214 Nam
3482 2160 3628 2215 nihil

1979 2261 2114 2302 eam
2143 2246 2313 2302 citius
2343 2245 2727 2316 violatquam
2756 2245 3057 2315 superbia.
3092 2248 3157 2301 Et
3183 2246 3314 2302 ideo
3342 2247 3626 2304 Dominus

1979 2351 2100 2391 non
2115 2336 2214 2399 ait,
2242 2334 2441 2390 Tollite
2450 2335 2469 2404 j
2482 2349 2666 2405 ugum
2680 2349 2880 2388 meum
2894 2339 2950 2389 et
2962 2334 3166 2390 discite
3181 2351 3215 2390 a
3230 2351 3324 2390 me
3336 2339 3626 2407 quoniam

1978 2424 2382 2497 quatriduana
2393 2423 2467 2478 de
2481 2422 2765 2494 sepulcris
2790 2421 3088 2478 cadavera
3103 2425 3422 2488 exsuscito,
3446 2430 3626 2498 atque

1977 2515 2173 2570 omnia
2185 2512 2487 2568 daemonia
2498 2511 2572 2566 de
2585 2510 2937 2582 corporibus
2949 2511 3254 2566 hominum
3270 2514 3626 2586 morbosque

1978 2601 2528 2674 depello,etcaetera
2539 2601 2720 2670 hujus
2734 2600 2916 2656 modi:
2936 2600 3062 2666 sed,
3085 2600 3302 2667 Tollite,
3317 2603 3528 2673 inquit,
3533 2605 3628 2673 ju-

1975 2709 2098 2764 gum
2110 2708 2301 2756 meum,
2315 2698 2362 2745 et
2377 2690 2568 2744 discite
2581 2706 2705 2743 ame
2716 2689 2847 2760 quia
2858 2690 3010 2744 mitis
3021 2706 3159 2756 sum,
3176 2696 3226 2744 et
3239 2691 3461 2745 humilis
3473 2692 3626 2746 corde

1978 2781 2198 2852 (Matth.
2219 2797 2298 2845 ιι,
2327 2779 2439 2851 29).
2464 2779 2568 2835 Illa
2595 2779 2754 2833 enim
2778 2780 2949 2848 signa
2976 2785 3113 2834 sunt
3134 2794 3334 2834 rerum
3359 2781 3628 2852 spiritua-

1977 2871 2376 2926 liumzmitem
2390 2873 2586 2925 autem
2610 2872 2816 2924 esseet
2835 2868 3126 2923 humilem
3155 2869 3458 2925 charitatis
3489 2886 3627 2926 con-

1978 2958 2667 3028 servatorem‘,resipsae
2687 2956 3024 3028 spirituales
3039 2963 3199 3023 sunt,
3230 2958 3307 3013 ad
3337 2974 3491 3029 quas
3524 2975 3630 3030 per

1977 3049 2076 3105 illa
2097 3047 2537 3117 ducuntur,qui
2560 3046 2750 3101 oculis
2769 3047 3037 3117 corporis
3065 3046 3249 3102 dediti
3268 3047 3450 3103 ﬁdem
3480 3047 3629 3104 invi-

1978 3135 2553 3206 sibilium,quiajam
2567 3135 2642 3188 de
2655 3135 2810 3188 notis
2830 3134 3182 3206 usitatisque
3206 3151 3327 3191 non
3350 3143 3626 3208 possunt,

1978 3227 2053 3282 de
2074 3225 2248 3281 novis
2267 3223 2657 3295 etrepentinis
2677 3222 3015 3278 visibilibus
3029 3231 3329 3295 quaerunt.
3346 3226 3403 3280 Si
3417 3243 3558 3297 ergo
3573 3232 3630 3284 et

1978 3315 2059 3371 illi
2084 3315 2185 3386 qui
2207 3313 2500 3384 cogebant
2516 3315 2726 3368 Gentes
2734 3312 3063 3382 judaizare,
3081 3312 3428 3369 didicissent
3449 3317 3625 3372 mites

1978 3421 2104 3460 esse
2126 3401 2447 3460 ethumiles
2466 3401 2666 3467 corde,
2685 3401 2850 3472 quod
2872 3417 2908 3456 a
2922 3401 3173 3456 Domino
3189 3404 3390 3457 Petrus
3408 3403 3629 3461 didice-

1977 3500 2069 3551 rat
2091 3511 2105 3561 ;
2139 3493 2350 3549 saltem
2376 3496 2641 3548 correcto
2663 3494 2830 3546 tanto
2851 3490 2976 3546 viro
2998 3490 3075 3545 ad
3102 3491 3625 3548 imitanduminvi-

1979 3588 2260 3648 tarentur,
2285 3597 2393 3636 nec
2419 3583 2701 3653 putarent
2724 3579 3111 3650 Evangelium
3149 3579 3357 3637 Christi
3383 3581 3627 3650 justilite

1977 3690 2101 3729 suae
2129 3679 2414 3744 tanquam
2444 3670 2715 3726 debitum
2741 3670 3042 3725 redditum
3087 3685 3098 3723 :
3123 3669 3212 3724 sed
3259 3671 3478 3725 scientes
3502 3688 3626 3742 quo-

1976 3764 2123 3818 niam
2151 3779 2255 3816 non
2267 3761 2608 3832 justiﬁcatur
2637 3759 2787 3814 homo
2810 3775 2875 3813 ea:
2897 3758 3150 3830 operibus
3179 3759 3359 3830 Legis,
3392 3761 3504 3814 nisi
3526 3778 3628 3832 per

1973 3852 2128 3924 ﬁdem
2154 3850 2357 3905 Christi
2371 3849 2520 3918 Jesu,
2549 3854 2608 3905 ut
2624 3847 2874 3920 impleat
2889 3863 3073 3920 opera
3089 3849 3280 3919 Legis,
3303 3849 3628 3920 adjuvante

1977 3941 2380 3996 inﬁrmitatem
2435 3954 2632 4006 suam,
2663 3953 2784 3994 non
2839 3937 3052 3994 merito
3108 3954 3238 4005 suo,
3282 3939 3386 3994 sed
3439 3941 3627 4010 gratia

1976 4031 2075 4086 Dei
2109 4049 2122 4100 ;
2155 4045 2276 4085 non
2316 4028 2616 4100 exigerent
2665 4027 2738 4082 de
2788 4027 3072 4083 Gentibus
3135 4027 3404 4084 carnales
3456 4029 3625 4099 Legis

1974 4119 2443 4183 observationes,
2464 4117 2565 4173 sed
2583 4132 2686 4189 per
2699 4115 2896 4189 ipsam
2913 4117 3166 4186 gratiam
3184 4117 3627 4190 ﬁdei,spiritua-

1973 4207 2246 4279 liaopera
2258 4207 2425 4277 Legis
2439 4222 2541 4262 eos
2564 4205 2811 4279 implere
2827 4221 3004 4278 posse
3018 4221 3168 4276 cogn
3177 4209 3516 4272 oscerent.Q
3527 4224 3628 4263 uo-

1974 4296 2139 4354 niam
2153 4313 2222 4353 ex
2233 4296 2517 4368 operibus
2531 4297 2721 4366 Legis,
2741 4311 2879 4350 cum
2895 4295 3018 4350 suis
3037 4295 3258 4350 viribus
3272 4310 3343 4351 ea
3365 4296 3624 4368 quisque

1973 4386 2259 4454 tribuerit,
2274 4402 2395 4443 non
2413 4385 2619 4456 gratiae
2634 4383 2971 4440 miserantis
2990 4384 3108 4448 Dei,
3127 4399 3245 4439 non
3269 4383 3625 4453 justiﬁcabi-

1973 4481 2066 4532 tur
2086 4477 2284 4532 omnis
2307 4491 2466 4538 caro,
2486 4474 2545 4530 id
2567 4477 2674 4540 est,
2692 4473 2890 4528 omnis
2903 4473 3108 4541 homo,
3125 4472 3247 4526 sive
3267 4487 3478 4526 omnes
3491 4488 3622 4529 car-

1971 4565 2180 4622 naliter
2204 4564 2540 4620 sentientes.
2570 4562 2636 4617 Et
2662 4561 2798 4617 ideo
2836 4561 2938 4626 illi,
2965 4560 3065 4632 qui
3094 4575 3230 4616 cum
3255 4560 3384 4630 jam
3422 4565 3624 4618 essent

1972 4655 2084 4710 sub
2107 4655 2277 4724 Lege,
2302 4653 2528 4707 Christo
2550 4649 2948 4715 crediderunt,
2973 4665 3093 4705 non
3116 4649 3258 4720 quia
3267 4649 3407 4718 justi
3429 4654 3622 4716 erant,

1972 4745 2077 4799 sed
2108 4749 2171 4798 ut
2193 4741 2679 4814 justiﬁcarentur,
2713 4743 3001 4794 venerunt
3032 4737 3109 4793 ad
3162 4738 3415 4808 gratiam
3446 4738 3616 4797 ﬁdei.

2052 4835 2132 4887 l6.
2152 4831 2259 4902 [1b.
2280 4847 2336 4895 ιι,
2365 4829 2582 4902 15-ι18.]
2596 4831 2976 4884 Peccatorum
3008 4831 3207 4884 autem
3227 4843 3448 4884 nomen
3480 4830 3628 4885 Gen-

1974 4921 2131 4978 tibus
2152 4918 2780 4992 imposuerantlndaei,
2799 4918 2926 4989 jam
2960 4922 3193 4973 vetusta
3228 4918 3496 4991 quadam
3524 4936 3626 4974 su-

1973 5008 2518 5081 perbia,tamquam
2544 5006 2657 5079 ipsi
2675 5006 2816 5078 justi
2847 5005 3325 5074 essent,videndo
3341 5006 3624 5077 stipulam

1972 5099 2032 5153 in
2064 5097 2233 5154 oculo
2264 5097 2480 5163 alieno,
2503 5101 2560 5153 et
2586 5111 2709 5153 non
2752 5095 2981 5152 trabem
3012 5097 3072 5152 in
3114 5111 3245 5151 suo.
3279 5094 3624 5150 Secundum

1971 5203 2180 5243 eorum
2204 5202 2433 5242 morem
2461 5186 2694 5242 locutus
2720 5185 3036 5257 Apostolus
3062 5184 3288 5249 ait,Nos
3317 5182 3626 5238 naturaJu-

1969 5276 2097 5342 daei,
2129 5283 2177 5332 et
2203 5292 2308 5329 non
2332 5291 2396 5329 ex
2424 5274 2679 5330 Gentibus
2701 5281 3002 5345 peccatores
3024 5273 3398 5343 ;idest,quos
3421 5270 3625 5342 appel-

1969 5366 2093 5422 lant
2106 5369 2612 5437 peccatores,cum
2627 5364 2743 5419 sint
2755 5369 2810 5419 et
2822 5362 2936 5434 ipsi
2955 5367 3286 5432 peccatores
3305 5376 3318 5414 :
3333 5361 3444 5416 Nos
3457 5374 3622 5429 ergo,

1971 5455 2187 5528 inquit,
2224 5461 2429 5509 natura
2457 5452 2661 5522 Judwi,
2692 5468 2829 5507 cum
2862 5451 3116 5507 Gentiles
3175 5465 3295 5506 non
3323 5465 3620 5517 essemus,

1971 5561 2125 5618 quos
2145 5544 2258 5616 ipsi
2279 5545 2619 5616 peccatores
2645 5540 2969 5612 appellant,
3004 5545 3206 5596 tamen
3227 5546 3275 5594 et
3305 5555 3399 5594 nos
3415 5554 3624 5610 pecca-

1974 5640 2128 5693 tores
2158 5637 2216 5689 in
2247 5633 2467 5690 Christo
2488 5633 2616 5688 Jesu
2661 5629 3013 5695 credidimus,
3043 5635 3104 5686 ut
3123 5629 3497 5701 justiﬁcemur
3521 5645 3626 5700 per

1963 5837 1976 5850 .
2032 5799 2047 5830 ί
2060 5796 2139 5849 Ita
2151 5795 2277 5847 Mss.
2296 5797 2361 5848 At
2377 5793 2523 5854 editi,
2539 5791 2806 5845 charitatis
2822 5790 3135 5864 conservatio
3153 5791 3340 5852 esl,Res
3355 5790 3499 5858 ipsis,
3517 5792 3621 5844 etc.
