4120 6202
577 160 717 217 2115

575 286 728 357 ﬁdem
757 284 980 340 Christi.
1012 287 1136 339 Non
1170 285 1370 338 autem
1392 288 1728 354 quaererent
1751 283 2084 353 justiﬁcari,
2121 283 2233 338 nisi

575 380 772 430 essent
793 375 1251 446 peccatores.An
1269 370 1414 426 forte
1426 372 1568 442 quia
1584 373 1639 425 in
1672 372 1898 426 Christo
1921 372 2236 428 voluerunt

569 463 898 534 justiﬁcari,
951 465 1389 533 peccaverunt?
1414 462 1577 530 quia,
1611 461 1657 514 si
1687 461 1816 530 jam
1861 462 2007 530 justi
2041 469 2228 532 erant,

577 551 738 608 aliud
761 550 1082 622 quaerendo
1118 550 1318 619 utique
1352 558 1782 618 peccaverunt:
1813 550 1936 617 sed,
1961 551 2006 604 si
2027 550 2232 616 itaest,

575 642 790 713 inquit,
823 655 963 708 ergo
998 639 1247 696 Christus
1278 637 1479 708 peccati
1507 639 1758 693 minister
1786 645 1881 692 est.
1917 640 2087 704 Quod
2120 641 2235 696 uti-

576 746 694 803 que
730 745 846 784 non
880 732 1131 800 possunt
1156 727 1372 791 dicere,
1415 728 1558 797 quia
1586 735 1642 782 et
1668 728 1780 799 ipsi
1813 728 1917 799 qui
1949 728 2235 784 nolebant

575 821 687 875 nisi
715 817 1077 873 circumcisis
1105 815 1386 870 Gentibus
1411 817 1560 870 tradi
1579 817 2052 886 Evangelium,in
2075 817 2234 872 Chri-

577 913 666 963 sto
695 907 1084 961 crediderant.
1116 907 1176 959 Et
1206 905 1340 958 ideo
1371 905 1535 975 quod
1568 905 1731 969 dicit,
1764 905 1944 966 Absit.
1977 922 2096 961 non
2141 923 2234 962 so-

573 997 684 1060 lus,
717 997 817 1050 sed
841 1012 978 1050 cum
1000 995 1142 1064 ipsis
1167 994 1327 1048 dicit.
1356 995 1848 1049 Destruxitautem
1885 996 2232 1066 superbiam

575 1086 924 1156 gloriantem
945 1084 1017 1138 de
1031 1083 1314 1154 operibus
1331 1083 1666 1154 Legis,qum
1680 1084 1906 1138 destrui
1925 1085 2234 1140 etdeberet

574 1180 627 1230 et
643 1180 946 1246 posset,ne
959 1174 1148 1242 gratia
1166 1173 1301 1227 fidei
1321 1172 1616 1226 videretur
1636 1189 1752 1227 non
1779 1175 2234 1241 neccessaria,si

574 1281 756 1335 opera
779 1263 944 1331 Legis
959 1264 1136 1316 etiam
1157 1261 1281 1315 sine
1301 1260 1733 1330 illajustificare
1759 1262 2232 1320 crederentur.Et

576 1355 708 1408 ideo
730 1352 1148 1423 praevaricator
1178 1356 1286 1413 est,
1310 1349 1360 1403 si
1383 1366 1590 1403 rursus
1611 1349 1709 1405 illa
1723 1351 1999 1418 aedificat,
2024 1352 2230 1407 dicens

573 1441 738 1513 quod
765 1455 950 1512 opera
983 1439 1148 1506 Legis
1199 1439 1378 1492 etiam
1414 1439 1540 1492 sine
1571 1439 2136 1509 gratiajustiﬁcant,
2172 1446 2234 1498 ut

573 1531 834 1586 Christus
867 1528 1092 1599 peccati
1121 1527 1964 1584 ministerinveniaturJ’osset
1994 1529 2229 1599 ergoilli

571 1618 750 1687 objici
773 1616 1076 1680 dicenti,Si
1091 1617 1231 1669 enim
1261 1631 1380 1684 quae
1400 1616 1670 1684 destruxi,
1697 1617 1808 1672 hac
1833 1618 2019 1672 eadem
2041 1636 2233 1674 rursus

573 1706 1292 1776 adiﬁcomrzcvaricatorem
1307 1705 1566 1773 meipsum
1588 1705 1879 1760 constituo.
1898 1706 2048 1770 Quid
2065 1722 2228 1776 ergo,

573 1796 715 1867 quia
739 1795 921 1849 ﬁdem
949 1794 1158 1848 Christi
1182 1794 1586 1863 oppugnabas
1623 1801 1821 1860 antea,
1855 1811 2040 1866 quam
2070 1811 2231 1852 nunc

572 1884 855 1952 aediﬁcas,
909 1883 1425 1953 praevaricatorem
1458 1889 1509 1935 te
1537 1883 1846 1937 constituis
1873 1884 1900 1939 ?
1930 1883 2042 1938 Sed
2066 1884 2229 1940 illam

573 1985 690 2028 non
719 1972 1030 2036 destruxit,
1052 1970 1188 2040 quia
1215 1970 1436 2023 destrui
1459 1985 1578 2024 non
1604 1977 1814 2041 potest.
1848 1973 2007 2027 lianc
2030 1979 2230 2028 autem

573 2061 924 2132 superbiam
949 2075 1080 2114 vere
1102 2059 1486 2126 destruxerat,
1503 2065 1962 2132 constanterque
1976 2062 2233 2117 destrue-

570 2150 694 2214 bat,
718 2151 860 2221 quia
881 2149 1100 2203 destrui
1131 2154 1380 2218 poterat.
1408 2150 1469 2202 Et
1504 2149 1635 2203 ideo
1659 2165 1779 2204 non
1812 2150 1907 2204 ille
1957 2152 2231 2221 praevari-

571 2244 734 2295 cator
759 2245 862 2303 est,
896 2237 998 2309 qui
1027 2253 1152 2291 rem
1181 2251 1384 2292 veram
1409 2253 1544 2291 cum
1559 2243 1876 2293 conaretur
1905 2238 2229 2307 destruere,

571 2335 627 2385 et
651 2334 858 2399 postea
884 2343 1084 2382 veram
1116 2341 1248 2380 esse
1278 2341 1348 2380 ac
1373 2325 1594 2381 destrui
1626 2343 1744 2382 non
1774 2344 1948 2399 posse
1978 2345 2231 2400 cognos-

572 2423 748 2480 ceret,
783 2416 970 2472 tenuit
1015 2431 1149 2470 eam
1206 2420 1268 2469 ut
1315 2414 1375 2470 in
1406 2431 1476 2471 ea
1508 2416 1903 2474 aediﬁcaretur
1935 2439 1947 2478 :
2001 2419 2106 2474 sed
2136 2420 2229 2476 ille

569 2508 992 2578 praevaricator
1018 2511 1124 2573 est,
1161 2505 1264 2576 qui
1296 2521 1432 2560 cum
1459 2507 1813 2562 destruxerit
1837 2523 1963 2562 rem
1987 2507 2225 2575 falsam,

572 2596 716 2668 quia
738 2595 958 2650 destrui
987 2597 1196 2664 potest,
1227 2609 1359 2649 eam
1389 2610 1592 2649 rursus
1634 2595 1904 2652 aedificat.

644 2687 730 2738 -l7.
754 2683 857 2756 [lb.
886 2699 941 2750 ιι,
961 2684 1168 2753 19-21.]
1191 2683 1470 2738 Mortuum
1501 2691 1704 2739 autem
1737 2700 1800 2740 se
1827 2685 1956 2756 Legi
1982 2687 2142 2754 dicit,
2167 2692 2230 2746 ut

567 2775 695 2846 jam
729 2774 842 2829 sub
880 2777 1024 2843 Lege
1057 2788 1176 2827 non
1191 2779 1366 2837 esset,
1401 2773 1502 2827 sed
1520 2777 1721 2828 tamen
1743 2791 1844 2844 per
1862 2775 2087 2845 Legem:
2103 2777 2226 2831 sive

570 2863 1182 2935 quiaJudaeuserat,et
1197 2867 1485 2933 tanquam
1499 2863 1887 2933 paedagogum
1903 2865 2116 2934 Legem
2133 2881 2223 2921 ac-

573 2959 830 3026 ceperat,
859 2954 1230 3022 sicutpostea
1259 2951 1918 3023 manifestat(Gatat.m,
1951 2956 2063 3024 24).
2105 2955 2226 3011 Hoc

571 3054 774 3100 autem
792 3043 1104 3112 agiturper
1119 3041 1611 3112 padagogum,ut
1627 3057 1746 3097 non
1766 3043 1836 3098 sit
1854 3045 2225 3100 necessarius

573 3133 941 3204 paedagogus
958 3147 969 3184 :
987 3132 1137 3185 sicut
1151 3145 1254 3201 per
1269 3131 1452 3185 ubera
1481 3131 1736 3186 nutritur
1762 3131 1982 3197 infans,
2013 3138 2076 3187 ut
2095 3134 2223 3204 jam

573 3220 856 3277 uberibus
879 3235 998 3274 non
1026 3219 1287 3288 indigeat
1312 3237 1324 3286 ;
1358 3225 1414 3273 et
1437 3235 1540 3290 per
1565 3235 1777 3274 navem
1797 3221 2134 3292 pervenitur
2146 3221 2224 3277 ad

571 3311 1049 3384 patriam,utjam
1066 3309 1200 3364 navi
1216 3325 1366 3378 opus
1380 3324 1499 3363 non
1518 3310 1745 3364 sit.Sive
1763 3325 1863 3380 per
1878 3311 2092 3378 Legem
2108 3311 2224 3382 spi-

570 3398 1222 3457 ritualiterintellectam
1246 3399 1379 3466 Legi
1397 3404 1669 3452 mortuus
1682 3404 1870 3463 est,ne
1889 3400 2004 3454 sub
2018 3414 2086 3454 ea
2100 3415 2223 3454 car-

569 3491 783 3548 naliter
813 3490 1047 3545 viveret.
1084 3489 1230 3542 Nam
1269 3486 1382 3541 hoc
1416 3487 1596 3542 modo
1623 3502 1726 3558 per
1753 3490 1966 3557 Legem
1999 3488 2134 3558 Legi
2162 3492 2223 3544 ut

575 3583 947 3636 morerentur
977 3577 1232 3646 volebat,
1262 3593 1399 3631 cum
1430 3575 1516 3631 eis
1544 3575 1722 3647 paulo
1749 3583 1887 3648 post
1919 3579 2017 3642 ait,
2048 3577 2223 3632 Dicite

581 3671 737 3736 mihi,
752 3669 845 3724 sub
865 3669 1049 3738 Legem
1081 3666 1307 3721 volentes
1322 3683 1446 3731 esse,
1479 3667 1666 3737 Legem
1697 3683 1801 3720 non
1829 3666 2009 3738 legisti
2027 3670 2052 3720 .9
2071 3666 2224 3722 Scri-

569 3767 721 3828 ptum
750 3766 823 3813 est
855 3758 996 3811 enim
1023 3757 1159 3826 quod
1189 3756 1466 3810 Abraham
1489 3755 1617 3810 duos
1634 3755 1785 3817 filios
1812 3756 1999 3810 habuit
2021 3756 2125 3826 (Ib.
2145 3772 2222 3822 1v,

570 3851 628 3900 2t
645 3887 658 3908 ,
674 3849 784 3916 22),
802 3851 936 3909 etc.,
959 3850 1136 3915 utper
1148 3845 1422 3899 eamdem
1437 3845 1650 3914 Legem
1666 3846 2042 3916 spiritualiter
2057 3845 2224 3900 intel-

571 3933 787 3990 lectam
817 3939 1183 3987 morerentur
1213 3933 1553 3987 carnalibus
1585 3933 2105 3989 observationibus
2131 3936 2226 3988 Le-

573 4022 683 4094 gis.
713 4021 883 4088 Quod
905 4027 1105 4076 autem
1128 4021 1422 4091 adjungit,
1462 4020 1530 4076 Ut
1560 4021 1672 4075 Deo
1704 4022 1905 4092 vivam;
1937 4023 2057 4078 Deo
2091 4023 2226 4078 vivit

571 4111 804 4184 quisub
837 4113 954 4165 Deo
981 4115 1097 4175 est;
1121 4109 1608 4180 Legiautem,qui
1637 4109 1749 4164 sub
1776 4112 1920 4180 Lege
1947 4116 2072 4169 est:
2111 4111 2224 4167 sub

569 4201 721 4272 Lege
748 4205 949 4256 autem
973 4199 1132 4265 vivit,
1150 4198 1208 4253 in
1223 4204 1520 4270 quantum
1533 4198 1786 4270 quisque
1817 4207 2093 4270 peccator
2114 4205 2224 4269 est,

571 4290 632 4346 id
652 4295 759 4356 est,
785 4290 843 4344 in
870 4294 1161 4361 quantum
1178 4305 1210 4343 a
1229 4293 1422 4343 vetere
1440 4288 1682 4343 homine
1697 4303 1817 4343 non
1832 4294 2222 4358 estmutatus;

573 4396 682 4436 sua
711 4380 868 4434 enim
886 4381 1003 4436 vita
1020 4379 1182 4446 vivit,
1205 4384 1262 4434 et
1288 4377 1420 4434 ideo
1435 4378 1546 4433 Lex
1573 4378 1933 4450 supraillum
1946 4384 2037 4434 est
2055 4380 2227 4451 ;quia

573 4469 676 4541 qui
701 4485 835 4526 eam
868 4483 988 4525 non
1015 4468 1240 4540 implet,
1275 4466 1426 4524 infra
1455 4467 1617 4522 illam
1647 4474 1754 4524 est.
1783 4469 2092 4540 Namjusto
2119 4469 2229 4524 Lex

579 4560 752 4631 posita
777 4575 880 4613 non
911 4566 982 4613 est
1011 4559 1051 4628 (l
1092 4558 1232 4612 Tim.
1261 4573 1298 4620 1,
1328 4557 1479 4627 9),id
1508 4563 1599 4612 est
1624 4557 1918 4629 imposita,
1956 4564 2018 4614 ut
2045 4573 2229 4630 supra

573 4649 739 4703 illum
776 4649 850 4702 sit
883 4664 894 4703 :
923 4646 1779 4718 inillaestenimpotiusquam
1809 4647 1924 4702 sub
1939 4646 2038 4704 illa
2059 4650 2230 4719 ;quia

571 4751 694 4792 non
727 4753 836 4792 sua
859 4737 977 4792 vita
1009 4736 1172 4801 vivit,
1197 4736 1287 4790 cui
1304 4736 1646 4791 coercendas
1671 4737 1780 4792 Lex
1798 4737 2144 4807 imponitur.
2162 4738 2229 4794 Ut

573 4826 733 4880 enim
761 4825 842 4879 sic
873 4825 1091 4888 dicam,
1120 4825 1251 4895 ipsa
1274 4825 1722 4896 quodammodo
1748 4826 1900 4895 Lege
1916 4826 2106 4891 vivit‘,
2126 4825 2228 4897 qui

584 4931 722 4971 cum
747 4914 1058 4970 dilectione
1081 4913 1326 4986 justitiae
1353 4914 1513 4983 juste
1544 4913 1708 4979 vivit,
1743 4929 1862 4969 non
1888 4915 2131 4985 proprio
2160 4930 2230 4970 ac

581 5001 1076 5071 transitorio,~sed
1107 5000 1415 5058 communi
1447 5017 1516 5056 ac
1547 5001 2227 5072 stabiligaudensbono.

577 5097 643 5152 Et
676 5096 808 5151 ideo
832 5092 1012 5150 Paulo
1043 5107 1162 5148 non
1187 5098 1312 5146 erat
1337 5090 1452 5146 Lex
1482 5092 1869 5162 imponenda,
1911 5092 2014 5163 qui
2067 5093 2228 5161 dicit,

571 5187 686 5241 viro
717 5192 890 5240 autem
905 5200 1022 5254 1am
1045 5197 1152 5238 non
1176 5197 1284 5252 ego,
1310 5181 1443 5234 vivit
1473 5196 1596 5234 vero
1613 5181 1672 5234 in
1701 5180 2064 5236 meChristus.
2089 5183 2229 5248 Quis

571 5290 707 5345 ergo
733 5274 952 5331 audeat
973 5273 1200 5329 Christo
1233 5271 1459 5342 Legem
1486 5270 1814 5341 imponere,
1851 5270 1954 5342 qui
1995 5271 2138 5327 vivit
2166 5271 2226 5326 in

572 5363 753 5420 Paulo
775 5366 801 5419 ?
825 5368 952 5420 Non
983 5363 1143 5419 enim
1169 5363 1351 5418 audet
1375 5360 1505 5432 quis
1537 5358 1728 5415 dicere
1786 5361 2081 5416 Christum
2109 5375 2230 5416 non

570 5461 729 5508 recte
745 5456 958 5517 vivere,
978 5459 1038 5508 ut
1059 5454 1110 5509 ei
1124 5452 1450 5509 coercendo
1464 5451 1578 5506 Lex
1596 5449 1962 5522 imponenda
1977 5449 2233 5515 sit.Quod

575 5546 750 5595 autem
795 5558 941 5597 nunc
971 5543 1108 5608 vivo,
1137 5543 1350 5615 inquit,
1380 5542 1439 5596 in
1466 5557 1629 5596 carne
1646 5558 1664 5606 ;
1694 5541 1839 5612 quia
1877 5555 2000 5596 non
2025 5543 2231 5612 posset

569 5719 582 5730 '
630 5705 742 5758 ‘Sic
758 5705 963 5774 aliquot
974 5707 1171 5759 Mss.At
1181 5709 1496 5772 editi,ipsam
1513 5709 1883 5775 quodammodo
1897 5709 2058 5774 legem
2077 5709 2231 5760 vivit.

1580 150 1942 214 EPISTOLIE
1982 160 2076 212 AD
2116 148 2455 225 GALATAS,
2499 158 2558 214 S.
2600 146 2985 215 AUGUSTINI

3796 159 3900 226 21th

2341 284 2536 339 dicere
2567 283 2859 339 Christum
2885 281 3083 337 adhuc
3097 279 3419 338 mortaliter
3439 282 3898 350 vivere,vitaautem

2341 372 2400 428 in
2431 387 2608 428 carne
2636 371 2901 428 mortalis
2930 374 3050 440 est;
3083 370 3141 423 in
3162 369 3286 440 ﬁde,
3310 370 3633 443 inquit,vivo
3658 375 3775 432 Filii
3798 379 3901 437 Dei:

2343 468 2405 518 ut
2433 462 2610 517 etiam
2639 461 2723 516 sic
2746 461 3010 515 Christus
3038 461 3194 514 vivat
3224 460 3282 514 in
3311 459 3590 528 credente,
3633 463 3902 527 habitando

2342 551 2400 606 in
2433 550 2707 606 interiore
2727 549 2968 604 homine
2998 564 3103 619 per
3128 547 3308 603 ﬁdem
3331 549 3538 621 (Ephes.
3569 566 3641 616 ιιι,
3667 554 3907 626 16,17),ut

2341 645 2549 713 postea
2574 655 2678 711 per
2707 639 2962 711 speciem
2993 637 3238 709 impleat
3283 653 3436 703 eum,
3469 655 3596 695 cum
3618 643 3905 716 absorptum

2341 730 2511 785 fuerit
2537 730 2788 784 mortale
2809 745 2845 783 a
2872 728 2988 782 vita
3012 728 3079 795 (ll
3111 726 3231 781 Cor.
3265 745 3317 793 v,
3349 730 3425 798 4).
3456 730 3520 784 Ut
3546 737 3724 786 autem
3749 739 3907 790 osten-

2339 817 2504 874 deret
2530 818 2692 890 quod
2721 817 2860 872 vivit
2886 817 2945 871 in
2974 816 3072 870 illo
3105 814 3389 882 Christus,
3439 823 3492 872 et
3518 820 3668 889 quod
3698 820 3748 876 in
3774 838 3906 880 carne

2341 908 2546 962 vivens
2577 908 2636 961 in
2668 905 2786 960 ﬁde
2815 904 2955 960 vivit
2983 905 3101 960 Filii
3133 905 3254 972 Dei,
3278 907 3587 962 noumeriti
3610 909 3904 973 suiesse,sed

2341 995 2548 1065 gratiae
2606 995 2837 1065 ipsius:
2869 993 2974 1058 Qui
3019 1009 3120 1057 me,
3150 993 3364 1064 inquit,
3394 994 3602 1063 dilexit,
3641 1004 3683 1051 et
3723 999 3902 1055 tradidit

2337 1085 2563 1154 seipsum
2586 1100 2688 1154 pro
2717 1098 2814 1137 me.
2847 1083 2957 1136 Pro
2987 1098 3110 1154 quo
3127 1083 3346 1153 utique,
3381 1084 3492 1139 nisi
3522 1099 3622 1154 pro
3642 1093 3904 1156 peccatore,

2341 1179 2405 1228 ut
2433 1189 2569 1227 eum
2594 1170 2992 1242 justiﬁcaret?
3023 1173 3088 1225 Et
3113 1170 3255 1225 dicit
3283 1170 3398 1227 hoc
3425 1173 3522 1243 qui
3546 1173 3762 1230 Judaeus
3778 1183 3908 1233 natus

2339 1268 2393 1318 et
2418 1261 2707 1316 educatus
2731 1265 2879 1330 erat,
2913 1264 2968 1314 et
2998 1260 3406 1316 abundantius
3427 1263 3718 1318 temuletor
3733 1266 3906 1321 exstite-

2339 1356 2428 1407 rat
2464 1355 2848 1420 paternarum
2881 1364 3127 1404 suarum
3153 1349 3696 1422 traditionum.Ergo
3717 1353 3756 1408 si
3773 1360 3816 1409 et
3832 1369 3910 1426 pro

2341 1440 2558 1496 talibus
2586 1455 2647 1493 se
2696 1438 2940 1493 tradidit
2972 1438 3254 1503 Christus,
3290 1440 3467 1495 etiam
3498 1440 3603 1512 ipsi
3631 1449 3909 1512 peccatores

2339 1533 2527 1584 erant.
2558 1529 2680 1581 Non
2709 1541 2850 1594 ergo
2884 1526 3106 1580 meritis
3127 1526 3370 1596 justitias
3398 1543 3514 1582 sum
3534 1528 3908 1592 datumdicant,

2337 1618 2498 1689 quod
2515 1631 2633 1670 non
2666 1631 2821 1685 opus
2847 1621 2973 1671 erat
2995 1615 3172 1685 justis
3191 1615 3622 1672 dari.Nonenim
3649 1619 3754 1672 veni
3771 1634 3912 1672 vocare

2331 1706 2526 1777 justas,
2557 1705 2637 1759 ait
2672 1702 2981 1767 Dominus,
3016 1702 3106 1757 sed
3140 1711 3441 1774 peccatores
3480 1707 3689 1775 (Matth.
3720 1721 3784 1770 1x,
3813 1710 3912 1775 t3):

2340 1793 2418 1850 ad
2444 1794 2558 1849 hoc
2586 1792 2810 1864 utique,
2839 1807 2912 1848 ne
2939 1792 3054 1847 sint
3084 1799 3454 1863 peccatores.
3481 1794 3535 1850 Si
3556 1809 3686 1864 ergo
3706 1795 3915 1850 Christus

2341 1898 2436 1938 me
2473 1880 3026 1946 dilexit,ettradidit
3064 1881 3335 1953 seipsum
3351 1898 3460 1954 pro
3481 1899 3570 1940 me
3599 1900 3719 1948 mon
3737 1885 3915 1938 irritam

2339 1973 2487 2043 facio
2512 1972 2749 2042 gratiam
2762 1971 2886 2035 Dei,
2902 1975 2964 2026 ut
2976 1970 3174 2026 dicam
3189 1987 3292 2042 per
3307 1973 3521 2043 Legem
3540 1989 3657 2029 esse
3662 1974 3916 2045 justitiam.

2338 2061 2483 2117 Nam
2511 2061 2557 2115 si
2583 2077 2677 2131 per
2697 2060 2890 2130 Legem
2907 2060 3154 2130 justitia,
3181 2077 3304 2132 ergo
3335 2061 3584 2117 Christus
3626 2064 3777 2133 gratis
3803 2078 3917 2116 mor-

2340 2157 2464 2206 tuus
2492 2157 2565 2205 est
2588 2170 2606 2205 :
2631 2149 2689 2205 id
2712 2153 2817 2214 est,
2848 2149 2972 2204 sine
2994 2165 3180 2204 causa
3201 2154 3477 2206 mortuus
3498 2158 3598 2218 est,
3616 2151 3826 2224 quando
3841 2165 3918 2221 per

2339 2240 2577 2310 Legem,
2610 2239 2668 2294 id
2682 2243 2767 2294 est
2800 2254 2904 2309 per
2932 2253 3117 2310 opera
3143 2239 3310 2309 Legis
3334 2241 3560 2311 quibus
3586 2241 3756 2296 Judaei
3781 2238 3919 2295 conﬁ-

2339 2329 2580 2395 debant,
2609 2328 3189 2400 possetessejustitia
3213 2328 3649 2386 inhominibus.
3677 2329 3916 2386 Gratisau.

2339 2422 2458 2474 tem
2491 2423 2791 2473 mortuum
2825 2416 3121 2472 Christum
3143 2417 3343 2473 necilli
3371 2419 3570 2474 dicunt
3591 2435 3729 2490 quos
3743 2416 3916 2476 refellit.

2337 2508 2623 2578 quoniam
2650 2505 3008 2560 Christianos
3021 2522 3084 2561 se
3120 2506 3410 2563 volebant.
3440 2507 3658 2565 haberi.
3679 2511 3788 2564 Non
3812 2519 3918 2573 ergo

2337 2601 2490 2651 recte
2523 2610 2627 2667 per
2645 2594 2748 2650 illa
2770 2593 2942 2664 Legis
2964 2610 3148 2667 opera
3161 2596 3528 2654 Christianos
3535 2595 3918 2667 justiﬁcarisua-

2337 2685 2562 2740 debant
2578 2725 2591 2739 .

2413 2805 2494 2856 t8.
2519 2799 2619 2871 [lb.
2653 2816 2736 2864 ιιι,
2767 2800 2842 2870 1.]
2863 2799 3088 2865 Quibus
3125 2805 3280 2856 recte
3311 2801 3478 2866 dicit,
3508 2803 3550 2859 0
3575 2802 3718 2857 stulti
3740 2799 3916 2862 Galatas,

2333 2891 2453 2962 quis
2483 2905 2569 2944 vos
2595 2890 2932 2960 fascinavit?
2963 2889 3133 2954 Quod
3149 2905 3270 2945 non
3305 2897 3468 2947 recte
3495 2892 3762 2947 diceretur
3777 2887 3916 2943 dehis

2335 2981 2436 3052 qui
2451 2995 2764 3051 nunquam
2780 2979 3184 3050 profecissent,
3204 2980 3309 3035 sed
3323 2981 3404 3037 de
3418 2982 3508 3036 his
3521 2983 3618 3054 qui
3631 2997 3692 3036 ex
3706 2977 3917 3052 profectu

2334 3068 2706 3125 defecissent.
2736 3070 2880 3122 Ante
2893 3085 3120 3138 quorum
3137 3069 3310 3123 oculos
3324 3071 3577 3126 Christus
3587 3071 3722 3125 Jesus
3732 3064 3918 3140 proscri-

2328 3165 2454 3228 ptus
2478 3165 2570 3224 est,
2594 3158 2883 3228 cruciﬁxus
2910 3175 2926 3212 :
2958 3158 3073 3212 hoc
3099 3163 3204 3222 est,
3237 3158 3336 3230 qui
3353 3160 3464 3216 bus
3484 3153 3919 3215 videnlibusChri-

2333 3251 2458 3301 stus
2497 3247 2670 3301 Jesus
2717 3245 3126 3302 haereditatem
3189 3263 3369 3303 suam
3424 3249 3919 3320 possessionemque

2333 3351 2504 3391 suam
2535 3335 2760 3400 amisit;
2785 3335 2878 3390 his
2911 3335 3114 3407 utique
3145 3336 3558 3394 auferentibus
3595 3352 3735 3401 eam,
3772 3331 3922 3390 Domi-

2332 3418 2600 3495 numque
2622 3424 2759 3479 inde
2790 3423 3242 3495 expellentibus,
3267 3427 3378 3497 qui
3405 3443 3476 3482 ex
3501 3426 3682 3497 gratia
3709 3423 3824 3479 ﬁdei
3843 3434 3918 3492 per

2327 3529 2509 3585 quam
2537 3512 2799 3568 Christus
2827 3513 3087 3584 possidet
3113 3515 3348 3581 Gentes,
3391 3516 3469 3572 ad
3492 3517 3650 3586 Legis
3667 3528 3825 3586 opera
3841 3525 3916 3565 eos

2327 3603 2428 3674 qui
2460 3602 2835 3657 crediderant
2855 3603 3241 3673 revocabant,
3275 3605 3604 3661 auferendo
3630 3603 3703 3659 illi
3732 3614 3916 3674 posses-

2331 3692 2559 3746 sionem
2592 3706 2785 3755 suam,
2816 3690 2875 3744 id
2899 3696 3004 3754 est,
3033 3707 3136 3746 eos
3163 3691 3223 3746 in
3252 3693 3474 3764 quibus
3497 3694 3625 3764 jure
3651 3691 3824 3763 gratim
3869 3685 3916 3741 ﬁ-

2328 3779 2542 3850 deique
2565 3779 2960 3836 inhabitabat.
2994 3781 3164 3846 Quod
3196 3782 3254 3836 in
3278 3782 3427 3854 ipsis
3459 3783 3666 3839 Calatis
3688 3778 3915 3836 accidisse

2330 3869 2455 3923 vult
2489 3869 2668 3924 videri
2715 3870 3068 3940 Apostolus:
3095 3885 3238 3925 nam
3270 3871 3352 3927 ad
3393 3873 3506 3928 hoc
3536 3873 3767 3944 pertinet
3795 3864 3916 3939 quod

2330 3959 2429 4026 ait,
2452 3958 2495 4012 Α
2507 3966 2592 4013 nte
2619 3975 2848 4030 quorum
2871 3959 3068 4015 oculos.
3111 3960 3262 4024 Quid
3279 3963 3443 4018 enim
3475 3969 3591 4018 tam
3607 3965 3731 4017 ante
3757 3956 3918 4012 oculos

2331 4063 2538 4103 eorum
2564 4049 2829 4118 contigit,
2861 4065 3046 4120 quam
3078 4049 3325 4121 quodin
3351 4051 3494 4122 ipsis
3523 4046 3919 4119 contigit?Cum

2331 4142 2530 4193 autem
2551 4137 2814 4203 dixisset,
2829 4137 2866 4191 Ι
2867 4155 2984 4193 esus
3001 4139 3252 4194 Christus
3265 4142 3604 4211 proscriptus
3616 4146 3705 4206 est,
3721 4131 3919 4192 addidit,

2330 4228 2623 4298 cruciﬁxus
2649 4245 2665 4282 :
2699 4234 2760 4283 ut
2780 4228 2919 4283 hinc
2941 4244 3042 4284 eos
3075 4229 3337 4286 maxime
3364 4234 3645 4295 moveret,
3672 4241 3793 4283 cum
3819 4233 3921 4278 con-

2333 4319 2787 4389 siderarentquo
2807 4318 2991 4390 pretio
3006 4320 3213 4374 emerit
3227 4322 3690 4391 possessionem,
3707 4327 3860 4388 quam
3880 4310 3923 4363 in

2331 4409 2415 4464 eis
2441 4407 2785 4474 amittebat;
2813 4413 3100 4479 utparum
3123 4411 3474 4480 essetgratis
3497 4426 3632 4465 cum
3655 4411 3922 4462 mortuum.

2331 4497 2496 4569 quod
2518 4497 2789 4567 superius
2815 4495 3062 4552 dixerat.
3105 4497 3250 4552 Illud
3301 4499 3466 4554 enim
3517 4499 3597 4554 ita
3627 4499 3800 4556 sonat,
3831 4496 3927 4545 tan-

2332 4601 2517 4658 quam
2572 4600 2688 4640 non
2747 4587 3076 4657 pervenerit
3105 4586 3184 4642 ad
3223 4589 3686 4659 possessionem,
3716 4597 3809 4656 pro
3835 4589 3928 4649 qua

2335 4675 2684 4746 sanguinem
2711 4675 2892 4730 dedit.
2911 4677 3243 4748 Proscripto
3260 4684 3461 4734 autem
3482 4679 3656 4733 etiam
3670 4688 3791 4747 quae
3811 4677 3929 4724 tene'

2333 4764 2456 4832 bat,
2489 4765 2882 4820 auferuntur:
2917 4764 3021 4820 sed
3062 4765 3191 4820 haec
3243 4767 3601 4839 proscriptio
3643 4779 3753 4820 non
3800 4757 3930 4811 obest

2335 4853 2582 4917 Christo,
2606 4854 2708 4925 qui
2739 4855 2917 4910 etiam
2936 4856 3018 4909 sic
3039 4870 3144 4925 per
3181 4854 3557 4912 divinitatem
3600 4851 3855 4910 Dominus
3869 4845 3932 4898 est

2335 4943 2645 5008 omnium;
2689 4943 2792 4998 sed
2838 4943 2950 5015 ipsi
2980 4945 3370 5015 possessioni,
3405 4961 3543 5017 quae
3566 4944 3738 5013 hujus
3769 4933 3928 5009 ετᾶίὶεε

2336 5031 2565 5088 cultura
2596 5037 2774 5087 caret.
3346 5041 3351 5045 '

2413 5169 2493 5220 19.
2519 5165 2662 5221 Hinc
2669 5165 2796 5236 jam
2813 5165 3445 5238 incipitdemonstrare
3468 5156 3932 5240 quemadmodum

2336 5257 2526 5328 gratia
2539 5255 2675 5310 ﬁdei
2695 5254 2967 5325 sufﬁciat,
2996 5257 3070 5312 ad
3081 5257 3538 5327 justiticandum
3559 5256 3682 5311 sine
3699 5244 3935 5322 operibus

2335 5346 2502 5416 Legis
2525 5361 2536 5412 ;
2563 5360 2634 5400 ne
2652 5345 2784 5417 quis
2800 5345 3017 5402 diceret
3031 5361 3149 5402 non
3171 5363 3230 5402 se
3243 5342 3788 5419 quidem,operibus
3800 5329 3935 5419 Legis

2337 5414 2569 5491 tantum
2595 5414 2778 5490 totam
2803 5435 3065 5490 hominis
3088 5414 3574 5506 justificationem
3599 5414 3937 5512 tribueregtd

2336 5536 2531 5594 neque
2548 5528 2778 5579 tantum
2797 5525 3000 5594 gratias
3019 5524 3177 5590 ﬁdei,
3194 5539 3264 5579 ex
3286 5528 3538 5594 utroque
3561 5527 3749 5577 autem
3770 5507 3936 5586 ρθῐθοί

2337 5611 2608 5668 salutem.
2632 5612 2746 5668 Sed
2777 5614 2903 5669 haec
2920 5613 3169 5684 quaestio
3186 5620 3245 5670 ut
3263 5608 3860 5682 diligentertractetur.
3879 5606 3934 5690 93

2335 5700 2720 5776 quisl‘allatur
2731 5703 3038 5775 ambiguo,
3059 5703 3208 5764 scire
3222 5703 3390 5778 prius
3408 5701 3586 5770 debet
3604 5709 3774 5771 opera
3798 5693 3934 5758 ιιεειε
