4120 6202
200 198 347 258 2117

202 327 486 399 bipertita
513 328 824 382 esse-Nam
854 327 1071 398 partim
1101 326 1163 383 in
1197 328 1606 391 sacramentis,
1641 328 1857 399 partim

203 433 346 474 vero
376 418 437 472 in
461 415 729 472 moribus
755 417 1148 489 accipiuntur.
1172 417 1260 472 Ad
1289 422 1665 473 sacramenta
1685 418 1860 488 perti-

203 510 366 571 nent,
382 505 756 561 circumcisio
775 506 990 573 carnis,
1007 505 1328 561 sabbatum
1341 506 1690 575 temporale,
1721 521 1860 561 neo-

205 592 946 664 meniae,sacriﬁcia,atque
959 609 1168 649 omnes
1185 594 1567 665 husjusmodi
1589 595 1858 650 innume-

201 700 282 740 ras
307 682 776 739 observationes.
790 681 879 736 Ad
893 698 1090 737 mores
1113 688 1334 748 autem,
1349 683 1474 739 Non
1493 683 1713 749 occides,
1733 683 1856 738 Non

200 771 570 837 maechaberis,
589 771 717 826 Non
743 770 941 840 falsum
961 771 1320 827 testimonium
1343 772 1484 826 dices
1511 772 1707 842 (Exod.
1753 789 1852 839 xx,

204 864 266 918 13
283 862 408 932 «16),
423 865 479 916 et
492 860 631 916 talia
645 864 876 915 caetera.
908 862 1354 932 Numquidnam
1369 876 1511 931 ergo
1533 862 1855 932 Apostolus

198 951 280 1006 ita
318 954 509 1022 potest
541 964 664 1004 non
695 964 904 1004 curare
929 954 1128 1004 utrum
1156 949 1516 1005 christianus
1547 949 1854 1005 homicida

199 1045 302 1096 aut
322 1038 593 1094 mcechus
617 1038 708 1105 sit,
725 1053 802 1092 an
818 1042 1014 1092 castus
1029 1042 1208 1109 atque
1228 1039 1516 1093 innocens
1533 1054 1546 1104 ;
1561 1039 1855 1110 quemad-

200 1128 452 1184 modum
466 1141 587 1182 non
605 1131 773 1182 curat
789 1131 986 1181 utrum
999 1126 1392 1181 circumcisus
1407 1142 1604 1192 carne,
1615 1143 1692 1182 an
1707 1142 1854 1198 pree-

197 1218 464 1289 putiatus
490 1215 566 1271 sit
597 1217 625 1270 φ
649 1217 815 1271 Nunc
845 1230 986 1283 ergo
1017 1215 1092 1271 de
1140 1215 1232 1269 his
1271 1215 1554 1287 operibus
1590 1217 1853 1272 maxime

198 1310 575 1376 tractat,quee
589 1309 727 1359 sunt
739 1305 799 1358 in
814 1305 1570 1376 sacramentis,quanquam
1587 1303 1754 1359 etilla
1768 1304 1854 1359 in-

200 1393 433 1450 terdum
455 1409 517 1448 se
539 1393 872 1448 admiscere
904 1392 1217 1461 signiﬁcet.
1242 1393 1427 1462 Prope
1445 1392 1626 1448 ﬁnem
1651 1399 1850 1449 autem

199 1481 568 1554 Epistolm,de
586 1482 676 1536 his
689 1481 1004 1552 separatim
1021 1481 1448 1552 tractabit,quaa
1460 1483 1666 1537 suntin
1682 1482 1853 1537 mori-

197 1571 346 1627 bus:
369 1576 426 1626 et
450 1569 594 1625 illud
617 1569 890 1640 breviter,
923 1569 1036 1625 hoc
1058 1573 1260 1624 autem
1279 1570 1524 1625 diutius.
1544 1573 1674 1625 Haec
1691 1571 1851 1625 enim

195 1676 384 1717 onera
405 1659 850 1732 potiuszimponi
870 1659 945 1730 (α)
965 1659 1250 1714 Gentibus
1271 1675 1527 1730 quorum
1554 1659 1774 1715 utilitas
1790 1660 1851 1714 in

194 1748 498 1806 intellectu
509 1751 627 1806 est:
647 1763 789 1804 nam
814 1748 943 1803 hinc
961 1749 1168 1803 omnia
1182 1763 1374 1819 expon
1386 1753 1562 1803 untur
1573 1749 1853 1804 Christia—

193 1839 381 1904 nis,ut
407 1837 554 1908 quid
585 1836 840 1901 valeant,
879 1841 1108 1893 tantum
1134 1837 1488 1905 intelligant,
1519 1852 1640 1892 non
1671 1837 1850 1892 etiam

192 1925 386 1982 facere
413 1929 768 1995 cognantur.
789 1926 854 1980 In
871 1924 1388 1981 observationibus
1416 1930 1639 1991 autem,
1666 1927 1849 1981 sinon

190 2015 870 2084 iutelligantur,servitus
899 2014 1026 2070 sola
1045 2018 1137 2069 est
1156 2014 1380 2086 ;qualis
1393 2020 1519 2069 erat
1544 2015 1603 2070 in
1623 2016 1848 2087 populo

187 2104 558 2169 Iudaeorum,
578 2108 631 2160 et
660 2109 751 2159 est
780 2119 970 2175 usque
992 2103 1226 2160 adhuc:
1257 2104 1303 2158 si
1335 2109 1536 2159 autem
1568 2109 1624 2158 et
1643 2104 1848 2160 obser-

188 2197 407 2250 ventur
423 2193 542 2257 illa,
563 2197 620 2248 et
639 2192 1202 2262 intelligantur,non
1225 2191 1408 2248 modo
1435 2192 1580 2248 nihil
1600 2193 1844 2259 obsunt,

187 2282 295 2338 sed
328 2282 508 2337 etiam
542 2286 795 2352 prosunt
823 2281 1071 2352 aliquid,
1105 2282 1150 2336 si
1184 2281 1437 2353 tempori
1467 2287 1843 2351 congruant;

187 2370 344 2426 sicut
372 2370 450 2426 ab
483 2371 608 2441 ipso
641 2373 838 2441 Moyse
879 2371 1298 2442 Prophetisque
1329 2371 1652 2427 observata
1684 2381 1841 2436 sunt,

186 2459 658 2528 congruentibus
687 2459 770 2513 illi
797 2458 1044 2530 populo,
1078 2459 1171 2514 cui
1203 2459 1401 2514 adhuc
1433 2459 1563 2514 talis
1596 2460 1844 2514 servitus

187 2548 349 2604 utilis
381 2552 527 2614 erat,
561 2552 624 2603 ut
653 2548 766 2603 sub
797 2549 1010 2604 timore
1050 2548 1465 2602 custodiretur.
1501 2546 1652 2603 Nihil
1682 2548 1843 2602 enim

187 2642 313 2693 tam
343 2637 439 2708 pie
471 2641 648 2692 terret
695 2637 986 2702 animam,
1017 2653 1204 2709 quam
1246 2643 1689 2692 sacramentum
1722 2652 1844 2692 non

182 2726 959 2782 intellectumzintellectum
977 2731 1200 2791 autem,
1229 2725 1519 2795 gaudium
1545 2727 1712 2796 pium
1739 2741 1842 2797 pa-

180 2815 1128 2886 rit.etcelebraturlibere,siopus
1148 2822 1238 2870 est
1253 2815 1507 2885 tempori
1533 2831 1546 2881 ;
1569 2815 1617 2870 si
1640 2821 1842 2871 autem

181 2920 308 2960 non
327 2910 758 2976 estopus,cum
788 2906 1079 2960 suavitate
1107 2903 1395 2974 spirituali
1419 2903 1842 2960 tantummodo

180 2992 998 3064 legitur,ettractatur.0mne
1025 2998 1225 3048 autem
1245 3000 1684 3047 sacramentum
1703 3007 1841 3046 cum

181 3083 750 3152 intelligitur,autad
773 3081 1346 3153 contemplationem
1377 3081 1632 3137 veritatis
1667 3081 1842 3136 refer-

181 3179 303 3238 tur,
356 3179 460 3228 aut
498 3173 576 3228 ad
619 3172 814 3227 bonos
859 3187 1057 3227 mores
1088 3171 1520 3242 Contemplatio
1585 3170 1842 3225 veritatis

182 3262 252 3318 in
277 3261 466 3318 solius
489 3260 590 3317 Dei
611 3260 928 3317 dilectione
957 3259 1210 3316 fundata
1232 3265 1323 3315 est
1347 3275 1360 3313 :
1391 3260 1534 3315 boni
1561 3275 1758 3315 mores
1780 3259 1842 3314 in

181 3351 505 3407 dilectione
521 3351 622 3406 Dei
641 3355 696 3405 et
710 3349 1052 3421 proximi,in
1071 3350 1294 3420 quibus
1321 3349 1560 3404 duobus
1581 3364 1845 3421 praecep-

181 3441 264 3496 tis
283 3445 405 3497 tota
426 3442 544 3496 Lex
574 3440 794 3511 pendet
821 3444 877 3494 et
897 3439 1200 3511 Prophetas
1233 3439 1452 3509 (Matth.
1479 3456 1612 3506 χχιι,
1634 3438 1842 3509 37-40).

181 3533 358 3588 Nunc
385 3530 564 3599 igitur
591 3528 1114 3600 quemadmodum
1148 3528 1522 3584 circumcisio
1553 3528 1769 3594 carnis,
1789 3531 1845 3584 et

185 3625 408 3675 caetera
430 3616 967 3688 hujusmodiLegis
985 3632 1189 3689 opera,
1227 3617 1320 3671 ubi
1344 3617 1472 3688 jam
1492 3617 1683 3688 gratia
1707 3616 1847 3672 ﬁdei

188 3713 299 3773 est,
327 3723 445 3763 non
466 3707 585 3762 sint
619 3708 978 3771 necessaria,
1012 3707 1346 3762 videamus.

264 3799 354 3851 20.
390 3794 498 3866 [lb.
528 3812 612 3862 ιιι,
644 3797 779 3866 2-9.]
809 3795 919 3850 Hoc
945 3797 1148 3855 solum.
1174 3797 1387 3867 inquit,
1424 3795 1537 3849 volo
1561 3794 1763 3849 discere
1814 3811 1846 3848 a

185 3885 340 3941 vobis
364 3903 382 3940 :
413 3888 492 3940 Eae
511 3885 764 3957 operibus
779 3885 938 3955 Legis
963 3883 1238 3955 Spiritum
1251 3884 1551 3955 accepistis,
1575 3900 1645 3938 an
1669 3900 1736 3937 ea:
1753 3899 1849 3937 au-

185 3975 318 4030 ditu
345 3974 468 4046 ﬁdei
497 3976 525 4032 ?
556 3975 969 4046 Respondetur
996 3990 1009 4025 :
1039 3975 1246 4045 Utique
1276 3989 1345 4028 ex
1369 3973 1576 4028 auditu
1602 3972 1848 4028 ﬁdei.Ab

186 4064 477 4138 Apostolo
498 4065 659 4120 enim
677 4063 1001 4136 praedicata
1023 4070 1109 4118 est
1127 4063 1209 4118 eis
1237 4062 1405 4128 ﬁdes,
1421 4064 1480 4117 in
1503 4078 1625 4134 qua
1639 4062 1848 4133 praadi-

188 4155 427 4211 catione
446 4155 644 4225 utique
655 4154 985 4210 adventum
997 4160 1054 4208 et
1065 4153 1445 4224 prassentiam
1459 4154 1646 4207 sancti
1669 4151 1849 4222 Spiri-

188 4253 290 4301 tus
302 4250 609 4300 senserant
624 4261 638 4300 :
653 4242 914 4299 sicutillo
933 4249 1197 4313 tempore
1209 4242 1270 4296 in
1286 4240 1851 4297 novitateinvitatio-

189 4337 287 4391 nis
305 4333 384 4390 ad
405 4333 586 4388 ﬁdem
601 4333 778 4390 etiam
793 4331 1178 4388 sensibilihus
1199 4330 1501 4387 miraculis
1527 4329 1851 4401 praesentia

188 4424 383 4482 sancti
400 4423 651 4495 Spiritus
668 4422 1019 4494 apparebat,
1041 4423 1192 4476 sicut
1209 4421 1268 4476 iu
1286 4420 1528 4475 Actibus
1549 4419 1851 4491 Apostolo-

187 4529 330 4570 rum
355 4511 564 4582 legitur
588 4511 735 4583 (Act.
765 4512 850 4582 ιι).
894 4513 1010 4565 Hoc
1051 4515 1253 4566 autem
1285 4509 1510 4565 factum
1535 4513 1661 4564 erat
1685 4508 1852 4580 apud

189 4602 772 4673 Galataslantequam
783 4601 875 4655 isti
888 4599 966 4656 ad
978 4615 1081 4655 eos
1097 4598 1522 4671 pervertendos
1536 4603 1592 4654 et
1605 4599 1851 4653 circum-

191 4691 485 4748 cidendos
511 4691 824 4746 venissent.
858 4693 967 4744 lste
997 4705 1136 4758 ergo
1165 4705 1376 4743 sensus
1408 4693 1496 4744 est
1527 4706 1540 4743 ι
1567 4687 1626 4744 Si
1652 4687 1714 4742 in
1735 4687 1848 4743 illis

190 4781 480 4854 operibus
500 4780 667 4850 Legis
685 4783 846 4835 esset
862 4778 1022 4835 salus
1049 4783 1389 4846 vestra,uou
1412 4777 1584 4834 vobis
1600 4777 1849 4850 Spiritus

193 4876 442 4928 sanctus
459 4870 573 4925 nisi
591 4869 954 4924 circumcisis
967 4868 1226 4924 daretur.
1251 4868 1468 4923 Deinde
1487 4866 1680 4922 intulit
1716 4885 1729 4919 :
1763 4866 1853 4920 Sic

189 4959 515 5026 stultiestis,
530 4966 590 5014 ut
601 4976 719 5014 cum
730 4959 938 5029 spiritu
950 4957 1243 5029 coeperitis,
1260 4973 1401 5011 nunc
1423 4972 1585 5011 carne
1614 4972 1851 5011 consum-

191 5051 437 5106 memini.
467 5051 590 5106 Hoc
614 5055 705 5104 est
727 5049 894 5121 quod
916 5047 1190 5120 superius
1220 5048 1279 5102 in
1306 5046 1554 5101 exordio
1576 5045 1808 5101 dixerat
1834 5064 1847 5101 :

191 5140 510 5211 Nisialiqui
533 5145 660 5194 sunt
679 5138 1066 5193 conturbantes
1095 5141 1267 5201 vos,et
1292 5134 1520 5190 volentes
1549 5141 1854 5190 convertere

193 5229 546 5301 anngelium
568 5227 991 5299 Christi(Galat.
1011 5245 1047 5294 ι,
1070 5229 1150 5296 7).
1176 5225 1562 5281 Conturbatio
1579 5225 1738 5279 enim
1761 5238 1852 5278 or-

194 5321 319 5377 dini
343 5320 638 5376 contraria
667 5323 752 5374 est
777 5334 790 5371 :
815 5318 964 5374 ordo
996 5320 1084 5372 est
1114 5319 1316 5372 autem
1342 5330 1379 5370 a
1401 5312 1743 5369 carnalibus
1773 5313 1851 5368 ad

195 5409 532 5482 spiritualia
544 5423 806 5478 surgere,
830 5423 951 5464 non
966 5407 1042 5464 ab
1057 5404 1467 5477 spiritualibus
1492 5402 1570 5458 ad
1585 5401 1851 5458 carnalia

195 5500 589 5569 cadere,sicut
605 5498 728 5554 istis
740 5499 1130 5555 acciderat.Et
1149 5496 1277 5551 haec
1294 5499 1380 5550 est
1393 5490 1689 5562 Evangelii
1711 5503 1848 5545 con-

198 5593 390 5650 versio
411 5596 707 5663 retrorsus
729 5603 740 5645 :
767 5589 931 5661 quod
951 5589 1096 5661 quia
1113 5587 1338 5643 bonum
1351 5597 1474 5640 non
1497 5585 1599 5648 est,
1620 5593 1744 5636 non
1761 5583 1848 5636 est

260 5758 330 5824 ta)
361 5757 537 5812 Forte,
562 5751 800 5819 prohibet
822 5748 1039 5814 imponi,
1071 5749 1165 5798 aut
1181 5744 1348 5810 potius
1384 5742 1611 5806 exponit.

1407 197 1906 260 EXPOSITIONIS
1948 194 2166 257 LIBER
2212 200 2300 257 UN
2312 198 2426 263 US.

72 0 1894 42 ἡὴ.
1975 13 1982 16 ,
2109 11 2112 14 ,
2199 6 2290 16 ..,.
2433 0 2532 10 .--.
2893 0 2896 1 ,
3295 39 3300 44 I
3399 1 3406 4 _

3480 205 3618 264 2MB

1969 327 2378 396 Evangelium,
2421 341 2557 382 cum
2592 324 2707 382 hoc
2746 329 3153 383 annuntiatur.
3193 330 3365 394 Quod
3416 337 3619 388 autem

1965 415 2126 484 dicit,
2146 416 2320 470 Tanta
2343 416 2491 486 passi
2509 414 2675 480 estis;
2691 414 2878 470 multa
2894 418 3023 485 jam
3051 432 3156 487 pro
3178 415 3295 472 ﬁde
3331 417 3622 476 tolerave-

1964 510 2246 571 rant,non
2261 505 2788 574 timore,tanquam
2802 504 2915 558 sub
2932 505 3082 574 Lege
3099 506 3404 574 positi,sed
3420 509 3614 578 magis

1964 592 2023 646 in
2056 592 2200 662 ipsis
2230 591 2613 662 passionibus
2662 589 2952 646 charitate
3007 592 3282 648 timorem
3315 594 3614 650 vicerant:

1963 681 2246 752 quoniam
2264 680 2523 736 charitas
2549 678 2886 735 Deiditiusa
2908 681 3069 735 estin
3098 682 3379 737 cordibus
3412 698 3620 739 eorum

1963 786 2068 840 per
2086 769 2362 840 Spiritum
2382 778 2658 824 sanctum
2673 784 2857 839 quem
2881 775 3238 840 acceperunt
3261 771 3435 841 (Rom.
3461 789 3517 842 v,
3545 774 3618 843 5).

1963 858 2091 913 Sine
2109 875 2269 912 causa
2293 872 2454 927 ergo,
2473 857 2683 929 inquit,
2716 859 3023 927 tantapassi
3036 860 3184 925 estis,
3202 859 3305 930 qui
3333 876 3403 914 ex
3430 862 3624 918 chari-

1962 953 2102 1015 tate,
2121 963 2254 1019 qute
2270 948 2331 1002 in
2350 947 2516 1002 vobis
2540 952 2705 1002 tanta
2724 947 3028 1013 sustinuit,
3053 949 3129 1004 ad
3145 950 3418 1008 timorem
3431 951 3619 1006 relabi

1962 1036 2236 1093 vultis.Si
2246 1044 2424 1090 tamen
2437 1039 2551 1090 sine
2566 1053 2727 1090 causa
2749 1043 2912 1091 tanta
2927 1038 3091 1106 passi
3108 1038 3443 1103 estis.Quod
3458 1041 3619 1096 enim

1961 1125 2088 1180 siue
2115 1141 2297 1180 causa
2326 1125 2548 1181 factum
2576 1127 2809 1191 dicitur,
2843 1126 3214 1196 superﬂuum
3255 1135 3340 1182 est
3366 1145 3379 1193 ;
3415 1145 3618 1200 super-

1960 1211 2153 1267 ﬂuum
2169 1219 2370 1268 autem
2390 1229 2496 1267 nec
2516 1213 2895 1283 prodest,nec
2909 1220 3080 1269 nocet
3091 1232 3108 1285 ;
3129 1215 3239 1269 hoc
3258 1231 3398 1270 vero
3415 1217 3617 1272 viden-

1961 1300 2108 1356 dum
2130 1307 2238 1365 est,
2265 1316 2336 1356 ne
2360 1301 2437 1356 ad
2467 1302 2787 1371 perniciem
2815 1302 3023 1358 valeat.
3053 1306 3178 1358 Non
3206 1304 3363 1358 enim
3394 1305 3508 1360 hoc
3533 1310 3621 1362 est

1960 1406 2084 1446 non
2105 1390 2547 1461 surgere,quod
2564 1396 2650 1444 est
2667 1390 2908 1445 cadere:
2929 1391 3208 1462 quamvis
3227 1393 3320 1447 isti
3345 1394 3617 1450 nondum

1960 1479 2332 1543 cecidissent,
2363 1478 2466 1534 sed
2476 1480 2602 1549 jam
2631 1479 3058 1534 iuclinareutur
3077 1481 3448 1536 utcaderent.
3469 1485 3617 1538 Nam

1961 1568 2165 1640 utique
2209 1568 2407 1624 adhuc
2455 1569 2517 1623 in
2547 1569 2630 1624 eis
2662 1568 2912 1639 Spiritus
2947 1575 3188 1624 sanctus
3230 1571 3616 1640 operabatur,

1960 1658 2112 1713 sicut
2135 1665 2571 1728 consequenter
2599 1658 2743 1712 dicit
2772 1674 2784 1711 ε
2819 1658 2925 1722 Qui
2951 1674 3074 1727 ergo
3100 1657 3300 1712 tribuit
3325 1659 3464 1713 vobis
3487 1659 3619 1729 Spi-

1958 1749 2154 1813 ritum,
2188 1754 2236 1801 et
2269 1747 2494 1801 virtutes
2516 1753 2782 1816 operatur
2815 1746 2872 1800 in
2891 1747 3054 1811 vobis,
3079 1764 3143 1801 ex
3165 1748 3409 1818 operibus
3438 1749 3618 1817 Legis,

1958 1852 2028 1891 an
2058 1852 2124 1890 ea:
2159 1835 2354 1890 auditu
2379 1834 2558 1905 ﬁdei?
2590 1836 3021 1905 Respondetur,
3055 1837 3262 1906 Utique
3290 1852 3360 1891 ex
3398 1837 3608 1892 auditu

1958 1925 2112 1989 ﬁdei,
2138 1926 2292 1980 sicut
2312 1925 2590 1995 superius
2624 1929 2940 1980 tractatum
2975 1930 3080 1979 est.
3115 1925 3335 1980 Deinde
3362 1925 3609 1980 adhibet

1957 2014 2301 2084 exemplum
2331 2015 2510 2085 patris
2537 2013 2860 2083 Abraham,
2896 2014 2969 2068 de
3001 2029 3123 2085 quo
3152 2015 3212 2068 in
3245 2014 3507 2084 Epistola
3533 2014 3614 2070 ad

1956 2106 2258 2160 Romanos
2291 2103 2534 2158 uberius
2567 2104 2951 2174 apertiusque
2976 2105 3298 2159 dissertum
3321 2108 3410 2158 est
3436 2104 3611 2174 (Rom.

1955 2209 2034 2259 ιν,
2057 2194 2132 2264 3).
2159 2196 2277 2248 Hoc
2291 2194 2451 2248 enim
2473 2193 2734 2248 maxime
2750 2192 2808 2247 in
2827 2209 2896 2247 eo
2926 2193 3310 2248 victoriosum
3332 2199 3423 2248 est
3451 2192 3616 2264 quod

1956 2287 2280 2353 antequam
2309 2280 2854 2346 circumcideretur,
2879 2281 3162 2352 deputata
3188 2287 3278 2336 est
3308 2281 3451 2336 ﬁdes
3481 2282 3612 2351 ejus

1955 2371 2033 2426 ad
2056 2372 2359 2442 justitiam,
2391 2375 2447 2426 et
2471 2372 2550 2426 ad
2580 2371 2693 2425 hoc
2726 2370 3064 2425 rectissime
3099 2370 3349 2426 refertur
3374 2370 3540 2441 quod
3558 2369 3613 2424 ei

1954 2459 2182 2514 dictum
2207 2467 2310 2526 est,
2334 2461 2482 2525 Quia
2502 2459 2877 2515 benedicentur
2903 2460 2962 2513 in
2987 2467 3036 2514 te
3056 2476 3232 2513 omnes
3256 2466 3430 2530 gentes
3453 2460 3612 2529 (Gen.

1953 2565 2095 2619 xxu,
2115 2551 2236 2619 l8):
2265 2549 2591 2605 imitatione
2620 2549 2824 2620 utique
2852 2549 2990 2603 ﬁdei
3011 2550 3158 2619 ejus,
3179 2565 3302 2620 qua
3316 2548 3615 2620 justiﬁca-

1953 2643 2049 2694 tus
2061 2638 2339 2694 estetiam
2353 2643 2488 2693 ante
2501 2642 2933 2693 sacramentum
2947 2635 3608 2707 circumcisionis,quod

1954 2729 2030 2784 ad
2048 2728 2186 2782 ﬁdei
2222 2727 2600 2797 signaculum
2625 2727 2855 2798 accepit
2885 2728 2927 2792 ¹,
2959 2733 3014 2782 et
3041 2731 3179 2782 ante
3224 2742 3469 2782 omnem
3495 2740 3616 2781 ser-

1952 2819 2199 2874 vitutem
2231 2818 2426 2886 Legis,
2461 2833 2595 2889 qua:
2628 2817 2816 2871 multo
2863 2821 3002 2886 post
3029 2816 3166 2872 data
3203 2821 3310 2871 est.

2023 2912 2114 2964 2t.
2148 2905 2257 2979 [lb.
2302 2922 2380 2971 ιιι,
2435 2905 2637 2978 10-12.]
2678 2905 2850 2970 Quod
2894 2911 3096 2961 autem
3140 2905 3242 2970 ait,
3286 2905 3615 2976 Quicumque

1951 2998 2094 3051 enim
2123 3011 2194 3052 ex
2216 2995 2471 3065 operibus
2500 2995 2651 3065 Legis
2679 3001 2804 3049 sunt
2829 2994 2944 3063 ,sub
2972 2995 3248 3050 maledicto
3268 3003 3397 3052 sunt
3421 2995 3610 3066 Legis;

1953 3087 2064 3140 sub
2093 3086 2299 3140 timore
2318 3084 2440 3138 vult
2460 3083 2725 3152 intelligi,
2752 3098 2873 3137 non
2897 3084 2956 3137 in
2977 3084 3276 3140 libertate:
3297 3090 3358 3140 ut
3390 3085 3615 3140 scilicet

1952 3173 2247 3246 corporali
2279 3172 2680 3244 praesentique
2714 3173 2980 3227 vindicta
3007 3172 3405 3229 vindicaretur
3427 3175 3487 3230 in
3510 3190 3612 3230 eos

1951 3264 2056 3334 qui
2087 3278 2208 3318 non
2232 3267 2650 3334 permanerent
2679 3261 2737 3314 iri
2770 3261 3052 3315 omnibus
3074 3278 3209 3331 quae
3232 3264 3451 3333 scripta
3472 3269 3613 3319 sunt

1952 3354 2008 3409 in
2025 3353 2176 3408 libro
2189 3352 2380 3424 Legis,
2408 3355 2470 3406 ut
2484 3350 2744 3406 facerent
2761 3365 2860 3415 ea;
2884 3349 3000 3404 huc
3012 3365 3255 3421 quoque
3275 3352 3608 3417 accederet,

1956 3447 2018 3499 ut
2038 3443 2245 3514 iuipsa
2269 3456 2589 3512 corporum
2614 3454 2793 3511 paena
2818 3439 2998 3495 etiam
3020 3438 3321 3494 maledicti
3353 3440 3616 3508 ignomi-

1957 3534 2118 3588 niam
2133 3529 2647 3588 formidarent.llle
2661 3528 3223 3598 autem‘justiﬁcatur
3236 3529 3399 3599 apud
3415 3529 3610 3595 Deum,

1956 3623 2059 3693 qui
2077 3637 2214 3676 eum
2237 3620 2419 3690 gratis
2432 3620 2587 3685 colit,
2609 3634 2729 3674 non
2747 3618 2966 3674 scilicet
2989 3617 3309 3688 cupiditate
3327 3623 3614 3689 appeten-

1958 3711 2019 3765 di
2047 3709 2275 3782 aliquid
2302 3710 2377 3765 ab
2407 3710 2538 3780 ipso
2566 3714 2778 3780 praeter
2816 3708 3037 3779 ipsum,
3072 3712 3175 3762 aut
3204 3707 3414 3762 timore
3446 3706 3617 3763 amit-

1955 3801 2141 3856 tendi.
2167 3800 2227 3854 ln
2250 3799 2381 3870 ipso
2407 3798 2571 3853 enim
2589 3797 2716 3852 solo
2731 3813 2869 3852 vera
2887 3802 3092 3852 nostra
3112 3795 3416 3851 beatitudo
3433 3803 3611 3868 atque

1959 3888 2220 3960 perfecta
2244 3893 2333 3943 est
2362 3907 2376 3954 ;
2409 3886 2772 3959 etquoniam
2800 3885 3118 3940 invisibilis
3147 3891 3234 3941 est
3265 3885 3452 3940 oculis
3489 3900 3614 3941 car-

1959 3979 2106 4045 neis,
2135 3977 2254 4032 ﬁde
2285 3976 2512 4042 colitur,
2545 3975 2839 4047 quamdiu
2869 3976 2929 4029 in
2965 3975 3079 4030 hac
3109 3991 3287 4030 carne
3335 3976 3609 4044 vivimus,

1959 4068 2108 4122 sicut
2136 4082 2320 4137 supra
2357 4065 2522 4129 dixit,
2554 4065 2705 4131 Quod
2732 4071 2908 4120 autem
2938 4080 3082 4119 nunc
3109 4066 3224 4120 vivo
3254 4064 3310 4119 in
3341 4082 3524 4132 carne,
3552 4067 3612 4122 in

1958 4157 2059 4228 ﬁde
2080 4156 2197 4211 vivo
2217 4156 2357 4211 Filii
2387 4155 2481 4210 Dei
2509 4155 2712 4227 (Galat.
2736 4171 2796 4224 ii,
2817 4155 2907 4225 ‘20)
2940 4177 2951 4220 ;
2986 4160 3041 4210 et
3076 4155 3206 4227 ipsa
3237 4160 3324 4210 est
3362 4157 3608 4224 justitia.

1959 4252 2087 4319 Quo
2101 4245 2528 4317 pertinetquod
2542 4245 2770 4301 dictum
2782 4243 3036 4310 est,Quia
3045 4245 3229 4313 justus
3245 4261 3309 4297 ετ
3323 4243 3426 4314 ﬁde
3453 4245 3610 4299 vivit.

1952 4343 2104 4398 ’Hinc
2124 4341 2285 4397 enim
2314 4336 2631 4394 ostendere
2657 4333 2840 4389 voluit
2860 4332 3079 4404 quiain
3103 4334 3251 4403 Lege
3278 4347 3458 4387 nemo
3481 4334 3611 4404 jus-

1959 4431 2234 4495 tiﬁcatur,
2263 4428 2406 4500 quia
2447 4426 2733 4495 scriptum
2764 4429 2850 4477 est
2875 4423 3106 4492 justum
3139 4436 3212 4476 ex
3241 4421 3357 4476 ﬁde
3391 4423 3609 4478 vivere.

1957 4523 2152 4592 Quare
2182 4515 2633 4586 intelligendum
2663 4517 2754 4567 est
2783 4512 2842 4566 in
2872 4511 3043 4580 Lege,
3074 4510 3237 4581 quod
3270 4525 3431 4565 nunc
3455 4511 3613 4566 aitin

1958 4612 2211 4684 ope-ribus
2239 4607 2415 4677 Legis,
2448 4603 2676 4658 dictum
2704 4616 2835 4656 esse
2860 4616 2873 4666 ;
2902 4606 2958 4656 et
2983 4601 3094 4655 hoc
3126 4600 3253 4654 istis
3284 4600 3387 4671 qui
3415 4601 3473 4655 in
3506 4602 3613 4657 cir-

1960 4700 2326 4758 cumcisione
2355 4692 2550 4750 carnis
2586 4697 2642 4746 et
2669 4689 2888 4745 talibus
2917 4689 3438 4745 observationibus
3466 4707 3609 4747 con-

1959 4794 2222 4847 tinentur
2246 4806 2258 4839 :
2281 4788 2338 4841 in
2361 4782 2584 4856 quibus
2604 4779 2706 4851 qui
2734 4778 2894 4844 vivit,
2919 4779 2998 4836 ita
3019 4780 3078 4834 in
3103 4780 3252 4850 Lege
3275 4785 3378 4850 est,
3411 4785 3474 4836 ut
3495 4781 3607 4836 sub

1961 4882 2114 4950 Lege
2131 4878 2312 4934 vivat.
2342 4873 2451 4929 Sed
2478 4875 2710 4940 Legem,
2733 4875 2793 4924 ut
2811 4869 3037 4924 dictum
3060 4874 3285 4941 est,pro
3308 4871 3451 4942 ipsis
3468 4886 3612 4943 ope-

1957 4971 2127 5027 ribus
2150 4967 2315 5038 Legis
2338 4978 2498 5020 nunc
2522 4960 2739 5033 posuit,
2764 4959 2930 5031 quod
2951 4959 3012 5014 in
3035 4960 3459 5031 posterioribus
3485 4976 3609 5016 ma-

1959 5059 2287 5116 nifestatur.
2321 5055 2412 5110 Ait
2435 5051 2596 5108 enim
2621 5067 2634 5102 :
2664 5049 2774 5103 Lee:
2800 5055 2976 5103 autem
3018 5065 3122 5103 non
3158 5056 3232 5103 est
3271 5065 3336 5102 es:
3357 5048 3479 5118 ﬁde,
3521 5047 3609 5102 sed

1959 5150 2055 5220 qui
2077 5145 2266 5219 fecerit
2291 5160 2370 5213 ea,
2396 5143 2532 5196 vivet
2554 5142 2611 5194 in
2635 5138 2774 5194 illis.
2801 5141 2925 5194 Non
2947 5138 3048 5208 ait,
3081 5137 3190 5201 Qui
3217 5136 3417 5192 fecerit
3448 5152 3608 5206 eam,

1957 5239 2117 5293 vivet
2139 5237 2197 5289 in
2216 5249 2286 5288 ea
2310 5249 2324 5298 ;
2351 5236 2410 5286 ut
2430 5229 2726 5298 intelligas
2749 5229 2965 5297 Legem
2985 5228 3042 5281 in
3057 5226 3171 5281 hoc
3188 5226 3319 5280 loco
3337 5240 3446 5296 pro
3465 5225 3607 5296 ipsis

1948 5325 2240 5398 "operibus
2269 5320 2547 5394 positam.
2581 5319 2690 5382 Qui
2719 5324 2920 5373 autem
2948 5315 3225 5370 vivebant
3251 5313 3312 5368 in
3343 5313 3434 5368 his
3465 5330 3607 5386 ope-

1956 5415 2142 5479 ribus,
2173 5411 2464 5468 timebant
2497 5407 2696 5478 utique
2729 5421 2822 5471 ue,
2853 5405 2903 5459 si
2929 5420 3048 5460 non
3080 5418 3152 5459 ea
3183 5403 3483 5472 fecissent,
3521 5403 3604 5461 la-

1955 5504 2348 5579 pidationem,
2371 5498 2463 5555 vel
2480 5511 2740 5562 crucem,
2767 5493 2856 5550 vel
2881 5493 3110 5566 aliquid
3125 5492 3471 5565 hujusmodi
3502 5509 3607 5566 pa-

2011 5673 2028 5745 }
2055 5670 2180 5719 Mss.
2202 5679 2423 5780 govern,
2456 5663 2588 5729 quod
2615 5660 2743 5727 ﬁdei
2773 5658 3093 5725 signaculum
3125 5657 3313 5723 accepit
3340 5670 3363 5723 ,'
3397 5661 3611 5726 praeter

2011 5748 2136 5780 1880.
2167 5748 2199 5780 α
2237 5764 2252 5780 ο

1951 5748 2136 5792 misso,
2167 5748 2252 5782 aa.
