4120 6202
577 141 717 208 9149

575 278 856 331 terentur.
875 273 1021 343 Ergo
1032 268 1124 341 qui
1132 268 1326 338 fecerit
1339 284 1420 332 ea,
1434 265 1647 338 inquit,
1661 267 1798 321 vivet
1813 270 1870 320 in
1885 267 1997 321 illis
2008 284 2032 333 ;
2044 267 2102 322 id
2115 271 2224 337 est,

573 363 819 420 habebit
835 361 1259 434 praemium,ne
1279 357 1392 411 ista
1410 361 1594 411 morte
1614 356 1913 425 puniatur.
1936 359 2059 411 Non
2084 371 2225 424 ergo

574 451 736 523 apud
761 451 970 514 Deum,
991 448 1157 518 cujus
1179 463 1250 502 ex
1271 445 1388 500 ﬁde
1409 445 1458 499 si
1485 443 1618 515 quis
1635 443 1694 497 in
1720 444 1833 500 hac
1855 445 1974 500 vita
1997 446 2224 510 vixerit,

574 557 712 597 cum
733 541 871 596 hinc
897 537 1228 601 excesserit,
1265 541 1402 590 tunc
1429 548 1568 588 eum
1592 534 1783 602 magis
1807 534 2052 589 habebit
2079 550 2225 606 prae-

570 629 980 686 sentissimum
1023 625 1338 696 praemium
1366 625 1408 674 1.
1443 625 1565 677 Non
1601 622 1800 693 itaque
1826 638 1896 677 ex
1930 622 2045 678 ﬁde
2064 622 2222 688 vivit,

573 718 847 791 quisquis
877 715 1194 788 praesentia
1224 727 1357 784 quae
1390 711 1686 778 videntur,
1711 711 1801 765 vel
1827 711 2008 781 cupit,
2043 712 2132 766 vel
2161 712 2224 766 ti-

574 813 698 863 met
721 825 734 871 ;
753 806 895 878 quia
915 804 1062 858 ﬁdes
1090 803 1185 857 Dei
1207 801 1282 856 ad
1306 799 1622 854 invisibilia
1642 801 1906 870 pertinet,
1927 801 2066 872 quia
2091 806 2226 871 post

575 897 899 951 dabuntur.
929 895 1074 947 Nam
1102 896 1192 945 est
1217 890 1326 944 ista
1348 889 1627 960 quaedam
1655 889 1714 942 in
1745 889 2028 960 operibus
2057 889 2224 961 Legis

569 986 795 1057 justitia
822 981 1090 1054 (quando
1125 982 1251 1034 sine
1289 995 1400 1033 suo
1427 979 1674 1049 praemio
1707 979 1907 1033 relicta
1938 994 2058 1034 non
2089 980 2221 1049 est),

576 1078 638 1129 ut
666 1073 768 1144 qui
789 1071 990 1126 fecerit
1022 1086 1109 1134 ea,
1143 1069 1301 1123 vivat
1328 1069 1386 1122 in
1415 1069 1516 1121 eis.
1551 1067 1714 1122 Unde
1737 1072 1792 1122 et
1812 1067 1889 1122 ad
1919 1068 2222 1122 Romanos

574 1161 815 1218 dicit:Si
829 1161 968 1214 enim
985 1160 1020 1213 A
1037 1158 1260 1212 braham
1277 1175 1342 1210 ex
1353 1158 1602 1226 operibus
1605 1157 1941 1226 justiﬁcatus
1956 1163 2050 1221 est,
2072 1156 2223 1211 habet

571 1251 824 1323 gloriam,
843 1250 936 1306 sed
959 1265 1060 1303 non
1083 1249 1150 1301 ad
1175 1247 1342 1300 Deum
1363 1247 1541 1316 (Rom.
1562 1261 1638 1309 1v,
1654 1248 1728 1316 2).
1755 1245 1923 1299 Aliud
1949 1250 2038 1300 est
2058 1261 2220 1314 ergo,

573 1355 694 1395 non
721 1337 1030 1408 justiﬁcari
1058 1353 1070 1401 ;
1104 1334 1288 1398 aliud,
1318 1349 1439 1388 non
1467 1333 1777 1402 justiﬁcari
1809 1333 1972 1403 apud
2013 1333 2222 1388 Deum.

573 1429 681 1493 Qui
722 1426 972 1482 omnino
1003 1439 1123 1478 non
1148 1421 1527 1493 justiﬁcatur,
1563 1435 1670 1475 nec
1708 1420 1807 1476 illa
1849 1426 2048 1475 servat
2090 1437 2226 1492 quas

573 1514 900 1587 temporale
918 1515 1137 1568 habent
1157 1510 1493 1582 praemium,
1518 1525 1625 1565 nec
1646 1509 1744 1564 illa
1757 1526 1892 1580 quae
1911 1515 2222 1565 aeternum:

571 1606 715 1676 quia
736 1609 932 1659 autem
958 1603 1019 1656 in
1040 1599 1322 1672 Operibus
1348 1598 1901 1669 Legisjustiﬁcatur,
1918 1614 2040 1653 non
2063 1599 2225 1669 apud

575 1695 758 1748 Deum
779 1690 1166 1761 justiﬁcatur;
1193 1689 1330 1757 quia
1352 1687 1743 1758 temporalem
1763 1687 1899 1742 inde
1922 1691 2229 1758 exspectat

568 1781 988 1851 visibilemque
1022 1776 1378 1832 mercedem.
1402 1776 1517 1830 Sed
1553 1780 1750 1830 tamen
1778 1782 1866 1831 est
1890 1777 2069 1832 etiam
2092 1777 2223 1841 ista,

572 1877 632 1925 ut
659 1869 800 1937 dixi,
825 1868 1128 1940 quaedam,
1156 1873 1214 1921 ut
1239 1867 1320 1919 sic
1343 1865 1564 1929 dicam,
1591 1871 1822 1920 terrena
1848 1865 2226 1937 carnalisque

563 1959 792 2030 justitia
819 1979 837 2014 :
868 1973 1010 2012 nam
1043 1963 1097 2010 et
1129 1956 1256 2026 ipse
1287 1956 1609 2024 Apostolus
1642 1970 1775 2010 eam
1802 1955 2098 2026 justitiam
2127 1970 2230 2008 vo-

571 2053 686 2114 cat,
713 2063 852 2102 cum
875 2045 1016 2101 alibi
1048 2045 1207 2108 dicit,
1238 2043 1541 2098 Secundum
1557 2043 1840 2112 justitiam
1867 2057 1985 2113 qua
2007 2044 2064 2096 in
2094 2043 2225 2113 Lege

567 2145 662 2203 est,
705 2139 1048 2192 conversatus
1079 2135 1172 2204 qui
1199 2133 1397 2202 fuerim
1417 2133 1532 2186 sine
1548 2131 2226 2203 querela(Philipp.m,6).

641 2228 732 2282 22.
777 2225 894 2294 [1b.
925 2239 1008 2287 ιιι,
1058 2227 1140 2286 i3,
1195 2221 1301 2290 14.]
1351 2222 1668 2292 Propterea
1717 2221 2008 2276 Dominus
2055 2221 2226 2275 Jesus

570 2315 839 2371 Christus
859 2313 983 2384 jam
1005 2311 1338 2366 libertatem
1367 2310 1616 2365 daturus
1638 2309 2040 2374 credentibus,
2067 2326 2228 2382 quaa-

569 2404 712 2459 dam
726 2418 932 2458 earum
947 2400 1430 2456 Observationum
1447 2414 1566 2453 non
1583 2399 1840 2453 servavit
1853 2399 1928 2453 ad
1944 2398 2223 2454 litteram.

576 2493 739 2548 Unde
753 2492 928 2546 etiam
953 2506 1090 2544 cum
1113 2489 1369 2543 sabbato
1388 2488 1712 2542 esurientes
1733 2487 2223 2557 discipulispicas

572 2577 1258 2649 evulsissent,respondit
1275 2575 1744 2644 indignantibus,
1758 2575 2078 2630 Dominum
2093 2590 2225 2630 esse

574 2667 789 2723 Filium
804 2666 1064 2722 hominis
1079 2666 1256 2720 etiam
1273 2663 1510 2718 sabbati
1524 2663 1743 2734 (Matth.
1761 2679 1835 2717 χιι
1848 2704 1861 2726 ,
1877 2663 2224 2735 l-8).ltaque

573 2758 675 2812 illa
687 2757 999 2812 carnaliter
1011 2769 1133 2809 non
1145 2751 1878 2816 observando,carnalium
1896 2752 2226 2823 conﬂagra-

571 2845 950 2901 vitinvidiam
969 2861 981 2909 ;
997 2848 1052 2898 et
1066 2841 1581 2913 suscepitquidem
1597 2856 1839 2913 pinnam
1855 2843 2223 2912 propositam

575 2934 709 3002 illis,
723 2933 827 3005 qui
840 2948 911 2988 ea
924 2947 1043 2987 non
1059 2992 1062 2995 _
1077 2931 1525 2996 observassent,
1542 2930 1645 2985 sed
1673 2937 1734 2986 ut
1759 2931 2065 2986 credentes
2085 2930 2147 2985 in
2161 2946 2223 2987 se

573 3024 708 3080 talis
732 3037 924 3093 poenae
954 3023 1162 3077 timore
1187 3020 1460 3075 liberaret
1478 3041 1490 3074 :
1508 3035 1629 3091 quo
1653 3021 1904 3091 pertinet
1931 3021 2096 3092 quod
2122 3019 2226 3074 ad-

570 3112 785 3185 jungit,
814 3111 1061 3166 Christus
1082 3127 1178 3165 nos
1203 3108 1427 3164 redemit
1456 3109 1517 3163 de
1537 3109 1828 3164 maledicto
1855 3110 2025 3178 Legis,
2048 3111 2225 3179 [actus

572 3219 680 3274 pro
708 3200 856 3256 nobis
884 3200 1224 3256 maledictum
1257 3220 1279 3268 ;
1316 3198 1446 3269 quia
1474 3200 1735 3269 scriptum
1765 3204 1860 3263 est,
1902 3198 2224 3253 Maledictus

575 3291 745 3347 omnis
765 3293 858 3362 qui
877 3291 1066 3362 pendet
1098 3291 1151 3344 in
1186 3289 1350 3360 ligno.
1371 3289 1512 3353 Quae
1532 3288 1822 3343 sententia
1843 3287 2225 3358 spiritualiter

575 3380 1038 3450 intelligentibus
1068 3384 1513 3434 sacramentum
1535 3383 1622 3432 est
1638 3376 1928 3432 libertatis
1945 3393 1957 3431 :
1976 3378 2226 3433 carnali-

574 3478 660 3526 ter
673 3477 872 3527 autem
889 3467 1302 3534 sentientibus,
1320 3467 1366 3520 si
1380 3465 1568 3520 Judaei
1593 3465 1977 3536 sunt,jugum
1992 3471 2079 3521 est
2104 3481 2226 3521 ser-

572 3561 776 3616 vitutis
795 3575 808 3625 ;
825 3559 867 3612 si
886 3558 1104 3630 pagani
1126 3561 1228 3612 aut
1248 3555 1527 3619 haeretici,
1542 3553 1942 3610 velamentum
1961 3559 2047 3610 est
2064 3555 2232 3610 caeci-

575 3649 726 3705 tatis.
752 3651 897 3704 Nam
917 3646 1079 3719 quod
1110 3645 1359 3718 quidam
1388 3643 1572 3699 nostri
1603 3644 1800 3700 minus
1828 3644 1889 3698 in
1915 3645 2230 3715 Scripturis

580 3738 815 3801 eruditi,
832 3737 1182 3791 sententiam
1205 3736 1378 3791 istam
1396 3736 1572 3790 nimis
1586 3736 1882 3799 timentes,
1899 3740 1955 3789 et
1974 3736 2233 3807 Scriptu-

581 3841 680 3882 ras
704 3830 929 3880 veteres
951 3825 1151 3880 debita
1173 3825 1388 3895 pietate
1416 3824 1843 3895 approbantes,
1869 3840 1988 3880 non
2019 3828 2232 3895 putant

580 3913 696 3969 hoc
721 3914 796 3968 de
823 3912 1075 3967 Domino
1100 3927 1227 3967 esse
1257 3912 1505 3977 dictum,
1534 3913 1638 3966 sed
1669 3913 1743 3967 de
1772 3914 1923 3968 Juda
1951 3913 2230 3969 traditore

581 4002 745 4072 ejus:
776 4001 940 4055 aiunt
961 4001 1117 4055 enim
1147 4005 1461 4070 prepterea
1491 4016 1612 4054 non
1639 4016 1770 4055 esse
1801 4002 2049 4066 dictum,
2076 4003 2231 4057 Mate-

582 4090 756 4146 dictus
783 4090 970 4153 omnis,
1000 4089 1102 4160 qui
1133 4087 1334 4157 ﬁgitur
1364 4087 1425 4142 in
1455 4087 1618 4157 ligno
1645 4105 1658 4154 ;
1693 4089 1819 4154 sed,
1843 4093 1938 4161 qui
1957 4091 2149 4162 pendet
2173 4093 2232 4148 in

586 4179 732 4250 ligno
761 4195 778 4245 ;
809 4178 952 4251 quia
982 4192 1103 4233 non
1128 4176 1222 4231 hic
1252 4176 1538 4232 Dominus
1574 4177 1945 4248 signiﬁcatus
1986 4185 2093 4246 est,
2128 4181 2232 4237 sed

583 4269 793 4340 illequi
825 4283 888 4323 se
914 4267 1132 4338 laqueo
1160 4265 1495 4338 suspendit:
1514 4266 1690 4321 nimis
1704 4273 1889 4332 erant,
1913 4284 2018 4325 nec
2041 4275 2234 4326 atten-

584 4358 734 4414 dunt
765 4373 828 4413 se
855 4362 1061 4413 contra
1087 4356 1437 4427 Apostolum
1466 4355 1769 4428 disputare
1795 4357 1895 4428 qui
1933 4359 2033 4424 ait,
2069 4359 2234 4414 Chri-

585 4456 697 4504 stus
725 4465 819 4503 nos
847 4447 1074 4503 redemit
1102 4447 1164 4501 de
1196 4446 1477 4500 maledicto
1505 4446 1679 4518 Legis,
1711 4446 1886 4518 [actus
1941 4463 2042 4518 pro
2085 4448 2234 4505 nobis

590 4539 930 4593 maledictum
962 4555 980 4604 ;
1009 4538 1136 4608 quia
1159 4537 1425 4606 scriptum
1454 4547 1550 4601 est,
1583 4535 1909 4592 Maledictus
1937 4538 2110 4592 omnis
2139 4540 2234 4610 qui

583 4628 769 4699 pendet
793 4629 850 4681 in
882 4628 1050 4697 tigno.
1075 4626 1183 4692 Qui
1215 4641 1356 4695 ergo
1388 4642 1492 4698 pro
1515 4625 1689 4681 nobis
1728 4626 1921 4683 factus
1943 4628 2233 4684 estmale-

585 4716 828 4781 dictum,
863 4717 988 4786 ipse
1013 4717 1214 4787 utique
1241 4716 1524 4786 pependit
1552 4716 1610 4770 in
1641 4716 1823 4788 ligno,
1853 4716 1914 4770 id
1935 4721 2044 4781 est,
2071 4719 2235 4774 Chri-

586 4808 730 4867 stus,
763 4803 864 4875 qui
904 4820 1012 4859 nos
1041 4804 1314 4860 liberavit
1343 4820 1378 4859 a
1411 4804 1726 4860 maledicto
1767 4805 1937 4874 Legis
1969 4823 1982 4870 ;
2017 4812 2081 4862 ut
2111 4822 2232 4863 non

581 4893 707 4964 jam
727 4892 962 4962 timorej
976 4892 1482 4948 ustiﬁcaremurin
1497 4892 1778 4964 operibus
1793 4893 1981 4962 Legis,
1999 4894 2102 4949 sed
2117 4895 2233 4951 ﬁde

585 4983 747 5056 apud
777 4985 981 5048 Deum,
998 4996 1132 5052 quae
1147 4996 1265 5036 non
1281 4997 1386 5052 per
1412 4981 1706 5046 timorem,
1723 4980 1827 5036 sed
1847 4996 1954 5051 per
1974 4983 2233 5040 dilectio-

583 5087 722 5128 nem
754 5074 1052 5143 operatur.
1088 5069 1335 5140 Spiritus
1381 5070 1540 5125 enim
1571 5075 1813 5126 sanctus
1844 5071 1947 5142 qui
1977 5071 2088 5128 hoc
2128 5088 2234 5144 per

588 5163 828 5234 Moysen
843 5159 992 5216 dixit
1017 5163 1333 5231 utrumque
1346 5159 1607 5230 providit
1629 5164 1669 5231 ³,
1697 5165 1759 5216 ut
1781 5165 1836 5216 et
1854 5161 2062 5217 timore
2089 5162 2230 5218 visi-

585 5251 722 5308 bilis
753 5266 946 5323 poenis
969 5249 1408 5305 custodirentur
1430 5249 1534 5321 qui
1563 5249 1832 5306 nondum
1860 5256 2134 5322 poterant
2160 5267 2232 5308 ex

589 5340 973 5397 invisibilium
990 5339 1106 5396 ﬁde
1132 5339 1358 5396 vivere:
1390 5339 1586 5412 etipse
1605 5339 1883 5396 timorem
1909 5340 2086 5397 istum
2119 5341 2233 5398 sol-

647 5540 662 5571 ί
694 5538 850 5611 Ιιον..)
880 5540 1081 5611 habebit
1095 5543 1574 5611 prudentissimum
1589 5544 1878 5606 praemium.
1905 5546 1986 5596 Ali
2004 5546 2231 5611 codices,

574 5603 1042 5676 ννέεέεηέἐεείθπυτη
1073 5607 1366 5676 premium.-

651 5661 668 5692 ⁸
692 5660 845 5719 Editi,
874 5660 1110 5725 pravivit
1126 5667 1311 5718 Melius
1345 5669 1501 5727 Mss.,
1533 5668 1783 5732 providit.

1575 130 1946 197 EPISTOLE
1985 139 2076 196 AD
2115 129 2466 206 GALATAS,
2511 142 2568 196 s.
2613 129 2994 198 AUGUSTINI

3801 131 3903 204 2m

2332 271 2490 322 veret
2519 267 2902 339 suscipiendo
2931 266 3097 339 quod
3140 266 3471 332 timebatur,
3503 268 3601 340 qui
3630 269 3814 327 timore
3839 290 3910 328 su-

2332 355 2494 412 blato
2507 356 2736 411 donum
2750 356 2894 412 dare
2909 361 3136 428 poterat
3159 355 3588 412 charitatis.Nec
3604 357 3659 412 in
3672 358 3910 432 hocquod

2333 445 2684 501 maledictus
2701 450 2786 501 est
2812 444 3146 517 appellatus
3172 445 3274 517 qui
3298 445 3513 514 pendet
3538 447 3593 500 in
3615 446 3778 518 ligno,
3802 465 3911 504 con-

2332 533 2574 589 tumelia
2600 534 2658 589 in
2687 535 3001 589 Dominum
3029 534 3298 605 putanda
3323 538 3423 589 est.
3455 536 3531 589 Ex
3555 539 3710 606 parte
3736 539 3913 610 quippe

2331 622 2564 678 mortali
2593 623 2875 694 pependit
2895 621 2955 678 in
2976 623 3138 692 ligno
3170 639 3187 678 :
3219 622 3543 680 mortalitas
3574 629 3755 680 autem
3787 627 3910 683 unde

2330 711 2402 766 sit
2427 717 2636 766 notum
2667 717 2754 767 est
2773 711 3152 767 credentibus
3177 727 3190 776 ;
3221 726 3294 767 ex
3320 727 3500 783 pmna
3527 713 3735 784 quippe
3760 721 3849 780 est,
3872 722 3915 771 et

2331 799 2736 856 maledictione
2752 802 3007 872 peccati‘
3027 801 3190 873 primi
3205 800 3486 869 hominis,
3501 817 3677 873 quam
3691 804 3915 860 Dominus

2329 895 2608 960 suscepit,
2644 894 2699 945 et
2729 894 2971 960 peccata
2997 896 3200 945 nostra
3227 890 3462 961 pertulit
3490 891 3545 944 in
3579 905 3800 962 corpore
3832 908 3915 948 suo

2331 993 2508 1049 super
2531 977 2760 1047 lignum
2779 979 2818 1042 il
2847 979 2995 1032 Petr.
3022 996 3078 1040 ιι,
3101 980 3212 1047 24).
3240 977 3300 1034 Si
3327 994 3467 1049 ergo
3488 978 3777 1050 diceretur,
3799 982 3913 1036 Mors

2329 1066 2649 1122 maledicta
2702 1073 2789 1122 est
2819 1088 2828 1131 ;
2866 1083 3044 1123 nemo
3075 1067 3518 1123 exhorresceret
3547 1069 3717 1139 :quid
3757 1073 3915 1124 autem

2331 1155 2440 1209 nisi
2469 1170 2627 1210 mors
2649 1155 2881 1210 Domini
2912 1154 3262 1226 pependitin
3287 1155 3469 1226 ligno,
3492 1161 3550 1210 ut
3579 1161 3803 1212 mortem
3826 1173 3916 1212 mo-

2329 1243 2536 1298 riendo
2581 1249 2889 1316 superaret
2919 1243 2945 1298 ‘l
2975 1244 3188 1299 eadem
3237 1245 3416 1313 igitur
3458 1244 3773 1310 maledicta,
3815 1261 3916 1316 quae

2329 1332 2483 1387 victa
2512 1338 2616 1388 est.
2652 1336 2791 1388 Item
2825 1334 2872 1388 si
2903 1333 3215 1398 diceretur,
3248 1334 3554 1389 Peccatum
3589 1333 3918 1391 maledictum

2330 1425 2441 1490 est;
2461 1435 2637 1476 nemo
2662 1422 3163 1493 mirareturzquid
3177 1426 3376 1477 autem
3405 1422 3688 1494 pependit
3705 1423 3756 1477 in
3776 1422 3920 1491 ligno,

2329 1508 2442 1564 nisi
2475 1515 2785 1580 peccatum
2817 1512 3028 1566 veteris
3049 1510 3331 1576 hominis,
3360 1510 3523 1581 quod
3556 1513 3810 1566 Dominus
3838 1525 3919 1582 pro

2329 1599 2503 1654 nobis
2521 1600 2577 1654 in
2597 1600 2726 1671 ipsa
2746 1600 2938 1656 carnis
2964 1600 3316 1656 mortalitate
3343 1598 3640 1672 suscepit?
3665 1600 3806 1656 Unde
3831 1615 3921 1654 nec

2329 1689 2566 1743 erubuit
2612 1703 2721 1744 nec
2765 1691 2962 1744 timuit
3012 1688 3330 1760 Apostolus
3390 1689 3604 1754 dicere,
3661 1693 3922 1760 peccatum

2329 1792 2467 1832 eum
2495 1776 2703 1832 fecisse
2733 1792 2842 1848 pro
2874 1778 3046 1832 nobis
3085 1776 3340 1843 addens,
3384 1779 3452 1832 Ut
3484 1777 3554 1832 de
3597 1781 3792 1848 peccato
3831 1793 3923 1831 con-

2326 1866 3080 1938 demnaretpeccatum(Rom.
3112 1883 3225 1932 vin,
3261 1866 3338 1939 3).
3375 1870 3501 1923 Non
3530 1867 3681 1922 enim
3710 1873 3758 1921 et
3781 1869 3920 1921 vetus

2331 1955 2508 2010 homo
2536 1960 2729 2010 noster
2759 1955 2935 2011 simul
2960 1955 3424 2024 cruciﬁgeretur,
3459 1956 3603 2012 sicut
3627 1955 3768 2011 idem
3787 1969 3925 2026 apos-

2333 2045 2488 2101 tolus
2519 2044 2661 2100 alibi
2686 2045 2847 2108 dicit,
2879 2045 2990 2099 nisi
3021 2045 3080 2100 in
3125 2044 3224 2100 illa
3249 2051 3445 2101 morte
3502 2045 3715 2100 Domini
3745 2041 3925 2115 peccati

2331 2135 2513 2190 nostri
2541 2133 2732 2205 ﬁgura
2765 2133 3069 2205 penderet,
3105 2140 3166 2188 ut
3195 2141 3585 2190 evacuaretur
3604 2149 3797 2204 corpus
3820 2146 3924 2204 pec-

2331 2223 2465 2285 cati,
2497 2227 2560 2277 ut
2591 2223 2744 2278 ultra
2765 2237 2886 2278 non
2913 2223 3243 2278 serviamus
3274 2229 3522 2294 peccato
3553 2222 3655 2292 (Id.
3686 2238 3752 2284 vn,
3776 2220 3839 2288 6).
3875 2220 3924 2273 In

2331 2312 2504 2381 cujus
2521 2312 2743 2382 peccati
2760 2317 2814 2365 et
2829 2312 3032 2367 mortis
3047 2313 3260 2382 ﬁgura,
3279 2314 3460 2368 etiam
3476 2315 3691 2383 Moyses
3705 2312 3756 2366 in
3767 2323 3921 2365 eremo

2331 2417 2511 2470 super
2539 2400 2769 2470 lignum
2818 2400 3092 2456 exultavit
3121 2407 3464 2472 serpentem
3498 2401 3684 2473 (Num.
3720 2414 3819 2462 xxi,
3864 2397 3921 2465 9).

2333 2490 2715 2545 Persuasione
2729 2489 2952 2561 quippe
2965 2490 3528 2561 serpentishomoin
3547 2489 3924 2545 damnationem

2333 2580 2536 2633 mortis
2567 2577 2796 2634 cecidit.
2843 2582 3043 2650 Itaque
3088 2593 3333 2650 serpens
3370 2578 3446 2634 ad
3495 2579 3924 2649 signiﬁcationem

2330 2667 2515 2739 ipsius
2543 2667 2767 2733 mortis,
2783 2666 3205 2723 convenienter
3223 2668 3283 2722 in
3305 2667 3455 2738 igno
3472 2668 3752 2724 'exaltatus
3774 2663 3925 2722 estzin

2331 2755 2433 2811 illa
2462 2757 2624 2810 enim
2657 2756 2849 2826 ﬁgura
2879 2771 3043 2811 mors
3075 2756 3311 2812 Domini
3338 2757 3644 2829 pendebat
3687 2757 3740 2811 in
3779 2754 3925 2822 ligno.

2332 2845 2474 2910 Quis
2495 2851 2696 2900 autem
2718 2844 3084 2910 abhorreret,
3111 2845 3496 2915 sidiceretur,
3516 2845 3820 2902 Maledictus
3838 2857 3927 2896 ser-

2331 2949 2478 3006 pens
2491 2934 2594 3004 qui
2621 2933 2840 3004 pendet
2863 2935 2922 2988 in
2950 2933 3152 3002 ligno?
3185 2937 3247 2990 Et
3271 2938 3482 2991 tamen
3507 2939 3743 2990 mortem
3769 2929 3925 2987 carnis

2334 3023 2567 3078 Domini
2593 3023 2989 3094 praeﬁgurans
3007 3038 3249 3094 serpens
3275 3025 3585 3095 pendebat
3607 3025 3661 3078 in
3680 3023 3840 3091 ligno,
3857 3017 3928 3073 cui

2333 3116 2712 3168 sacramento
2745 3113 2870 3182 ipse
2922 3111 3210 3167 Dominus
3241 3118 3561 3169 attestatus
3601 3118 3700 3177 est,
3723 3110 3928 3165 dicens:

2327 3201 2475 3255 Sicut
2507 3201 2771 3256 exultavit
2797 3203 2998 3271 Moyses
3027 3208 3320 3271 serpentem
3337 3203 3604 3266 ineremo,
3636 3201 3708 3256 ita
3730 3195 3926 3254 exaltari

2329 3296 2535 3361 oportet
2552 3290 2760 3345 Filium
2773 3289 3004 3344 hominis
3022 3297 3412 3360 superterram
3431 3291 3607 3361 (Joan.
3628 3306 3699 3354 ιιι,
3725 3289 3817 3355 14).
3831 3287 3929 3341 Non

2331 3381 2559 3435 enimet
2580 3379 2693 3435 hoc
2718 3380 2777 3433 in
2796 3379 3223 3435 contumeliam
3248 3380 3486 3436 Domini
3507 3381 3740 3450 Moysen
3766 3375 3928 3433 fecisse

2338 3468 2555 3539 aliquis
2609 3467 2839 3532 dixerit,
2873 3484 3013 3524 cum
3044 3473 3270 3524 tantam
3315 3469 3386 3523 in
3417 3485 3488 3524 ea
3520 3483 3685 3524 cruce
3729 3463 3929 3520 salutem

2336 3556 2648 3612 hominum
2676 3572 2807 3612 esse
2833 3562 3453 3627 cognosceret,utnon
3471 3559 3548 3614 ob
3578 3555 3806 3621 aliudad
3829 3551 3928 3620 ejus

2338 3645 2626 3700 indicium
2666 3651 3002 3716 serpentem
3029 3645 3194 3701 illum
3225 3645 3459 3716 erigere
3501 3646 3740 3716 juberet,
3769 3640 3857 3696 nisi
3883 3641 3928 3690 ut

2337 3751 2474 3791 eum
2501 3736 2796 3790 intuentes
2844 3737 2947 3806 qui
2999 3735 3186 3790 morsi
3237 3750 3273 3790 a
3307 3735 3685 3808 serpentibus
3717 3724 3930 3788 morituri

2338 3829 2523 3888 erant,
2556 3826 2838 3881 continuo
2869 3830 3243 3880 sanarentur.
3275 3827 3398 3881 Nec
3429 3831 3663 3897 propter
3696 3818 3835 3877 aliud
3860 3813 3929 3870 ille

2336 3928 2583 3984 serpens
2608 3928 2809 3968 mneus
2836 3913 3027 3968 factus
3048 3913 3314 3978 erat,nisi
3336 3921 3404 3970 ut
3426 3924 3809 3987 permansurae
3831 3919 3930 3977 pas-

2339 4002 2520 4057 sionis
2537 4001 2770 4057 Domini
2785 4002 2964 4056 ﬁdem
2981 4002 3568 4070 signiﬁcaret.Etiam
3581 4001 3746 4069 vulgo
3757 3996 3930 4068 quippe

2339 4089 2616 4145 dicuntur
2646 4106 2834 4157 aenea,
2865 4105 3122 4161 quorum
3156 4105 3450 4147 numerus
3482 4095 3696 4148 manet.
3731 4086 3779 4142 Si
3806 4080 3930 4139 enim

2339 4178 2505 4235 obliti
2521 4179 3488 4245 essenthomines,etobliteratum
3511 4177 3735 4236 essetde
3755 4183 3930 4230 memo-

2341 4269 2430 4324 ria
2444 4269 2751 4340 temporis,
2772 4269 2932 4340 quod
2947 4269 3210 4324 Christus
3235 4285 3346 4340 pro
3359 4268 3702 4326 hominibus
3716 4267 3931 4321 mortuus

2341 4364 2450 4422 est,
2485 4373 2619 4413 vere
2651 4362 3022 4413 morerentur
3052 4377 3064 4413 :
3095 4373 3255 4413 nunc
3277 4365 3484 4414 autem
3511 4364 3779 4428 tanquam
3804 4359 3933 4437 lanea

2341 4451 2652 4517 permanet
2679 4446 2870 4501 crucis
2897 4445 3066 4511 ﬁdes,
3120 4451 3182 4501 ut
3210 4461 3352 4504 cum
3393 4447 3492 4502 alii
3523 4444 3844 4501 moriantur.
3863 4432 3934 4488 illi

2342 4540 2686 4604 nascantur,
2743 4535 2942 4607 ipsam
3000 4541 3200 4590 tamen
3257 4535 3582 4591 sublimem
3634 4535 3932 4605 permanere

2340 4623 2667 4690 inveniant,
2694 4639 2880 4695 quam
2906 4624 3191 4680 intuendo
3213 4630 3521 4680 sanentur.
3536 4624 3663 4678 Non
3682 4619 3836 4689 igitur
3855 4609 3934 4666 mi-

2341 4729 2477 4768 rum
2511 4712 2559 4768 si
2591 4713 2664 4768 de
2695 4713 3010 4768 maledicto
3033 4712 3168 4768 vicit
3192 4713 3600 4777 maledictum,
3630 4710 3725 4781 qui
3754 4697 3934 4759 vicitde

2343 4807 2531 4858 morte
2564 4807 2836 4868 mortem,
2854 4801 2994 4857 etde
3013 4807 3256 4873 peccato
3272 4806 3609 4873 peccatum,
3625 4798 3694 4854 de
3715 4791 3934 4864 serpente

2341 4896 2696 4964 serpentem.
2715 4891 3022 4947 Maledicta
3035 4896 3236 4947 autem
3253 4907 3438 4957 mors,
3456 4889 3819 4946 maledictum
3832 4890 3935 4949 pec-

2341 4986 2561 5046 catum,
2591 4980 2942 5037 maledictus
2972 4995 3216 5052 serpens
3237 4984 3323 5045 ;et
3350 4981 3482 5035 haec
3512 4973 3780 5034 omniain
3800 4975 3934 5052 cruce

2343 5069 2708 5142 triumphata
2733 5073 2888 5125 sunt.
2921 5051 3243 5126 Maledicta:
3276 5069 3452 5138 igitur
3480 5067 3655 5123 omnis
3681 5064 3765 5135 qui
3786 5051 3934 5130 pemid

2341 5161 2400 5214 in
2429 5158 2592 5230 ligno.
2626 5159 2776 5225 Quia
2804 5173 2945 5228 ergo
2976 5174 3098 5215 non
3126 5174 3197 5214 ex
3227 5157 3516 5229 operibus
3551 5154 3734 5223 Legis,
3763 5143 3848 5202 sed
3875 5152 3935 5230 fex

2342 5247 2458 5306 ﬁde
2478 5229 2770 5320 ijustiﬁcat
2785 5246 3051 5304 Christus
3069 5247 3372 5304 credentes
3399 5247 3462 5303 in
3491 5261 3572 5312 se,
3602 5243 3764 5300 timor
3790 5229 3934 5291 male-

2407 5487 2418 5520 ¹
2447 5486 2582 5537 Editi
2603 5501 2614 5537 :
2639 5484 2896 5552 Exposita
2927 5485 3112 5550 quippe
3134 5488 3207 5552 est
3232 5489 3276 5535 et
3301 5483 3591 5552 maledictio
3611 5469 3936 5552 percelli

2341 5536 2476 5610 duo,
2508 5555 2552 5599 et
2574 5536 2840 5599 maledicto
2882 5536 3100 5612 ρὲοεᾶὡ,
3134 5549 3263 5598 Item
3294 5548 3418 5612 duo,
3467 5536 3715 5612 maledicti
3733 5536 3932 5612 ρεοςςιξξ)

2340 5590 2552 5663 Saliis;
2572 5590 2849 5676 ῥὲιῗιῖἕὶἰιῖ,
2882 5590 3100 5662 SINE)?
3113 5590 3791 5663 οἰίῖειῇἷέἱιοῖόῶιιεεῖει
3813 5590 3934 5644 malt-

2343 5677 2562 5726 dictione
2584 5677 2794 5738 peccati.
