4120 6202
225 190 359 254 2121

214 322 496 380 dictionis
526 321 717 377 crucis
746 321 982 378 ablatus
1011 325 1129 377 est:
1152 321 1410 379 charitas
1439 322 1875 380 benedictionis

215 412 469 469 Abrahae
493 417 733 484 propter
761 411 1106 483 exemplum
1131 411 1267 467 ﬁdei
1293 412 1697 482 permanetad
1722 412 1876 468 Gen-

216 508 322 558 tes.
355 502 423 558 Ut
440 500 934 567 annuntiationem,
961 501 1175 572 inquit,
1198 502 1435 572 spiritus
1451 518 1552 573 per
1570 501 1725 572 ﬁdem
1744 503 1879 557 acci-

214 592 430 662 piamus
459 607 479 646 :
509 589 570 645 id
598 594 706 657 est,
740 594 805 645 ut
846 605 966 645 non
993 590 1158 661 quod
1187 591 1422 646 timetur
1449 590 1509 646 in
1538 606 1741 659 carne,
1773 590 1878 646 sed

214 679 382 752 quod
409 680 621 750 spiritu
651 678 938 747 diligitur,
971 678 1284 733 creditoris
1316 680 1728 737 annuntietur.

288 773 378 825 23.
413 767 615 840 [lb.in,
642 768 845 838 15-18].
880 767 1044 823 Unde
1063 767 1243 824 etiam
1268 770 1601 824 testamenti
1625 767 1880 824 humani

221 858 586 914 mentionem
618 856 776 925 facit,
803 857 968 929 quod
1015 857 1217 929 utique
1247 856 1434 913 multo
1466 863 1553 912 est
1583 857 1881 912 inﬁrmius

219 962 407 1019 quam
438 946 732 1001 divinum.
784 946 981 1001 Tamen
1020 946 1259 1001 hominis
1306 946 1690 1016 conﬁrmatum
1726 949 1884 1001 testa-

220 1041 477 1105 mentum,
505 1037 715 1107 inquit,
740 1051 889 1089 nemo
918 1035 1149 1089 irritum
1173 1036 1329 1106 facit,
1357 1041 1453 1089 aut
1473 1034 1886 1106 superordinal.

225 1127 376 1191 Quia
405 1140 544 1181 cum
596 1128 836 1181 testator
866 1129 1058 1180 mutat
1098 1129 1540 1191 testamentum,
1598 1140 1717 1181 non
1748 1140 1885 1180 con-

226 1215 533 1271 ﬁrmatum
558 1218 785 1269 mutat:
817 1213 1112 1269 testatoris
1156 1214 1316 1269 enim
1346 1218 1537 1269 morte
1564 1214 1887 1270 conﬁrma-

229 1310 344 1361 tur.
379 1302 547 1369 Quod
602 1306 803 1359 autem
837 1318 998 1358 mors
1031 1303 1323 1359 testatoris
1363 1302 1518 1360 valet
1556 1303 1633 1359 ad
1674 1302 1887 1359 conﬁr-

232 1393 525 1449 mandum
540 1396 963 1447 testamentum
987 1392 1136 1462 ejus,
1155 1392 1299 1464 quia
1319 1392 1635 1448 consilium
1658 1396 1887 1448 mutare

225 1483 353 1553 jam
367 1497 486 1537 non
500 1485 692 1554 potest
716 1502 727 1546 ;
745 1481 859 1536 hoc
877 1480 1453 1537 incommutabilitas
1470 1480 1889 1553 promissionis

232 1570 330 1627 Dei
366 1570 521 1626 valet
545 1570 622 1625 ad
650 1569 1131 1626 conﬁrmandam
1171 1569 1581 1626 haereditatem
1609 1570 1887 1637 Abrahae,

230 1663 405 1731 cujus
432 1658 581 1715 ﬁdes
609 1659 897 1731 deputata
923 1664 1010 1715 est
1037 1659 1113 1715 ad
1157 1659 1448 1729 justitiam
1483 1660 1656 1730 (Rom.
1691 1677 1766 1724 IV,
1797 1660 1882 1730 9).

233 1752 301 1806 Et
329 1749 465 1805 ideo
487 1764 693 1804 semen
714 1748 988 1814 Abrahae,
1022 1748 1115 1803 cui
1147 1748 1306 1804 dicta
1334 1756 1460 1804 sunt
1479 1749 1890 1820 promissiones,

235 1838 539 1896 Christum
551 1837 692 1893 dicit
706 1838 1047 1908 Apostolus,
1068 1838 1181 1893 hoc
1200 1843 1513 1894 estomnes
1530 1838 1893 1895 Christianos

234 1928 352 1983 ﬁde
381 1927 679 1984 imitantes
710 1925 1014 1982 Abraham
1058 1942 1071 1981 :
1101 1926 1267 1997 quod
1305 1927 1384 1983 ad
1417 1927 1894 1997 singularitatem

232 2017 467 2087 redigit,
496 2015 979 2072 commendando
1009 2016 1176 2088 quod
1226 2031 1350 2072 non
1380 2016 1608 2072 dictum
1660 2021 1774 2083 est,
1821 2017 1894 2071 Et

229 2106 544 2170 seminibus,
580 2105 706 2171 sed,
735 2104 938 2160 Semini
961 2110 1050 2160 tuo
1081 2121 1100 2171 ;
1131 2105 1275 2177 quia
1304 2109 1360 2162 et
1396 2121 1514 2161 una
1538 2106 1816 2174 estﬁdes,
1840 2108 1897 2160 et

234 2211 357 2254 non
389 2199 648 2268 possunt
676 2194 945 2250 similiter
968 2194 1283 2265 justiﬁcari
1304 2195 1409 2266 qui
1432 2196 1640 2251 vivunt
1661 2211 1734 2251 ex
1757 2210 1896 2268 ope-

235 2287 402 2343 ribus
435 2283 767 2350 carnaliter,
800 2299 940 2339 cum
970 2283 1060 2338 his
1091 2283 1196 2356 qui
1226 2284 1432 2340 vivunt
1466 2300 1538 2340 ex
1582 2283 1701 2340 ﬁde
1731 2283 1896 2355 spiri-

238 2375 488 2431 tualiter.
512 2372 842 2429 Vincuntur
861 2378 1064 2429 autem
1085 2371 1251 2444 quod
1271 2372 1463 2439 infert,
1494 2374 1607 2429 Lex
1629 2374 1896 2429 nondum

238 2464 383 2521 data
429 2466 575 2531 erat,
609 2478 717 2518 nec
768 2466 968 2533 posset
1013 2466 1146 2532 post
1203 2467 1284 2519 tot
1314 2478 1506 2518 annos
1537 2464 1619 2518 ita
1644 2462 1795 2529 dari,
1838 2466 1899 2518 ut

236 2552 518 2623 antiquas
549 2550 803 2606 Abrahae
857 2550 1284 2621 promissiones
1338 2550 1529 2606 irritas
1561 2550 1794 2605 faceret.
1837 2549 1898 2605 Si

238 2641 400 2697 enim
431 2642 542 2695 Lex
564 2639 869 2711 justiﬁcat,
899 2654 1021 2694 non
1070 2643 1155 2694 est
1180 2638 1538 2708 justiﬁcatus
1567 2639 1895 2706 Abraham,

236 2730 341 2802 qui
371 2729 623 2785 multum
645 2735 780 2784 ante
802 2728 1019 2797 Legem
1045 2726 1170 2783 fuit.
1201 2728 1371 2793 Quod
1394 2729 1540 2801 quia
1560 2728 1755 2784 dicere
1779 2743 1900 2784 non

236 2824 514 2891 possunt,
538 2822 833 2887 coguntur
855 2816 1020 2872 fateri
1052 2832 1174 2872 non
1223 2818 1392 2887 Legis
1427 2818 1711 2889 operibus
1734 2817 1902 2888 justi-

240 2907 405 2963 ﬁcari
445 2907 775 2969 hominem,
808 2906 909 2960 sed
962 2905 1098 2961 ﬁde.
1153 2905 1341 2961 Simul
1371 2908 1551 2962 etiam
1602 2922 1711 2962 nos
1746 2906 1902 2975 cogit

240 2997 587 3066 intelligere,
618 3011 831 3051 omnes
855 2996 1138 3066 antiquos
1169 2996 1271 3067 qui
1296 2995 1607 3065 justiﬁcati
1644 3000 1802 3055 sunt.
1833 3011 1900 3051 ex

242 3086 379 3157 ipsa
400 3083 514 3139 ﬁde
534 3083 909 3154 justiﬁcatos.
938 3082 1109 3148 Quod
1148 3084 1309 3139 enim
1336 3099 1448 3139 nos
1473 3099 1545 3139 ex
1564 3088 1729 3155 parte
1755 3099 1902 3155 pras-

243 3174 505 3239 teritum,
534 3173 593 3228 id
606 3178 713 3237 est,
730 3172 993 3244 primum
1015 3172 1337 3229 adventum
1355 3172 1617 3239 Domini;
1638 3188 1709 3227 ex
1736 3177 1903 3243 parte

244 3262 535 3329 futurum,
568 3262 628 3317 id
657 3267 767 3326 est,
798 3261 1130 3317 secundum
1157 3262 1485 3318 adventum
1522 3261 1754 3317 Domini
1784 3276 1905 3316 cre-

245 3352 449 3408 dendo
471 3350 614 3408 salvi
641 3349 932 3406 efﬁcimur
956 3366 968 3405 :
997 3350 1108 3406 hoc
1134 3356 1320 3407 totum
1344 3350 1442 3417 illi,
1472 3351 1531 3406 id
1554 3354 1662 3416 est,
1686 3356 1906 3406 utrum-

244 3458 366 3515 que
391 3441 716 3497 adventum
765 3439 1031 3495 futurum
1085 3441 1426 3505 credebant,
1461 3440 1761 3496 revelante
1793 3432 1910 3495 sibi

247 3530 472 3602 Spiritu
485 3534 712 3594 sancto,
730 3534 791 3584 ut
818 3528 965 3584 salvi
994 3530 1218 3585 ﬁerent.
1245 3530 1409 3585 Unde
1435 3528 1905 3586 estetiamillud:

245 3618 529 3675 Abraham
558 3618 863 3688 concupivit
920 3617 1059 3673 diem
1090 3636 1262 3674 meum
1309 3618 1512 3684 videre,
1567 3626 1617 3673 et
1648 3618 1808 3684 vidit,
1860 3626 1909 3675 et

250 3709 471 3780 gavisus
500 3712 575 3763 est
605 3708 786 3778 (Joan.
829 3723 945 3772 vm,
978 3708 1088 3779 56).

324 3799 412 3853 24.
438 3798 563 3869 [1b.
595 3813 672 3862 ιιι,
704 3798 789 3862 19,
817 3797 929 3868 20].
962 3796 1238 3869 Sequitur
1264 3798 1514 3869 quaestio
1538 3798 1682 3853 satis
1707 3813 1911 3853 neces-

250 3886 446 3943 saria:
475 3886 529 3943 Si
553 3887 713 3941 enim
744 3885 889 3940 ﬁdes
908 3886 1209 3955 justiﬁcat.
1238 3892 1293 3941 et
1325 3888 1552 3957 priores
1576 3888 1783 3952 sancti,
1808 3887 1911 3959 qui

250 3976 419 4048 apud
436 3978 617 4031 Deum
622 3973 1211 4045 justiﬁcatisunt,per
1224 3976 1418 4047 ipsam
1428 3976 1734 4045 justiﬁcati
1749 3979 1907 4037 sunt,

247 4065 398 4139 quid
428 4080 583 4136 opus
605 4063 956 4134 eratLegem
971 4064 1102 4120 dari
1132 4064 1152 4118 ἲ
1181 4066 1373 4129 Quam
1392 4065 1785 4137 quaestionem
1802 4071 1912 4123 tra-

244 4153 534 4210 ctandam
585 4153 667 4208 sic
721 4152 932 4217 intulit,
969 4153 1362 4223 interrogans,
1424 4158 1479 4209 et
1509 4155 1732 4220 dicens,
1769 4156 1911 4220 Quid

250 4259 379 4314 ergo
403 4242 433 4296 ?
463 4244 781 4315 ﬂuensque
812 4243 972 4298 enim
999 4243 1379 4311 interrogatio
1411 4246 1499 4297 est
1525 4261 1536 4293 :
1573 4242 1790 4299 deinde
1822 4245 1907 4299 in-

234 4333 438 4387 :fertur
460 4333 792 4403 responsio,
818 4332 928 4386 Lex
948 4331 1399 4402 transgressionis
1422 4334 1604 4403 gratia
1634 4333 1910 4403 proposita

251 4428 351 4486 est,
404 4421 564 4477 donec
608 4422 830 4487 veniret,
867 4422 1076 4493 inquit,
1128 4438 1302 4476 semen
1331 4422 1420 4476 cui
1464 4422 1780 4492 promissum
1812 4430 1905 4488 est,

250 4510 573 4581 dispositum
595 4526 695 4581 per
722 4510 961 4580 Angelos
986 4512 1047 4565 in
1077 4527 1241 4565 manu
1268 4510 1604 4567 Mediatoris.
1634 4511 1911 4567 Mediator

249 4607 435 4655 autem
448 4603 612 4654 unius
642 4616 747 4653 non
771 4605 867 4665 est,
899 4600 1036 4655 Deus
1059 4616 1183 4653 vero
1212 4616 1352 4655 unus
1380 4607 1453 4655 est
1484 4601 1585 4671 (α).
1632 4602 1912 4658 Mediato-

249 4705 383 4747 rem
412 4690 617 4745 Jesum
645 4688 937 4743 Christum
965 4689 1297 4744 secundum
1346 4690 1651 4746 hominem
1679 4692 1815 4756 dici,
1841 4707 1911 4746 ex

248 4781 355 4835 illa
380 4778 649 4849 ejusdem
676 4778 934 4848 apostoli
966 4779 1256 4834 sententia
1270 4779 1331 4834 ﬁt
1350 4779 1603 4849 planius,
1630 4797 1767 4835 cum
1798 4783 1908 4835 ait:

258 4868 411 4925 Unus
439 4868 586 4921 enim
646 4869 806 4932 Deus,
840 4882 980 4921 unus
1007 4873 1055 4920 et
1096 4867 1362 4921 mediator
1387 4869 1497 4922 Dei
1546 4875 1597 4923 et
1641 4869 1915 4923 hominum

256 4958 410 5012 homo
427 4957 679 5013 Christus
698 4956 849 5011 Iesus
872 4957 914 5027 (ι
948 4956 1086 5011 Tim.
1118 4974 1171 5022 ιι,
1194 4957 1272 5027 5).
1306 4957 1593 5013 Mediator
1610 4960 1917 5026 ergointer

256 5048 451 5102 Deum
477 5046 733 5101 etDeum
750 5062 878 5100 esse
892 5061 1011 5100 non
1039 5054 1261 5116 posset,
1285 5046 1428 5117 quia
1451 5062 1606 5100 unus
1632 5048 1912 5102 estDeus:

252 5135 523 5191 mediator
546 5142 723 5190 autem
750 5134 912 5189 unius
940 5151 1045 5188 non
1076 5140 1172 5203 est,
1198 5135 1342 5204 quia
1365 5134 1514 5189 inter
1535 5135 1769 5206 aliquos
1798 5151 1915 5190 me-

254 5225 394 5280 dius
422 5228 530 5280 est.
562 5224 767 5294 Angeli
801 5240 1001 5294 porro,
1031 5224 1126 5294 qui
1182 5238 1301 5277 non
1332 5222 1484 5293 lapsi
1516 5230 1651 5277 sunt
1683 5239 1718 5278 a
1743 5239 1919 5278 cons-

258 5319 441 5386 pectu
470 5312 593 5377 Dei,
629 5313 952 5368 mediatore
995 5328 1113 5367 non
1147 5328 1300 5383 opus
1326 5311 1567 5375 habent,
1600 5326 1706 5383 per
1736 5327 1917 5382 quem

255 5401 744 5458 reconcilientur.
769 5402 912 5457 Item
925 5401 1119 5470 angeli
1133 5400 1236 5472 qui
1252 5400 1414 5455 nullo
1428 5400 1716 5455 suadente
1734 5416 1919 5471 spon-

261 5498 442 5548 tanea
487 5490 977 5561 praevaricatione
1003 5491 1085 5544 sic
1134 5490 1287 5559 lapsi
1322 5494 1479 5553 sunt,
1501 5505 1607 5560 per
1638 5490 1922 5545 mediato-
2026 5492 2035 5503 '

260 5596 391 5638 rem
424 5595 548 5635 non
577 5578 1053 5636 reconciliantur.
1090 5581 1287 5635 Restat
1312 5593 1453 5648 ergo
1484 5584 1542 5635 ut
1575 5579 1679 5651 qui
1698 5578 1921 5635 media-

328 5716 399 5781 (a)
433 5714 452 5763 Ι
485 5712 733 5771 Retract.,
768 5725 885 5778 cap.
913 5713 990 5770 24,
1012 5726 1066 5762 ιι.
1098 5714 1144 5761 2.

556 5804 800 5861 ΡΑτιιοι..
848 5803 1078 5862 XXXV.

1428 190 1923 253 EXPOSITIONIS
1965 188 2178 254 LIBER
2224 190 2432 256 UNUS.

75 0 4120 43 ww

3501 204 3641 262 2122

1986 326 2109 378 tore
2177 325 2440 396 superbo
2523 325 2763 382 diabolo
2830 326 3175 397 superbiam
3243 331 3642 399 persuadente

1986 412 2250 483 dejectus
2276 418 2387 478 est,
2416 414 2743 471 mediatore
2764 415 2975 471 humili
2997 416 3223 473 Christo
3241 418 3640 476 humilitatem

1988 502 2378 573 persuadente
2405 504 2686 573 erigatur.
2715 509 2858 560 Nam
2892 506 2939 560 si
2970 504 3148 561 Filius
3167 505 3266 561 Dei
3294 506 3353 560 in
3388 508 3648 563 naturali

1987 592 2325 662 aequalitate
2352 593 2533 649 Patris
2567 610 2807 649 manere
2846 594 3036 659 vellet,
3072 610 3176 650 nec
3209 611 3269 650 se
3300 596 3645 663 exinaniret,

1987 678 2248 737 formam
2276 682 2427 737 servi
2464 683 2763 754 accipiens
2812 683 3079 754 (Philipp.
3112 700 3174 749 ιι,
3202 685 3255 755 7)
3289 702 3301 752 ;
3335 700 3456 739 non
3488 687 3649 740 esset

1993 770 2396 826 mediatorDei
2425 776 2483 826 et
2507 772 2821 827 hominum
2850 788 2863 825 :
2894 773 3037 845 quia
3068 774 3198 845 ipsa
3226 773 3478 829 Trinitas
3495 789 3648 828 unus

1989 859 2143 915 Deus
2173 864 2279 930 est,
2316 859 2530 916 eadem
2559 860 2619 915 in
2654 861 2865 926 tribus,
2901 865 3063 919 Patre
3095 867 3150 917 et
3177 862 3318 917 Filio
3350 868 3401 917 et
3426 862 3650 933 Spiritu

1993 953 2219 1015 sancto,
2252 949 2488 1005 deitatis
2520 949 2841 1007 aeternitate
2864 956 2920 1006 et
2950 952 3287 1023 aequalitate
3311 957 3656 1009 constante.

1997 1038 2087 1093 Sic
2112 1039 2313 1109 itaque
2347 1039 2554 1094 unicus
2585 1039 2760 1095 Filius
2790 1040 2914 1106 Dei,
2939 1040 3230 1097 mediator
3252 1041 3351 1096 Dei
3379 1045 3434 1096 et
3460 1041 3655 1096 homi-

1994 1142 2140 1182 num
2170 1127 2361 1183 factus
2385 1132 2488 1196 est,
2510 1144 2648 1184 cum
2670 1128 2925 1184 Verbum
2954 1129 3053 1185 Dei
3077 1130 3231 1185 Deus
3254 1130 3418 1200 apud
3444 1133 3657 1196 Deum,

1995 1216 2444 1285 etmajestatem
2465 1232 2638 1272 suam
2670 1233 2857 1289 usque
2885 1218 2963 1273 ad
2982 1218 3251 1275 humana
3277 1219 3576 1290 deposuit,
3602 1223 3658 1273 et

1996 1302 2395 1360 humilitatem
2425 1304 2757 1361 humanam
2790 1321 2978 1378 usque
3010 1307 3089 1363 ad
3121 1308 3325 1363 divina
3356 1308 3654 1375 subvexit,

1999 1398 2060 1448 ut
2088 1393 2380 1448 mediator
2401 1399 2552 1449 esset
2581 1394 2732 1451 inter
2760 1397 2945 1451 Deum
2968 1404 3022 1451 et
3042 1397 3316 1452 homines
3342 1397 3527 1452 homo
3550 1412 3655 1468 per

1995 1482 2183 1540 Deum
2209 1482 2361 1537 ultra
2386 1482 2678 1543 homines.
2700 1487 2828 1554 Ipse
2851 1489 2940 1539 est
2960 1486 3120 1539 enim
3135 1486 3442 1556 speciosus
3465 1486 3657 1543 forma

2001 1585 2120 1643 prie
2133 1570 2270 1628 ﬁliis
2285 1571 2623 1636 hominum,
2639 1576 2695 1627 et
2723 1577 2935 1628 unctus
2958 1572 3089 1628 oleo
3104 1574 3517 1629 exsultationis
3532 1590 3654 1645 prae

2001 1659 2392 1731 participibus
2423 1660 2542 1715 suis
2570 1660 2741 1730 (Psal.
2776 1678 2924 1727 XLIV,
2958 1661 3071 1733 33).
3120 1662 3321 1719 Sanati
3354 1667 3489 1718 sunt
3519 1678 3661 1732 ergo

2002 1748 2080 1805 ab
2108 1749 2411 1820 impietate
2464 1749 2782 1820 superbiae,
2818 1755 2880 1805 ut
2932 1751 3461 1807 reconciliarentur
3514 1752 3656 1819 Deo,

2000 1837 2369 1910 quicumque
2410 1839 2677 1893 homines
2733 1840 3126 1895 humilitatem
3190 1840 3421 1905 Christi,
3457 1846 3513 1895 et
3544 1856 3655 1911 per

2002 1926 2423 1983 revelationem
2465 1933 2792 1999 antequam
2835 1928 3015 1994 ﬁeret,
3053 1932 3109 1985 et
3138 1944 3244 1999 per
3276 1929 3659 1999 Evangelium

2004 2022 2401 2089 posteaquam
2433 2015 2589 2073 facta
2628 2020 2737 2081 est,
2790 2018 3090 2073 credendo
3124 2017 3481 2082 dilexerunt,
3539 2018 3665 2073 dili-

2005 2105 2202 2177 gendo
2228 2106 2436 2162 imitati
2467 2110 2623 2161 sunt.
2651 2106 2764 2162 Sed
2791 2106 2918 2162 haec
2935 2107 3161 2177 justitia
3186 2107 3347 2172 ﬁdei,
3376 2107 3519 2179 quia
3543 2121 3667 2162 non

2006 2210 2115 2267 pro
2139 2196 2349 2257 merito
2380 2194 2521 2251 data
2546 2198 2635 2250 est
2663 2195 3033 2261 hominibus,
3064 2196 3172 2252 sed
3202 2212 3306 2267 pro
3331 2196 3671 2252 misericor-

2005 2284 2173 2341 diaet
2194 2285 2383 2354 gratia
2408 2284 2527 2347 Dei,
2551 2299 2671 2339 non
2693 2285 3140 2355 eratpopularis
3154 2291 3483 2358 antequam
3510 2287 3663 2339 Deus

2004 2373 2189 2429 homo
2220 2373 2368 2428 inter
2398 2372 2671 2428 homines
2703 2378 3064 2429 nasceretur.
3098 2373 3281 2429 Semen
3345 2379 3547 2430 autem
3573 2373 3661 2429 cui

2004 2464 2327 2534 promissum
2352 2469 2447 2525 est,
2482 2462 2771 2533 populum
2805 2462 3134 2531 signiﬁcat;
3170 2478 3290 2518 non
3321 2462 3458 2519 illos
3518 2478 3671 2533 pau-

2009 2552 2280 2607 cissimos
2293 2551 2396 2623 qui
2412 2550 2871 2605 revelationibus
2885 2566 3018 2607 eam
3047 2552 3306 2607 futuram
3335 2556 3666 2623 cernentes,

2006 2640 2288 2713 quamvis
2312 2655 2414 2710 per
2430 2639 2706 2695 eamdem
2724 2639 2870 2694 salvi
2890 2640 3119 2707 ﬁerent,
3147 2640 3438 2712 populum
3463 2647 3665 2696 tamen

2009 2729 2240 2786 salvum
2268 2727 2461 2784 facere
2500 2744 2621 2784 non
2655 2734 2946 2799 poterant.
2994 2730 3101 2794 Qui
3135 2729 3389 2801 populus
3417 2746 3582 2797 sane,
3618 2731 3669 2785 si

2010 2834 2115 2891 per
2140 2823 2327 2873 totum
2355 2817 2565 2873 orbem
2596 2816 3006 2872 consideretur
3037 2819 3204 2887 (nam
3254 2817 3329 2872 de
3362 2822 3483 2876 toto
3522 2818 3667 2874 orbe

2012 2906 2333 2963 Ecclesiam
2361 2905 2689 2961 Jerusalem
2717 2906 3017 2962 caaleetem
3043 2913 3367 2977 congregat
3395 2909 3463 2977 1).
3481 2908 3663 2979 pauci

2013 3000 2172 3062 sunt,
2200 2993 2346 3067 quia
2377 2995 2472 3049 via
2525 3001 2780 3063 angusta
2830 3011 3159 3065 paucorum
3192 3001 3280 3051 est.
3311 3014 3323 3051 :
3360 2996 3421 3051 in
3475 3012 3667 3052 unum

2013 3090 2213 3141 tamen
2245 3083 2608 3152 congregati,
2642 3088 2940 3155 quotquot
2970 3085 3222 3140 existere
3245 3091 3582 3156 potuerunt,
3600 3102 3673 3141 ex

2012 3189 2133 3246 quo
2167 3172 2551 3243 Evangelium
2577 3172 2955 3243 praedicatur,
2980 3178 3035 3228 et
3060 3179 3357 3246 quotquot
3388 3180 3669 3247 poterunt

2015 3277 2208 3334 usque
2230 3261 2289 3315 in
2319 3260 2501 3315 ﬁnem
2534 3260 2731 3315 saeculi
2758 3276 2862 3331 per
2890 3277 3099 3317 omnes
3132 3264 3674 3333 gentes,adjunctis

2016 3351 2130 3406 sibi
2158 3350 2337 3406 etiam
2385 3350 2516 3414 illis,
2550 3350 2826 3421 quamvis
2859 3351 3259 3422 paucissimis,
3315 3351 3419 3422 qui
3452 3368 3523 3406 ex
3554 3352 3671 3407 ﬁde

2020 3439 2276 3513 Domini,
2307 3438 2425 3493 ﬁde
2466 3440 2817 3510 prophetica
2856 3446 2895 3503 ³,
2945 3444 3079 3494 ante
3114 3441 3321 3495 ambos
3372 3439 3669 3495 adventus

2019 3531 2151 3601 ejus
2182 3528 2433 3583 salutem
2465 3528 2665 3595 gratim
2698 3533 3106 3599 perceperunt,
3140 3527 3391 3598 implent
3443 3532 3677 3584 sancto-

2016 3636 2152 3689 rum
2184 3617 2595 3673 beatissimum
2619 3616 2869 3671 civitatis
2892 3616 3270 3687 sempiternis
3305 3620 3545 3671 statum.
3572 3617 3675 3671 Su-

2012 3706 2309 3780 .perbienti
2340 3721 2481 3777 ergo
2510 3704 2733 3776 populo
2764 3704 2882 3760 Lex
2912 3705 3101 3776 posita
3132 3710 3240 3772 est,
3277 3710 3337 3760 ut
3380 3705 3673 3778 quoniam

2020 3798 2274 3868 gratiam
2314 3794 2620 3849 charitatis
2682 3794 2791 3849 nisi
2841 3793 3193 3861 humiliatus
3244 3795 3512 3865 accipere
3551 3809 3676 3850 non

2020 3889 2241 3957 posset,
2266 3889 2321 3938 et
2351 3882 2476 3938 sine
2501 3882 2611 3938 hac
2636 3882 2827 3951 gratia
2849 3881 3011 3937 nullo
3039 3882 3222 3937 modo
3254 3887 3554 3954 praecepta
3578 3883 3681 3938 Le-

2022 3975 2112 4045 gis
2142 3973 2432 4045 impleret,
2469 3972 2943 4041 transgressione
2965 3971 3399 4036 humiliaretur,
3426 3978 3488 4028 ut
3513 3987 3677 4044 quae-

2018 4069 2171 4120 reret
2196 4065 2470 4133 gratiam,
2494 4077 2605 4117 nec
2628 4077 2691 4117 se
2705 4063 2837 4116 suis
2857 4061 3079 4116 meritis
3096 4061 3329 4117 salvum
3347 4062 3495 4125 ﬁeri,
3514 4061 3677 4133 quod

2020 4152 2349 4225 superbum
2380 4158 2487 4217 est,
2516 4152 2894 4223 opinaretur;
2930 4156 3159 4207 utesset
3192 4167 3311 4207 non
3344 4152 3404 4205 in
3432 4167 3541 4206 sua
3572 4167 3680 4222 po-

2021 4246 2224 4298 testate
2273 4246 2327 4296 et
2358 4240 2581 4295 viribus
2607 4241 2827 4311 justus,
2876 4239 2979 4293 sed
3012 4239 3071 4293 in
3122 4255 3309 4294 manu
3340 4238 3677 4293 Mediatoris

2014 4330 2389 4402 justiﬁcantis
2408 4330 2682 4402 impium.
2717 4329 2824 4383 Per
2842 4328 3094 4398 Angelos
3114 4334 3315 4382 autem
3341 4326 3678 4384 ministrata

2019 4425 2106 4475 est
2134 4420 2331 4475 omnis
2382 4418 2747 4490 dispensatio
2781 4416 3003 4470 Veteris
3053 4414 3433 4479 Testamenti,
3467 4420 3678 4483 agente

2021 4508 2077 4565 in
2102 4509 2188 4563 eis
2216 4509 2433 4578 Spiritu
2464 4511 2688 4575 sancto,
2724 4509 2780 4558 et
2809 4504 2940 4575 ipso
2986 4504 3181 4557 Verbo
3208 4502 3497 4565 veritatis,
3528 4518 3679 4557 non-

2021 4601 2168 4653 dum
2208 4599 2542 4660 incarnato,
2576 4594 2680 4648 sed
2712 4608 3023 4663 nunquam
3068 4591 3146 4647 ab
3174 4591 3376 4662 aliqua
3422 4591 3679 4661 veridica

2023 4684 2537 4742 administratione
2568 4682 2903 4737 recedente.
2936 4680 3082 4746 Quia
3106 4696 3210 4752 per
3267 4680 3523 4750 Angelos
3564 4680 3681 4736 dis-

2026 4776 2218 4847 posita
2247 4779 2337 4829 est
2368 4772 2467 4828 illa
2514 4771 2882 4842 dispensatio
2938 4770 3125 4839 Legis,
3181 4786 3318 4825 cum
3348 4770 3677 4841 aliquando

2025 4861 2561 4935 suam,aliquando
2585 4862 2678 4916 Dei
2714 4875 3057 4932 personam,
3075 4860 3225 4915 sicut
3250 4861 3678 4931 PrOphetarum

2025 4954 2203 5008 etiam
2236 4969 2365 5008 mos
2398 4958 2506 5019 est,
2540 4956 2819 5020 agerent;
2849 4965 3068 5021 perque
3103 4949 3262 5005 illam
3282 4950 3496 5018 Legem
3524 4964 3682 5002 mor-

2027 5043 2136 5099 bos
2162 5041 2591 5103 ostendentem.
2628 5055 2747 5095 non
2775 5039 3164 5104 auferentem,
3197 5040 3377 5093 etiam
3404 5037 3683 5109 praevari-

2027 5133 2274 5186 cationis
2323 5130 2572 5184 crimine
2624 5129 2874 5183 contrita
2922 5134 3009 5182 est
3058 5127 3338 5197 superbia
3390 5141 3401 5174 τ
3454 5124 3685 5195 disposi-

2029 5226 2142 5274 tum
2198 5227 2272 5273 est
2332 5235 2431 5289 per
2472 5217 2703 5288 Angelos
2747 5233 2918 5271 semen
2966 5218 3023 5270 in
3070 5232 3231 5269 manu
3264 5218 3281 5248 ³
3340 5213 3681 5277 Mediatoris,

2032 5316 2094 5365 ut
2124 5308 2250 5379 ipse
2280 5308 2555 5363 liberaret
2584 5324 2619 5362 a
2651 5309 2926 5378 peccatis,
2967 5307 3093 5376 jam
3126 5320 3230 5375 per
3262 5304 3685 5373 transgressio-

2091 5527 2105 5555 ¹
2140 5523 2266 5571 Tres
2302 5522 2442 5581 Mss.,
2498 5521 2726 5570 Ecclesia
2757 5520 3038 5568 Jerusalem
3086 5520 3326 5568 caelestem
3377 5525 3675 5583 congregat.

2032 5587 2195 5643 Unus,
2234 5585 2458 5633 Ecclesia
2489 5585 2545 5633 in
2573 5584 2851 5632 Jerusalem
2882 5584 3119 5631 caelestem
3147 5588 3499 5645 congregatur.

2091 5654 2109 5681 ²
2134 5650 2220 5698 Sic
2240 5649 2360 5696 Mss.
2402 5652 2465 5696 At
2494 5648 2640 5703 Lov,,
2674 5661 2733 5695 ex
2761 5646 2857 5707 ﬁde
2885 5646 3098 5693 Domini
3122 5661 3213 5707 per
3243 5646 3586 5707 prophetiam.

2095 5712 2112 5739 ³
2142 5712 2224 5761 Sic
2244 5710 2419 5775 plures
2446 5710 2570 5760 Mss.
2602 5711 2668 5758 At
2700 5708 2843 5767 editi,
2869 5723 2959 5770 per
2986 5710 3225 5771 Angelos,
3249 5709 3334 5757 sed
3366 5709 3421 5758 in
3443 5725 3622 5763 manu.

2880 5798 3337 5872 (Soixante—sept
3351 5799 3396 5881 .)
