4120 6202
566 196 705 252 2123

553 340 693 383 nem
726 320 892 392 Legis
925 319 1164 375 coactos
1184 312 1452 369 conﬁteri
1482 327 1634 383 opus
1666 310 1777 365 sibi
1801 325 1927 365 esse
1949 308 2200 379 gratiam

548 419 603 471 et
632 407 1103 470 misericordiam
1135 402 1390 468 Domini,
1442 406 1504 457 ut
1530 399 1645 454 sibi
1672 403 1919 470 peccata
1943 398 2209 471 dimitte-j

545 507 771 568 rentur,
796 505 851 556 et
876 498 935 553 in
958 511 1119 552 nova
1142 493 1260 548 vita
1289 507 1392 563 per
1423 504 1581 553 eum,
1607 487 1715 559 qui
1746 502 1856 559 pro
1877 502 1939 542 se
1967 484 2207 568 sangui-J

548 608 690 650 nem
720 588 988 654 fudisset,
1020 580 1545 640 reconciliarentur
1576 579 1717 633 Deo.

617 713 706 763 23.
739 706 844 768 [lb.
874 720 952 773 ιιι,
986 704 1075 766 2t,
1108 697 1218 767 22.]
1258 700 1321 750 1n
1353 694 1477 750 istis
1507 693 1668 748 enim
1715 696 1843 747 erat
1883 706 1990 762 per
2015 695 2208 769 transui

547 797 914 871 gressionem
947 790 1117 859 Legis
1141 782 1577 853 confringenda
1606 781 1907 871 superbia,
1950 794 2055 871 qui
2079 778 2204 847 glo-

547 868 768 943 riantes
782 884 854 938 de
868 884 1035 952 patre
1054 875 1374 939 Abraham,
1402 871 1576 965 quasi
1596 868 1931 965 naturalem
1947 884 2008 922 se
2019 868 2240 965 jacta-g‘

546 971 929 1033 banthabere
937 966 1247 1038 justitiam,
1265 961 1541 1018 etmerita
1562 959 1742 1015 suain
1755 958 2201 1014 circumcisione

546 1061 775 1121 caeteris
787 1058 1061 1130 gentibus
1077 1059 1243 1109 tanto
1257 1050 1835 1123 perniciosius,quan
1845 1052 1899 1103 to
1921 1060 2202 1116 arrogan-
2224 1050 2238 1126 ξ

547 1153 665 1209 tius
687 1146 1104 1222 praeferebant,
1133 1144 1346 1198 Gentes
1361 1144 1561 1195 autem
1578 1136 1858 1194 facillime
1878 1138 2058 1191 etiam
2077 1136 2201 1190 sine

546 1237 900 1312 hujusmodi
953 1234 1123 1303 Legis
1188 1228 1658 1300 transgressione
1711 1225 2193 1284 humiliarentur.

548 1330 830 1387 Homines
855 1325 1016 1381 enim
1042 1321 1271 1377 nullam
1303 1334 1375 1375 ex
1404 1316 1751 1389 parentibus
1779 1315 2068 1384 originem
2082 1314 2203 1384 jus-

546 1419 689 1477 titiae
720 1433 781 1472 se
805 1414 1033 1471 trahere
1064 1409 1480 1483 praevidentes,
1537 1405 1994 1460 simulacrorum
2019 1404 2202 1459 etiam

546 1524 750 1565 servos
779 1502 999 1559 invenit
1036 1498 1387 1568 evangelica
1418 1495 1630 1565 gratia.
1662 1497 1789 1549 Non
1819 1492 1998 1563 enim,
2049 1492 2204 1548 sicut

546 1599 670 1654 istis
702 1595 813 1650 dici
844 1595 1073 1664 poterat
1102 1603 1225 1644 non
1254 1586 1436 1641 fuisse
1462 1584 1625 1641 illam
1650 1582 1947 1655 justitiam
1987 1597 2203 1653 paren-

548 1692 672 1742 tum
708 1697 917 1739 eorum
945 1680 1005 1735 in
1054 1676 1317 1733 colendis
1348 1674 1541 1739 idolis,
1574 1688 1761 1744 quam
1791 1687 1918 1727 esse
1949 1672 2205 1727 arbitra-

544 1775 786 1836 bantur,
816 1772 898 1825 ita
928 1769 1106 1824 etiam
1136 1765 1354 1821 Judaeis
1380 1763 1495 1818 dici
1521 1767 1753 1834 poterat
1776 1761 1984 1816 falsam
2018 1760 2201 1817 fuisse

544 1863 832 1936 justitiam
854 1858 1040 1931 patris
1060 1855 1386 1911 Abraham.
1419 1854 1622 1923 Itaque
1644 1851 1754 1906 illis
1771 1850 1989 1905 dicitur
2012 1867 2025 1906 :
2055 1871 2077 1899 ι
2104 1852 2203 1906 Fa-

547 1955 662 2009 cite
681 1966 823 2020 ergo
841 1948 1096 2004 fructum
1119 1944 1369 2014 dignum
1393 1942 1792 2013 paenitentiae:
1822 1944 1877 1995 et
1899 1954 1973 1994 ne
1986 1939 2202 1994 dixeri-

550 2043 623 2097 tis
654 2040 845 2104 vobis,
902 2041 1133 2093 Patrem
1171 2034 1468 2088 habemus
1515 2029 1841 2086 Abraham.
1875 2032 2085 2085 Potens
2113 2032 2201 2085 est

550 2131 708 2187 enim
754 2131 909 2183 Deus
937 2126 1010 2181 de
1041 2122 1344 2194 lapidibus
1379 2121 1501 2176 istis
1532 2120 1815 2175 suscitare
1840 2118 1992 2174 ﬁlios
2017 2118 2201 2175 Abra-

546 2222 693 2277 ham
725 2241 745 2268 ι
781 2215 1000 2289 (Matth.
1029 2227 1116 2281 ιιι,
1145 2216 1196 2279 8,
1228 2212 1302 2284 9).
1328 2209 1458 2266 lstis
1483 2216 1684 2266 autem
1699 2206 1916 2264 dicitur
1938 2224 1953 2264 :
1977 2209 2200 2281 «Prop-

546 2314 635 2366 ter
654 2307 819 2382 quod
844 2316 1141 2361 memores
1166 2302 1304 2358 estis
1328 2299 1475 2372 quia
1492 2314 1598 2354 vos
1624 2297 1951 2369 aliquando
1978 2298 2199 2356 Gentes

546 2399 608 2454 in
621 2413 819 2462 carne,
837 2395 941 2468 qui
958 2391 1227 2449 dicimini
1252 2389 1610 2462 praeputium
1626 2388 1704 2445 ab
1730 2403 1802 2443 ea
1825 2403 1960 2460 quas
1986 2387 2199 2443 dicitur

538 2485 921 2543 circumcisio
968 2485 1029 2538 in
1078 2496 1261 2537 carne
1312 2494 1500 2535 manu
1528 2477 1705 2543 facta,
1738 2477 1839 2549 qui
1871 2478 2047 2533 eratis
2100 2477 2198 2534 illo

546 2581 812 2646 tempore
845 2573 975 2628 sine
1007 2570 1256 2632 Christo,
1284 2566 1526 2624 alienati
1550 2582 1586 2622 a
1611 2567 1892 2622 societate
1919 2565 2114 2631 Israel,
2145 2572 2200 2622 et

546 2663 839 2736 peregrini
871 2663 1386 2721 testamentorum,
1420 2655 1835 2726 promissionis
1868 2669 2035 2726 spem
2076 2671 2198 2711 non

544 2753 858 2818 habentes,
891 2756 947 2806 et
981 2750 1106 2804 sine
1136 2748 1255 2801 Deo
1284 2744 1344 2799 in
1373 2745 1489 2799 hoc
1535 2744 1767 2799 mundo
1792 2765 1817 2795 ν
1869 2744 2088 2815 (Ephes.
2136 2760 2194 2810 ιι,

547 2848 633 2909 tl,
662 2845 773 2910 l2).
807 2861 835 2891 «
864 2838 1131 2908 Denique
1157 2835 1272 2891 illic
1292 2832 1564 2888 inﬁdeles
1591 2833 1664 2888 de
1695 2833 1852 2889 oliva
1874 2849 1983 2890 sua
2006 2833 2195 2899 fracti,

542 2932 638 2986 hic
669 2934 872 2985 autem
918 2925 1125 2981 fideles
1180 2923 1254 2979 de
1282 2923 1537 2978 oleastro
1582 2922 1642 2977 in
1691 2922 1912 2979 olivam
1959 2922 2198 2978 illorum

542 3020 745 3075 inserti
770 3033 902 3073 esse
932 3018 1339 3071 monstrantur
1366 3012 1537 3084 (Rom.
1562 3028 1639 3079 ιιι,
1664 3014 1769 3081 17).
1798 3012 2040 3067 Illorum
2057 3028 2196 3083 ergo

542 3114 669 3165 erat
693 3109 767 3164 de
821 3107 991 3175 Legis
1045 3103 1513 3172 transgressione
1543 3101 1851 3158 atterenda
1880 3102 2189 3174 superbia.

544 3199 701 3255 Sicut
714 3198 791 3254 ad
815 3200 1115 3252 Romanos
1130 3210 1265 3248 cum
1281 3191 1719 3263 Scripturarum
1743 3191 1938 3247 verbis
1951 3199 2200 3263 peccata

541 3304 749 3344 eorum
780 3289 1220 3355 exaggerasset,
1252 3281 1415 3336 Scitis
1445 3288 1644 3345 autem,
1694 3281 1903 3352 inquit,
1945 3282 2197 3351 quoniam

539 3392 875 3448 quazcumque
900 3375 1015 3429 Lex
1040 3373 1196 3441 dicit,
1230 3372 1309 3426 his
1330 3372 1423 3441 qui
1454 3371 1511 3424 in
1536 3372 1669 3441 Lege
1695 3376 1820 3424 sunt
1847 3369 2108 3439 loquitur,
2138 3376 2196 3425 ut

538 3483 686 3522 omne
714 3484 769 3521 os
787 3464 1123 3530 obstruatur,
1151 3468 1201 3531 et
1225 3476 1349 3515 reus
1368 3460 1464 3530 ﬁat
1489 3459 1666 3514 omnis
1688 3458 1916 3514 mundus
1950 3458 2188 3529 Deo(Id.

536 3574 617 3621 ιιι,
658 3558 744 3627 19)
779 3572 790 3611 :
823 3552 1012 3610 Judaei
1044 3550 1269 3606 scilicet
1297 3550 1370 3605 de
1425 3549 1894 3619 transgressione
1925 3549 2112 3619 Legis,
2141 3554 2198 3605 et

542 3645 756 3702 Gentes
787 3645 861 3699 de
892 3641 1198 3715 impietate
1220 3640 1345 3694 sine
1375 3640 1541 3709 Lege.
1567 3637 1729 3692 Unde
1748 3643 1802 3692 et
1822 3638 2038 3693 iterum
2066 3637 2151 3694 ait
2180 3653 2193 3693 :

541 3736 818 3791 Conclusit
845 3734 985 3787 enim
1020 3731 1163 3785 Deus
1187 3730 1373 3785 omnia
1388 3728 1448 3782 in
1474 3726 1928 3792 incredulitatem,
1950 3734 2010 3781 ut
2028 3727 2198 3781 omni-

542 3822 635 3877 bus
662 3826 985 3877 misereatur
1012 3818 1121 3890 (Id.
1162 3834 1241 3884 ιιι,
1276 3817 1386 3887 32).
1419 3818 1536 3871 Hoc
1567 3821 1623 3871 et
1652 3831 1810 3871 nunc
1846 3814 2007 3880 dicit,
2037 3816 2197 3871 refri-

540 3927 686 3966 cans
716 3912 914 3981 ipsam
943 3907 1332 3979 quaestionem
1358 3906 1506 3959 :Lem
1521 3920 1648 3976 ergo
1668 3905 2198 3977 adversuspromissa

538 3998 679 4055 Dei?
703 3997 880 4052 Absit.
912 3996 976 4051 Si
1001 3996 1140 4050 enim
1172 3994 1299 4049 data
1325 4001 1460 4049 esset
1486 3996 1599 4048 Lex
1619 4012 1734 4065 qum
1760 4004 1930 4065 posset
1956 3997 2198 4068 viviﬁca-

537 4104 618 4153 γε,
646 4087 861 4141 omnino
891 4087 1105 4155 exLege
1129 4092 1253 4138 esset
1275 4083 1519 4153 justitia.
1548 4084 1657 4139 Sed
1670 4084 1927 4140 conclusit
1953 4085 2197 4158 Scriptu-

533 4186 604 4233 ra
631 4178 815 4232 omnia
841 4175 938 4231 sub
958 4180 1192 4245 peccato,
1222 4179 1283 4227 ut
1308 4173 1592 4244 promissio
1617 4188 1683 4228 ea:
1708 4174 1811 4244 fide
1829 4176 1956 4229 Jesu
1985 4176 2197 4232 Christi

534 4267 764 4324 daretur
792 4264 1146 4321 credentibus.
1182 4266 1308 4319 Non
1356 4277 1499 4331 ergo
1530 4262 1647 4317 Lex
1678 4263 1822 4319 dota
1848 4268 1934 4319 est
1966 4270 2027 4319 ut
2064 4280 2198 4337 pec-

537 4362 739 4416 catum
761 4355 1036 4423 auferret,
1070 4353 1174 4409 sed
1215 4358 1277 4409 ut
1307 4351 1417 4407 sub
1448 4356 1696 4424 peccato
1726 4352 1929 4408 omnia
1958 4354 2198 4409 conclu-

536 4449 720 4505 deret.
754 4448 871 4502 Lex
900 4445 1060 4500 enim
1108 4441 1463 4499 ostendebat
1493 4458 1626 4497 esse
1656 4447 1998 4514 peccatum,
2029 4443 2196 4514 quod

537 4538 619 4594 illi
645 4553 749 4609 per
779 4533 1278 4592 consuetudinem
1306 4532 1529 4598 caecati,
1567 4537 1811 4603 possent
1837 4537 2044 4603 putare
2067 4532 2198 4603 jus-

539 4629 729 4684 titiam
763 4643 777 4681 :
809 4630 870 4681 ut
898 4625 1010 4681 hoc
1039 4623 1220 4679 modo
1266 4620 1585 4690 humiliati,
1619 4627 2045 4692 cognoscerent
2075 4637 2198 4678 non

538 4718 601 4773 in
632 4728 741 4772 sua
769 4731 949 4771 manu
974 4730 1100 4769 esse
1128 4712 1381 4768 salutem
1408 4729 1604 4781 suam,
1640 4712 1745 4767 sed
1778 4712 1836 4767 in
1864 4726 2051 4767 manu
2083 4714 2193 4768 Me.

540 4804 806 4861 diatoris.
839 4804 1091 4859 Maxime
1133 4804 1359 4873 quippe
1388 4800 1694 4857 humilitas
1734 4806 1994 4867 revocat,
2038 4802 2197 4857 unde

540 4909 651 4950 nos
681 4893 893 4963 dejecit
922 4892 1221 4963 superbia.
1256 4894 1321 4946 Et
1351 4891 1484 4961 ipsa
1512 4889 1819 4946 humilitas
1851 4896 1940 4946 est
1969 4907 2197 4947 accom-

540 4982 786 5039 modata
812 4981 1211 5053 percipiendae
1244 4980 1446 5049 gratiae
1480 4978 1708 5047 Christi,
1741 4979 1843 5051 qui
1895 4980 2195 5051 singulare

537 5071 890 5129 humilitatis
924 5069 1285 5143 exemplum
1303 5073 1416 5125 est.

609 5196 699 5247 26.
739 5190 846 5263 [1b.
874 5206 953 5260 ιιι,
979 5186 1095 5261 23.]
1127 5190 1241 5243 Nec
1289 5188 1617 5259 quisquam
1649 5186 1744 5242 hic
1776 5192 1896 5243 tam
1926 5187 2195 5260 imperite

536 5279 743 5337 dixerit
767 5299 778 5331 :
815 5282 931 5336 Cur
956 5295 1097 5350 ergo
1124 5293 1244 5333 non
1260 5276 1479 5349 profuit
1499 5276 1739 5343 Judmis,
1772 5276 1934 5349 quod
1954 5294 2058 5349 per
2082 5281 2195 5333 An-

535 5371 699 5439 gelos
730 5371 947 5439 Legem
980 5370 1402 5433 ministrantes,
1429 5367 1488 5421 in
1513 5382 1698 5422 manu
1718 5366 2052 5422 Mediatoris
2081 5368 2195 5422 dis-

534 5460 714 5527 positi
736 5466 874 5513 sunt
890 5456 915 5503 7
942 5458 1161 5514 Profuit
1180 5458 1360 5521 enim,
1381 5461 1677 5527 quantum
1698 5457 1813 5511 dici
1831 5472 1953 5511 non
1976 5462 2191 5528 potest.

536 5546 679 5609 Quae
728 5547 888 5601 enim
921 5546 1197 5604 Gentium
1252 5546 1523 5602 Ecclesiae
1575 5546 1949 5603 venditarum
1990 5562 2193 5604 rerum

534 5648 782 5688 suarum
816 5636 1003 5704 pretia
1031 5638 1109 5693 ad
1140 5638 1320 5709 pedes
1373 5636 1795 5708 Apostolorum
1840 5640 2184 5709 posuerunt,

536 5719 701 5795 quod
718 5724 799 5779 tot
824 5722 1005 5779 millia
1029 5726 1336 5781 hominum
1356 5730 1475 5782 tam
1501 5733 1739 5798 repente
1758 5727 2022 5783 fecerunt
2044 5727 2189 5799 (Act.

1549 180 1931 239 EPISTUL/E
1969 181 2063 236 AD
2104 174 2457 246 GALATAS,
2502 179 2565 234 s.
2603 160 2984 234 AUGUSTINI

3792 180 3895 248 ξω

2321 323 2401 373 1v,
2431 305 2521 376 34)
2542 304 2570 359 ‘t
2598 307 2713 361 Nec
2746 304 2935 360 turbae
2962 303 3297 361 inﬁdelium
3327 308 3753 368 considerandae
3773 320 3900 371 sunt:

2319 393 2520 451 omnis
2550 394 2711 449 enim
2743 408 2882 449 area
2900 392 3104 448 multis
3132 395 3400 466 partibus
3422 398 3745 469 ampliorem
3761 402 3899 460 habet

2318 482 2580 555 paleam,
2611 497 2798 554 quam
2818 480 3213 539 frumentum.
3242 484 3402 541 Unde
3433 492 3623 544 autem
3649 489 3803 546 etiam
3828 492 3902 549 illa

2319 571 2591 643 ejusdem
2623 569 2881 642 apostoli
2904 573 3084 628 verba
3118 573 3197 628 ad
3229 576 3543 647 Romanos,
3567 576 3672 632 nisi
3692 578 3758 634 de
3775 596 3903 637 sane

2319 660 2639 717 tiﬁcatione
2660 659 3007 715 Judaeorum
3034 659 3064 713 ‘1’
3095 660 3239 726 Quid
3258 679 3379 735 ergo
3400 664 3429 717 ‘l
3480 666 3723 737 numquid
3744 670 3907 739 repulit

2318 750 2461 805 Deus
2483 749 2681 820 plebem
2706 765 2863 803 suam
2890 748 2916 803 ‘t
2947 748 3129 805 Absit.
3171 751 3314 807 Nam
3346 760 3393 807 et
3421 753 3531 824 Ego
3550 754 3783 811 Israelita
3819 774 3907 812 sum

2317 855 2395 894 ea:
2422 839 2622 893 semine
2669 837 2969 908 Abraham,
3003 838 3065 893 de
3100 840 3253 895 tribu
3282 842 3583 913 Benjamin.
3616 843 3727 901 Non
3747 846 3907 917 repulit

2315 929 2466 987 Deus
2493 928 2691 999 plebem
2717 943 2895 993 suam,
2945 944 3104 999 quam
3153 932 3433 1000 praesciuit
3480 932 3650 1003 (Rom.
3678 950 3748 999 xi,
3774 936 3815 1003 1,
3839 936 3903 1007 2).

2317 1020 2465 1091 Cum
2486 1022 2689 1073 autem
2709 1015 2985 1072 laudaret
3005 1032 3128 1089 prae
3158 1021 3386 1076 caeteris
3413 1019 3673 1077 Ecclesiis
3691 1023 3909 1080 Gentium

2316 1106 2639 1162 Ecclesiam
2684 1104 3339 1175 Thessalonicensium,
3373 1110 3595 1165 similes
3633 1127 3725 1167 eos
3765 1110 3910 1169 factos

2315 1195 2680 1253 aitEcclesiis
2699 1193 2973 1250 Gentium
2992 1195 3319 1252 Ecclesiam
3339 1197 3909 1269 Thessalonicensium,

2316 1285 2540 1341 similes
2570 1299 2671 1339 eos
2702 1282 2891 1339 factos
2924 1284 3004 1339 ait
3035 1284 3307 1341 Ecclesiis
3329 1285 3586 1355 Judseae;
3617 1288 3747 1361 quia
3771 1289 3912 1345 multa

2315 1391 2352 1432 a
2376 1372 2811 1430 contribulibus
2838 1373 2962 1427 suis
2988 1389 3098 1445 pro
3131 1374 3248 1431 ﬁde
3274 1376 3439 1447 passi
3456 1383 3636 1449 erant,
3659 1379 3912 1450 quomodo

2315 1470 2372 1520 et
2394 1463 2473 1519 illi
2503 1461 2725 1518 Iudaeis
2751 1463 2796 1535 (Ι
2824 1462 3001 1517 Thess.
3028 1478 3091 1531 ιι,
3126 1464 3234 1535 lli).
3259 1466 3404 1521 Hinc
3426 1470 3589 1537 estjet
3612 1467 3760 1535 illud,
3785 1467 3912 1539 quod

2314 1552 2496 1626 paulo
2516 1557 2653 1609 ante
2692 1552 3188 1619 commemoravi,
3222 1555 3389 1625 quod
3422 1555 3503 1611 ait
3531 1556 3607 1611 ad
3638 1558 3912 1612 Romanos:

2314 1642 2385 1699 Si
2408 1643 2549 1697 enim
2575 1640 2957 1712 spiritualibus
2984 1657 3167 1696 eorum
3217 1645 3727 1701 communicaverunt
3750 1644 3916 1710 Gentes,

2313 1730 2499 1786 debent
2521 1737 2569 1786 et
2596 1731 2657 1785 in
2679 1729 2989 1785 carnalibus
3014 1731 3340 1787 ministrare
3391 1733 3471 1788 eis
3502 1735 3671 1805 (Rom.
3720 1750 3805 1798 xv,
3828 1733 3913 1803 27).

2313 1823 2395 1877 De
2440 1820 2589 1893 ipsis
2633 1834 2775 1889 ergo
2803 1818 3023 1874 Judaeis
3079 1821 3261 1876 etiam
3312 1828 3725 1894 consequenter
3751 1822 3868 1879 dicit
3903 1840 3912 1877 :

2312 1910 2482 1965 Prius
2498 1914 2674 1965 autem
2685 1924 2843 1979 quam
2860 1908 3067 1963 veniret
3081 1909 3235 1979 ﬁdes,
3250 1910 3345 1966 sub
3367 1911 3495 1982 Lege
3519 1911 3916 1975 custodiebamur,

2310 1999 2555 2056 conclusi
2584 2000 2643 2053 in
2671 2015 2785 2053 eam
2804 1997 2980 2069 ﬁdem,
3010 2014 3127 2069 quea
3140 2006 3327 2070 postea
3350 2000 3585 2056 revelata
3610 2007 3697 2057 est.
3720 2000 3917 2057 Utenim

2313 2093 2437 2145 tam
2448 2088 3071 2161 propeinvenirentur,
3088 2093 3146 2143 et
3159 2094 3282 2145 tam
3295 2089 3375 2145 de
3390 2090 3655 2162 proximo
3679 2090 3747 2147 ad
3770 2092 3917 2146 Deum

2311 2178 2566 2235 venditis
2596 2177 2719 2233 suis
2745 2176 2926 2233 rebus
2958 2176 3323 2244 accederent,
3386 2182 3551 2252 quod
3583 2180 3833 2237 Dominus
3853 2179 3918 2235 eis

2311 2267 2598 2341 praecepit
2636 2266 2741 2339 qui
2770 2264 2989 2323 vellent
3039 2282 3167 2323 esse
3190 2267 3434 2339 perfecti
3464 2268 3676 2342 (Matth.
3702 2285 3806 2339 nx,
3829 2268 3916 2339 9t).

2312 2359 2463 2427 Lege
2488 2358 2625 2430 ipsa
2680 2356 2906 2412 factum
2960 2361 3074 2425 est,
3124 2357 3238 2413 sub
3281 2373 3417 2429 qua
3470 2358 3915 2425 custodiebantur,

2308 2446 2542 2502 conclusi
2570 2447 2632 2500 in
2658 2462 2774 2500 eam
2789 2444 2967 2517 ﬁdem,
3000 2445 3058 2500 id
3089 2450 3178 2503 est
3209 2446 3272 2502 in
3304 2447 3632 2505 adventum
3656 2449 3770 2519 ejus
3793 2446 3911 2510 ﬁdei,

2308 2552 2431 2609 qum
2454 2543 2635 2607 postea
2659 2535 2902 2591 revelata
2929 2541 3004 2590 est
3035 2550 3055 2591 :
3087 2536 3406 2594 conclusio
3428 2538 3587 2594 enim
3616 2552 3797 2594 eorum
3822 2537 3914 2591 erat

2310 2630 2437 2682 tum
2460 2626 2638 2681 timor
2659 2625 2836 2681 unius
2851 2624 2970 2681 Dei.
2987 2624 3054 2681 Et
3083 2625 3254 2697 quod
3276 2627 3754 2698 praevaricatores
3771 2623 3917 2697 ipsius

2310 2714 2481 2786 Legis
2507 2714 2732 2771 inventi
2762 2719 2920 2781 sunt,
2953 2729 3076 2770 non
3106 2713 3185 2769 ad
3204 2715 3542 2786 perniciem
3564 2756 3578 2783 ,
3596 2714 3693 2771 sed
3719 2715 3786 2770 ad
3799 2711 3917 2768 utili-

2309 2809 2493 2861 tatem
2546 2804 2731 2860 valuit
2776 2803 2860 2858 eis
2888 2803 2994 2875 qui
3052 2803 3443 2862 crediderunt
3476 2822 3491 2862 :
3524 2804 3771 2875 cognitio
3792 2802 3915 2858 enim

2310 2894 2551 2967 majoris
2590 2891 2983 2963 aegritudinis,
3018 2895 3077 2947 et
3103 2892 3440 2951 desiderari
3473 2895 3761 2951 medicum
3786 2890 3916 2945 velis»

2309 2984 2569 3040 mentius
2597 2982 2749 3049 fecit,
2778 2987 2832 3037 et
2857 2981 3022 3052 diligi
3048 2981 3391 3041 ardentius.
3454 2983 3560 3041 Cui
3596 2983 3741 3039 enim
3778 2977 3917 3053 pluri-

2309 3089 2477 3128 mum
2509 3072 2839 3136 dimittitur,
2865 3070 3189 3142 plurimum
3221 3070 3425 3143 diligit
3442 3073 3593 3145 (Luc.
3620 3088 3708 3136 vn,
3734 3070 3810 3135 43,
3830 3068 3913 3137 47).

2379 3162 2468 3216 27.
2524 3161 2631 3227 [1b.
2664 3176 2741 3227 ιιι,
2772 3161 2979 3225 24ι-27.]
3010 3159 3202 3231 Itaque
3231 3160 3370 3230 Lean,
3424 3162 3628 3235 inquit,
3655 3158 3917 3231 paedagogus

2307 3258 2486 3306 noster
2525 3251 2637 3321 fuit
2665 3250 2725 3304 in
2751 3249 2972 3305 Christo
2992 3266 3013 3302 .·
3039 3248 3152 3304 hoc
3196 3254 3303 3313 est,
3342 3251 3512 3322 quod
3543 3252 3637 3316 ait,
3686 3247 3779 3304 Sub
3812 3247 3916 3315 Lege

2307 3339 2735 3395 custodiebamur
2745 3337 2979 3393 conclusi
2988 3338 3049 3393 in
3075 3354 3143 3394 ea
3167 3337 3472 3409 (Galatau,
3493 3340 3606 3409 23).
3624 3338 3916 3407 Posteaquam

2300 3429 2453 3493 penit
2482 3428 2630 3499 ﬁdes,
2653 3428 2770 3497 jam
2814 3444 2920 3482 non
2946 3443 3127 3484 sumus
3178 3426 3273 3482 sub
3312 3429 3629 3501 padagogo.
3680 3430 3777 3483 Eos
3803 3438 3912 3493 ergo

2308 3534 2469 3574 nunc
2483 3516 2882 3589 reprehendit,
2898 3516 3002 3589 qui
3014 3516 3241 3573 faciunt
3254 3517 3487 3575 irritam
3511 3517 3751 3589 gratiam
3764 3514 3917 3570 Chris-

2311 3608 2351 3661 ti
2382 3623 2393 3660 :
2425 3604 2603 3677 quasi
2650 3604 2812 3661 enim
2871 3605 3142 3661 nondum
3180 3606 3441 3674 venerit,
3489 3606 3590 3679 qui
3620 3607 3830 3662 vocaret
3868 3602 3914 3654 in

2306 3695 2661 3763 libertatem,
2689 3695 2770 3749 sic
2797 3694 2996 3751 adhuc
3028 3694 3237 3750 volunt
3266 3710 3406 3752 esse
3454 3696 3566 3753 sub
3604 3693 3910 3768 paedagogo.

2310 3784 2483 3851 Quod
2511 3790 2712 3841 autem
2737 3784 2889 3840 ﬁlios
2921 3783 3021 3839 Dei
3048 3783 3191 3840 dicit
3219 3800 3361 3842 esse
3403 3801 3615 3843 omnes
3644 3799 3742 3857 per
3757 3781 3919 3841 ﬁdem,

2309 3875 2454 3947 quia
2482 3875 2800 3930 induerunt
2839 3873 3161 3939 Christum,
3218 3874 3595 3948 quicumque
3633 3873 3690 3929 in
3736 3870 3917 3927 Christo

2307 3964 2596 4036 baptizati
2623 3967 2761 4018 sunt
2792 3980 2811 4035 ;
2843 3961 2921 4018 ad
2947 3961 3062 4018 hoc
3116 3961 3294 4028 valet,
3324 3979 3402 4020 ne
3433 3966 3640 4021 Gentes
3670 3963 3739 4020 de
3757 3958 3919 4016 sedes-

2300 4058 2599 4126 .perarent,
2623 4052 2764 4124 quia
2795 4067 2919 4108 non
2944 4052 3447 4110 custodiebantur
3478 4054 3591 4109 sub
3616 4050 3915 4124 paedagoga.

2307 4148 2366 4200 et
2412 4142 2547 4199 ideo
2578 4156 2641 4196 se
2679 4140 2831 4198 filios
2862 4156 2985 4198 non
3038 4146 3325 4213 putarent
3359 4159 3376 4199 :
3408 4142 3516 4200 sed
3547 4157 3649 4214 per
3676 4138 3835 4197 ﬁdem
3856 4133 3919 4190 in-

2309 4230 2551 4287 duendo
2581 4229 2897 4301 Christum,
2941 4245 3149 4286 omnes
3193 4228 3349 4287 ﬁunt
3376 4231 3482 4287 ﬁlii
3528 4249 3542 4299 ;
3582 4244 3695 4286 non
3731 4230 3916 4285 natura.

2311 4322 2465 4377 sicut
2497 4320 2708 4377 unicus
2754 4319 2950 4384 Filius,
3000 4319 3102 4390 qui
3142 4321 3326 4377 etiam
3361 4317 3663 4392 Sapientia
3694 4316 3784 4373 Dei
3818 4315 3921 4376 est;

2309 4426 2504 4484 neque
2542 4409 2936 4482 praepotentia
2964 4413 3022 4465 et
3070 4407 3484 4479 singularitate
3536 4410 3553 4445 ί
3584 4399 3922 4477 susceptionis

2310 4501 2389 4557 ad
2410 4498 2757 4557 habendam
2770 4497 3116 4556 naturaliter
3126 4503 3183 4555 et
3198 4498 3506 4568 agendam
3528 4507 3828 4571 personam
3846 4490 3923 4546 Sa.-

2309 4589 2569 4662 pientiaa,
2596 4589 2749 4645 sicut
2777 4588 2905 4661 ipse
2930 4588 3217 4645 Mediator
3244 4603 3441 4645 unum
3471 4603 3614 4644 cum
3638 4587 3761 4659 ipsa
3778 4576 3925 4637 susci-

2309 4679 2507 4752 piente
2526 4679 2827 4750 Sapientia
2848 4678 2972 4734 sine
2996 4676 3448 4749 interpositione
3475 4675 3726 4747 alicujus
3742 4666 3921 4727 media-

2309 4768 2455 4825 toris
2482 4767 2729 4824 effectus
2764 4767 2907 4824 :sed
2934 4766 3037 4823 ﬁlii
3067 4767 3221 4823 ﬁunt
3248 4766 3710 4840 participatione
3733 4759 3925 4832 sapien-

2308 4859 2420 4925 tiai,
2449 4858 2510 4914 id
2534 4863 2912 4929 praeparante
2927 4862 3105 4930 atque
3120 4861 3448 4929 praestante
3460 4852 3782 4914 Mediatoris
3798 4846 3892 4904 ﬁde
3909 4857 3920 4897 :

2307 4964 2495 5020 quam
2532 4947 2672 5003 ﬁdei
2701 4946 2957 5018 gratiam
3003 4962 3164 5003 nunc
3193 4946 3621 5003 indumentum
3658 4942 3829 5003 vocat,
3875 4936 3923 4989 ut

2306 5037 2605 5093 Christum
2654 5036 2849 5092 induti
2881 5036 3017 5107 sint,
3050 5036 3155 5108 qui
3182 5036 3244 5092 in
3274 5051 3419 5092 eum
3449 5031 3835 5091 crediderunt,
3877 5023 3922 5075 et

2306 5126 2443 5182 ideo
2459 5126 2561 5181 ﬁlii
2592 5127 2692 5182 Dei
2707 5125 3041 5198 fratresque
3063 5125 3191 5197 ejus
3203 5124 3546 5182 Mediatoris
3582 5117 3767 5178 eﬁecti
3791 5116 3919 5170 sunt.

2375 5219 2467 5274 28.
2502 5216 2603 5287 [1b.
2636 5232 2716 5282 ιιι,
2748 5219 2836 5281 28,
2865 5214 2981 5288 29.]
3010 5215 3075 5270 In
3101 5230 3225 5287 qua
3255 5213 3374 5270 ﬁde
3406 5228 3534 5269 non
3571 5216 3661 5267 est
3678 5201 3919 5264 distantia

2302 5306 2512 5373 Judaei,
2528 5320 2723 5378 neque
2737 5305 2939 5370 Graeci,
2961 5319 3082 5360 non
3097 5305 3249 5360 servi
3268 5300 3671 5375 nequeliberi,
3694 5309 3801 5353 non
3819 5303 3918 5348 ma‘

2305 5395 2453 5451 sculi
2466 5401 2519 5451 et
2533 5394 2858 5453 feminaazin
2870 5398 3166 5467 quantum
3180 5393 3338 5450 enim
3353 5406 3569 5447 omnes
3583 5386 3771 5444 ﬁdeles
3786 5381 3916 5440 sunt»

2304 5500 2515 5542 omnes
2530 5499 2719 5540 unum
2731 5489 2868 5540 sunt
2880 5485 2942 5540 in
2954 5482 3185 5541 Christo
3195 5483 3224 5538 Ι
3230 5483 3433 5540 esu.Et
3446 5480 3494 5537 si
3508 5480 3620 5537 hoc
3631 5474 3761 5534 facit
3773 5467 3915 5530 ﬁdes,

2364 5674 2379 5704 ι
2414 5671 2497 5721 Sic
2526 5673 2644 5721 Am.
2677 5670 2762 5721 Er.
2796 5675 2849 5723 et
2880 5685 3076 5725 novem
3104 5671 3231 5724 Mss.
3256 5671 3322 5723 At
3357 5669 3508 5731 Lov.,
3550 5680 3646 5732 per
3668 5656 3914 5729 ροιεκιίσπι

2306 5739 2353 5786 et
2376 5735 2812 5797 singularitatem.
