4120 6202
216 189 360 255 912's

214 336 323 396 per
340 335 526 395 quam
545 320 606 376 in
623 318 739 375 hac
758 318 876 374 vita
896 317 1055 390 juste
1081 315 1420 373 ambulatur
1442 332 1455 384 ;
1490 320 1719 387 quanto
1738 330 1866 388 per-

212 412 425 469 fectius
451 415 630 481 atque
652 405 1091 464 cumulatiusid
1109 406 1478 478 speciesipsa
1500 405 1729 460 factura
1758 408 1864 475 est,

213 516 351 558 cum
366 498 708 555 videbimus
730 495 882 552 facie
896 496 971 551 ad
994 494 1206 550 faciem
1222 495 1266 566 (l
1281 494 1406 550 Cor.
1432 494 1867 564 x111,t2)?Nam

212 606 373 647 nunc
398 587 682 661 quamvis
710 585 1001 658 primitias
1028 583 1315 640 habentes
1341 584 1602 655 spiritus,
1625 581 1728 654 qui
1747 582 1869 639 vita

213 685 317 745 est,
342 674 886 751 propterjustitiam
910 672 1048 728 ﬁdei
1075 678 1307 738 ;tamen
1331 672 1473 743 quia
1485 671 1683 728 adhuc
1713 686 1870 726 mor-

215 773 385 826 tuum
418 770 507 822 est
539 780 757 836 corpus
795 767 1039 835 propter
1065 765 1383 833 peccatum
1415 762 1594 831 (Rom.
1628 776 1743 822 vni,
1776 759 1863 825 23,

222 858 325 930 l0),
349 854 687 912 differentia
710 852 927 908 istavel
949 851 1242 917 Gentium,
1268 850 1358 906 vel
1377 850 1753 913 conditionis,
1779 847 1867 904 vel

216 961 417 1017 sexus,
445 944 573 1016 jam
603 942 848 1016 quidem
882 940 1085 997 ablata
1110 945 1197 995 est
1221 939 1298 995 ab
1324 940 1547 995 unitate
1577 937 1735 1004 ﬁdei,
1764 936 1871 992 sed

218 1040 422 1093 manet
436 1034 494 1090 in
508 1030 960 1089 conversatione
976 1028 1210 1084 mortali
1228 1048 1245 1101 ;
1261 1029 1311 1099 ej
1323 1043 1510 1100 usque
1523 1026 1796 1082 ordinem
1810 1027 1870 1081 in

216 1125 395 1195 hujus
412 1122 762 1180 vitaitinere
789 1119 1156 1175 servandum
1187 1133 1337 1185 esse,
1360 1122 1416 1172 et
1434 1116 1696 1187 Apostoli
1725 1130 1872 1187 pra-

217 1214 465 1287 cipiunt,
513 1213 617 1283 qui
655 1210 834 1265 etiam
879 1206 1119 1278 regulas
1147 1205 1574 1261 saluberrimas
1606 1204 1866 1270 tradunt,

217 1300 737 1376 quemadmodum
764 1313 965 1354 secum
984 1297 1181 1352 vivant
1202 1310 1312 1367 pro
1324 1292 1658 1349 differentia
1680 1292 1871 1363 gentis

216 1390 399 1449 Judai
424 1394 481 1447 et
517 1388 698 1445 Graci
728 1403 742 1453 ;
775 1390 831 1442 et
860 1400 969 1457 pro
999 1382 1333 1439 differentia
1358 1381 1737 1445 conditionis,
1769 1379 1872 1436 do-

216 1480 365 1537 mini
394 1486 449 1535 et
477 1477 630 1534 servi
663 1493 676 1541 ;
714 1479 770 1531 et
791 1490 899 1547 pro
921 1473 1255 1529 differentia
1282 1486 1478 1537 sexus,
1509 1470 1611 1525 viri
1643 1474 1700 1525 et
1730 1484 1874 1525 uxo-

215 1585 310 1626 res
336 1570 381 1638 1,
400 1568 679 1638 velsiqua
709 1565 845 1621 talia
857 1568 1072 1620 catera
1096 1566 1456 1617 occurrunt:
1487 1565 1542 1615 et
1560 1560 1689 1631 ipse
1712 1558 1874 1630 prior

219 1658 528 1722 Dominus,
562 1656 664 1727 qui
703 1655 803 1721 ait,
838 1651 1062 1709 Reddite
1093 1650 1436 1721 Casariqua
1469 1647 1704 1704 Caesaris
1722 1653 1872 1716 sunt,

216 1756 269 1804 et
300 1748 406 1803 Deo
428 1763 545 1818 qua
567 1745 669 1800 Dei
688 1748 814 1799 sunt
832 1741 1050 1810 (Matth.
1078 1756 1216 1809 xxii,
1244 1741 1361 1810 2i).
1395 1738 1523 1795 Alia
1554 1749 1691 1793 sunt
1713 1737 1874 1792 enim

217 1853 349 1910 qua
381 1833 764 1891 servamusin
793 1832 1014 1886 unitate
1035 1829 1176 1884 ﬁdei
1191 1827 1318 1882 sine
1350 1826 1469 1883 ulla
1495 1826 1795 1897 distantia,
1819 1830 1875 1881 et

217 1926 337 1982 alia
370 1926 431 1980 in
449 1923 656 1980 ordine
679 1922 814 1976 vita
836 1918 1015 1991 hujus
1042 1921 1331 1988 tanquam
1352 1917 1412 1971 in
1428 1916 1545 1983 via,
1566 1931 1639 1971 ne
1652 1930 1874 1971 nomen

221 2017 321 2072 Dei
351 2020 407 2070 et
438 2013 709 2070 doctrina
736 2008 1205 2081 blasphematur.
1250 2008 1314 2060 Et
1357 2006 1471 2062 hoc
1525 2019 1647 2061 non
1679 2005 1873 2061 solum

218 2110 463 2178 propter
475 2105 646 2167 iram,
669 2104 731 2156 ut
743 2098 1101 2168 effugiemus
1114 2093 1508 2151 offensionem
1525 2094 1872 2161 hominum;

220 2193 327 2250 sed
358 2192 538 2248 etiam
570 2194 813 2262 propter
842 2185 1293 2253 conscientiam,
1325 2189 1391 2239 ut
1420 2199 1541 2240 non
1575 2182 1873 2250 simulate,

220 2282 399 2355 quasi
428 2280 505 2337 ad
536 2278 743 2336 oculos
772 2274 1220 2333 hominumista
1242 2272 1557 2338 faciamus,
1592 2272 1699 2328 sed
1724 2288 1878 2344 pura

220 2370 556 2427 dilectionis
567 2364 935 2423 conscientia
947 2369 1193 2435 propter
1208 2362 1756 2433 Deum,qui;omnes
1768 2361 1879 2416 ho-

223 2461 419 2516 mines
449 2457 576 2514 vult
603 2455 802 2513 salvos
833 2453 981 2519 ﬁeri,
1012 2456 1070 2506 et
1098 2451 1159 2506 in
1202 2450 1571 2520 agnitionem
1617 2450 1878 2506 veritatis

224 2550 427 2605 venire
458 2548 503 2618 (Ι
554 2546 693 2602 Tim.
724 2560 783 2609 ιι,
816 2545 895 2612 4).
932 2541 1126 2601 Omnes
1150 2556 1293 2610 ergo,
1327 2539 1543 2611 inquit,
1592 2555 1681 2594 vos
1710 2555 1878 2594 unum

224 2639 358 2695 estis
370 2638 427 2691 in
441 2636 662 2692 Christo
683 2633 830 2689 Iesu.
858 2634 922 2687 Et
954 2628 1207 2695 addidit,
1233 2628 1293 2683 Si
1312 2635 1512 2695 autem,
1543 2633 1605 2683 ut
1623 2628 1719 2683 hic
1740 2627 1879 2682 sub-

224 2727 629 2797 distinguatur
656 2729 713 2778 et
727 2720 1144 2783 subaudiatur,
1172 2734 1259 2772 vos
1269 2734 1438 2773 unum
1453 2717 1580 2772 estis
1590 2717 1645 2771 in
1662 2717 1880 2772 Christo

222 2818 379 2882 Jesu,
414 2830 484 2871 ac
508 2811 725 2868 deinde
750 2810 1058 2872 inferatur,
1082 2808 1231 2878 Ergo
1250 2806 1490 2862 Abrahae
1514 2823 1688 2862 semen
1714 2807 1877 2862 estis:

227 2911 294 2961 ut
308 2907 413 2960 iste
431 2904 510 2960 sit
522 2916 754 2965 sensus,
769 2900 989 2954 Omnes
1003 2912 1144 2968 ergo
1157 2911 1265 2952 vos
1279 2910 1466 2950 unum
1480 2897 1621 2951 estis
1642 2897 1702 2950 in
1724 2896 1880 2950 Chri-

227 2999 321 3050 sto
348 2993 488 3049 Jesu
521 3008 535 3059 ;
563 2990 612 3045 si
644 2994 845 3045 autem
873 3001 975 3041 vos
1000 3000 1188 3041 unum
1219 2986 1357 3039 estis
1386 2984 1447 3038 in
1470 2983 1697 3040 Christo
1716 2984 1876 3048 Jesu,

224 3098 339 3138 vos
352 3094 493 3149 ergo
505 3077 760 3134 Abraba
774 3089 978 3130 semen
991 3071 1441 3144 estis.Superius
1453 3072 1611 3126 enim
1626 3072 1877 3136 dixerat,

230 3172 360 3228 Non
378 3168 539 3234 dicit,
572 3167 647 3222 Et
666 3164 987 3232 seminibus,
1009 3168 1264 3233 tanquam
1290 3160 1346 3215 in
1374 3159 1559 3216 multis
1597 3182 1618 3230 ,-
1644 3160 1735 3216 sed
1763 3167 1884 3215 tan-

230 3276 391 3334 quam
414 3259 475 3313 in
510 3274 639 3325 uno,
672 3263 721 3311 et
745 3255 953 3310 semini
976 3261 1087 3317 tuo,
1120 3251 1257 3322 quod
1280 3257 1355 3305 est
1384 3250 1636 3307 Christus
1674 3250 1880 3322 (Galat.

230 3367 311 3416 ιιι,
329 3350 441 3418 16).
460 3348 558 3403 ilic
569 3360 712 3415 ergo
724 3342 984 3401 ostendit
998 3355 1184 3396 unum
1198 3355 1398 3395 semen
1420 3338 1745 3411 Christum,
1760 3354 1881 3396 non

228 3442 471 3498 tantum
489 3436 689 3508 ipsum
714 3433 1093 3490 Mediatorem
1127 3429 1578 3500 intelligendum
1605 3444 1756 3495 esse,
1789 3444 1884 3485 ve-

227 3545 367 3587 rum
385 3525 568 3583 etiam
590 3521 931 3588 Ecclesiam,
959 3519 1127 3590 cujus
1144 3517 1239 3575 ille
1261 3518 1530 3591 corporis
1548 3523 1729 3591 caput
1752 3525 1843 3576 est
1863 3532 1883 3577 :

228 3622 517 3674 utomnes
528 3615 589 3670 in
612 3612 839 3668 Christo
855 3624 1041 3665 unum
1055 3608 1189 3673 sint,
1203 3613 1261 3664 et
1284 3608 1524 3681 capiant
1548 3608 1883 3664 secundum

229 3704 698 3781 promissionem
719 3699 1118 3756 hareditatem
1133 3712 1237 3769 per
1247 3697 1451 3766 ﬁdem,
1467 3698 1528 3753 in
1541 3713 1727 3769 quam
1741 3712 1885 3754 con-

235 3795 446 3853 clusus
461 3797 589 3849 erat
606 3807 619 3858 ;
636 3789 696 3845 id
716 3796 827 3856 est,
844 3788 907 3845 in
930 3788 1098 3859 cujus
1116 3787 1443 3843 adventum
1467 3792 1755 3858 tanquam
1770 3787 1884 3843 sub

230 3884 574 3958 padagogo
604 3878 1053 3937 custodiebatur
1080 3876 1338 3949 populus
1364 3891 1556 3948 usque
1579 3875 1660 3932 ad
1693 3875 1884 3932 atatis

233 3972 887 4047 opportunitatem,qua
898 3970 959 4023 in
975 3966 1311 4023 libertatem
1324 3964 1577 4021 vocandi
1590 3967 1885 4038 erant,qui

229 4064 297 4120 in
312 4061 529 4119 eodem
540 4057 769 4132 populo
780 4056 1002 4114 secund
1013 4072 1113 4111 um
1129 4054 1509 4127 propositum
1522 4055 1713 4111 vocati
1726 4060 1883 4121 sunt,

230 4151 296 4209 id
326 4154 434 4217 est,
465 4148 568 4221 qui
593 4148 655 4203 in
694 4145 793 4203 illa
817 4160 956 4201 area
984 4144 1351 4200 frumentum
1392 4142 1611 4199 inventi
1644 4148 1801 4199 sunt.

304 4292 395 4349 29.
422 4290 531 4365 [ιδ.
558 4306 636 4356 1v,
668 4289 804 4363 1-3.]
820 4287 1206 4344 Adhocenim
1236 4284 1885 4357 adjungitzDicoautem,

244 4383 457 4449 Quanto
478 4387 708 4452 tempore
720 4378 891 4434 hares
915 4376 1181 4449 parvulus
1201 4383 1299 4441 est,
1312 4374 1659 4445 nihildi/fert
1672 4390 1704 4429 a
1715 4390 1884 4439 servo,

233 4489 357 4529 cum
385 4472 461 4527 sit
499 4469 746 4524 dominus
773 4466 1012 4523 omnium
1056 4484 1069 4535 ;
1109 4466 1198 4521 sed
1230 4464 1327 4520 sub
1356 4462 1813 4536 procuratoribus
1840 4469 1888 4517 et

232 4557 513 4617 actoribus
528 4564 601 4613 est
624 4572 784 4629 usque
812 4555 884 4610 ad
910 4554 1245 4627 praﬁnitum
1258 4559 1511 4625 tempusa
1525 4557 1687 4623 patre
1710 4552 1822 4609 :sic
1840 4557 1891 4606 et

231 4666 332 4707 nos
357 4665 479 4705 cum
530 4663 750 4703 essemus
773 4644 1025 4717 parvuli,
1058 4643 1154 4700 sub
1185 4642 1460 4699 elementis
1489 4642 1659 4713 hujus
1695 4641 1893 4697 mundi

230 4753 453 4798 eramus
477 4736 793 4794 servientes.
812 4733 1005 4800 Quari
1032 4737 1233 4789 autem
1258 4737 1453 4805 potest
1473 4731 1784 4804 quomodo
1806 4745 1892 4787 se-

232 4828 507 4886 cundum
530 4826 690 4883 hanc
734 4821 1185 4880 similitudinem
1212 4822 1326 4878 sub
1371 4821 1680 4877 elementis
1712 4821 1894 4891 hujus

237 4916 457 4976 mundi
479 4916 700 4972 fuerint
725 4913 752 4969 J
763 4911 941 4979 udai,
955 4927 1093 4968 cum
1118 4910 1231 4967 illis
1252 4926 1358 4983 per
1371 4912 1585 4980 Legem
1601 4925 1787 4982 quam
1801 4924 1895 4966 ac-

235 5008 547 5080 ceperunt,
583 5020 737 5060 unus
768 5004 920 5059 Deus
942 5001 1048 5074 qui
1075 5000 1209 5056 fecit
1232 4998 1450 5055 calum
1479 5003 1535 5056 et
1556 5005 1897 5063 terram,co-

237 5095 460 5155 lendus
483 5092 1030 5151 commendaretur.
1046 5090 1159 5146 Sed
1177 5092 1371 5162 potest
1385 5102 1514 5144 esse
1536 5087 1690 5144 alius
1706 5089 1897 5143 exitus

238 5183 489 5257 capituli
508 5182 711 5253 hujus,
731 5187 796 5237 ut
811 5196 950 5237 cum
965 5179 1238 5251 superius
1259 5180 1473 5248 Legem
1496 5175 1899 5248 padagogum

238 5272 605 5342 fecerit(Gal.
620 5288 698 5339 ιιι,
722 5271 836 5342 24),
852 5270 964 5325 sub
980 5285 1102 5342 quo
1128 5272 1253 5324 erat
1266 5267 1362 5323 ille
1386 5266 1647 5339 populus
1671 5266 1902 5320 Judao-

241 5378 383 5422 rum
414 5374 431 5430 ;
462 5377 624 5417 nunc
647 5364 1065 5434 procuratores
1096 5363 1151 5414 et
1170 5360 1402 5413 actores
1426 5355 1586 5411 dicat
1608 5354 1903 5409 elementa

242 5452 485 5518 mundi,
516 5451 631 5508 sub
662 5450 880 5523 quibus
906 5447 1247 5506 serviebant
1268 5448 1517 5502 Gentes:
1548 5448 1611 5501 ut
1631 5443 1789 5499 ﬁlius
1812 5442 1903 5498 ille

248 5541 567 5617 parvulus,
601 5540 663 5596 id
700 5545 790 5597 est
813 5538 1074 5613 pOpulus
1104 5541 1347 5610 prOpter
1378 5549 1564 5591 unam
1593 5532 1777 5589 ﬁdem
1827 5531 1905 5589 ad

324 5727 455 5799 ESic
482 5731 640 5798 juxta
672 5728 762 5789 Er.
802 5728 976 5797 Lugd.
1005 5728 1141 5783 Ven.
1162 5728 1222 5780 In
1255 5725 1334 5792 3.,
1368 5725 1566 5780 uxoris.
1588 5724 1659 5777 Μ.

1418 180 1930 246 ΕΧΡΟΞῘΤΙΟΝΙΞ
1958 180 2175 246 LIBER
2216 182 2426 248 UNUS.

3488 199 3627 255 2126

1979 330 2171 372 unum
2198 333 2403 373 semen
2416 316 2667 373 Abrahae
2700 319 3023 390 pertinens,
3047 320 3334 393 quoniam
3359 330 3413 380 et
3443 325 3628 380 deJu-

1978 405 2126 460 dais
2158 410 2213 462 et
2238 407 2313 462 de
2346 407 2628 462 Gentibus
2659 415 3057 480 congregatus
3084 414 3195 476 est,
3222 413 3435 482 partim
3458 414 3631 469 fuerit

1982 493 2094 549 sub
2126 495 2458 566 padagogo
2488 496 2678 565 Legis,
2702 501 2968 569 tempore
2994 500 3257 570 pueritia
3287 518 3429 567 sua,
3454 503 3512 558 id
3544 507 3630 558 est

1981 599 2052 638 ex
2082 599 2153 639 ea
2182 589 2348 655 parte
2370 600 2492 656 qua
2505 584 2578 640 de
2598 586 2816 641 Judais
2834 594 3231 659 congregatus
3258 595 3378 657 est;
3413 592 3628 662 partim

1981 672 2095 727 sub
2124 672 2433 729 elementis
2459 674 2639 745 hujus
2672 676 2899 742 mundi,
2931 677 3153 748 quibus
3186 683 3472 751 tanquam
3500 697 3631 752 pro-

1981 762 2355 818 curatoribus
2386 768 2441 819 et
2464 763 2767 819 actoribus
2794 766 3111 831 serviebat,
3135 784 3206 823 ex
3229 785 3298 825 ea
3321 774 3488 840 parte
3508 785 3633 841 qua

1982 850 2056 905 de
2086 851 2372 908 Gentibus
2430 859 2830 923 congregatus
2858 862 2945 909 est
2978 873 2991 907 :
3040 862 3100 910 ut
3130 857 3294 927 quod
3338 859 3633 915 immiscet

1984 940 2300 1012 Apostolus
2322 956 2645 1012 personam
2669 959 2863 1008 suam,
2879 959 3001 999 non
3022 945 3245 1012 dicens,
3270 949 3414 1002 Cum
3430 948 3631 1004 essetis

1980 1028 2234 1100 parvuli,
2259 1030 2371 1085 sub
2398 1030 2705 1087 elementis
2735 1031 2917 1102 hujus
2939 1034 3149 1089 mundi
3178 1036 3357 1090 eratis
3380 1055 3392 1104 ;
3419 1036 3525 1091 sed
3548 1037 3633 1093 di-

1983 1132 2143 1183 cens,
2178 1119 2309 1174 Cum
2326 1136 2548 1175 essemus
2564 1120 2808 1191 parvuli,
2835 1121 2929 1175 sub
2959 1122 3229 1178 elementis
3256 1124 3415 1195 hujus
3439 1128 3634 1181 mundi

1984 1222 2199 1261 eramus
2221 1208 2527 1272 servientes,
2562 1224 2682 1263 non
2710 1211 3003 1280 pertineat
3032 1212 3110 1267 ad
3134 1214 3632 1282 significationem

1981 1295 2346 1365 Judaorum,
2377 1312 2445 1351 ex
2478 1296 2698 1367 quibus
2740 1297 2953 1353 Paulus
2979 1300 3270 1371 originem
3312 1302 3494 1369 ducit,
3530 1304 3635 1359 sed

1984 1386 2180 1455 magis
2207 1384 2287 1440 ad
2316 1385 2609 1451 Gentium,
2641 1386 2755 1441 hoc
2786 1386 3073 1444 duntaxat
3102 1389 3234 1445 loco
3270 1408 3282 1444 :
3346 1393 3635 1463 quoniam

1984 1478 2041 1530 et
2076 1488 2284 1529 eorum
2332 1488 2603 1544 persona
2638 1474 2916 1531 decenter
2964 1494 3024 1531 se
3056 1484 3247 1549 potest
3287 1488 3630 1547 annectere,

1983 1561 2204 1634 quibus
2235 1561 2313 1617 ad
2344 1561 2881 1632 evangelizandum
2918 1565 3139 1620 missus
3171 1572 3279 1623 est.

2056 1682 2145 1735 30.
2172 1677 2278 1749 [lb.
2310 1694 2385 1745 ιν,
2410 1681 2463 1744 4,
2490 1678 2567 1748 5.]
2594 1679 2817 1734 Deinde
2833 1680 2963 1749 jam
2977 1681 3137 1748 dicit,
3166 1683 3440 1740 veniente
3456 1683 3640 1756 pleni-

1985 1768 2190 1824 tudine
2218 1766 2502 1839 temporis
2525 1767 2713 1822 Deum
2730 1769 2961 1825 misisse
2977 1771 3181 1827 Filium
3199 1788 3377 1827 suum
3391 1774 3468 1829 ad
3490 1774 3641 1830 libe-

1984 1855 2245 1910 randum
2276 1855 2592 1927 parvulum
2624 1856 2945 1923 haredem,
2974 1860 3327 1916 servientem
3358 1877 3431 1917 ex
3469 1869 3637 1933 parte

1986 1945 2143 2015 Legi,
2162 1950 2449 2016 tanquam
2465 1944 2821 2016 padagogo,
2845 1963 2913 2001 ex
2939 1953 3105 2018 parte
3118 1948 3425 2005 elementis
3453 1950 3636 2019 hujus

1985 2033 2219 2101 mundi,
2255 2040 2541 2105 tanquam
2567 2035 3057 2105 procuratoribus
3071 2038 3439 2094 etactoribus
3458 2040 3639 2097 :Misit

1992 2120 2152 2187 Deus,
2185 2121 2397 2194 inquit,
2416 2122 2629 2178 Filium
2658 2140 2811 2179 suum
2836 2124 3039 2195 factum
3068 2143 3134 2181 ea:
3165 2127 3413 2186 muliere.
3448 2129 3642 2185 Mulie-

1986 2226 2115 2266 rem
2129 2227 2235 2283 pro
2250 2211 2471 2266 femina
2482 2214 2701 2283 posuit,
2720 2227 2883 2268 more
2896 2212 3213 2270 locutionis
3227 2216 3636 2273 Hebraorum.

1988 2302 2116 2355 Non
2142 2301 2301 2355 enim
2323 2300 2467 2371 quia
2496 2300 2569 2356 de
2598 2303 2717 2357 Eva
2742 2301 2971 2357 dictum
2994 2308 3099 2373 est,
3128 2303 3413 2360 Formavit
3438 2322 3555 2361 eam
3580 2308 3638 2361 in

1987 2388 2267 2443 mulierem
2307 2388 2462 2454 (Gen.
2494 2405 2553 2455 ιι,
2587 2390 2698 2461 22),
2727 2390 2855 2461 jam
2886 2407 3072 2462 passa
3107 2398 3231 2449 erat
3256 2396 3638 2452 concubitum

1989 2479 2286 2550 viri,quod
2301 2495 2421 2534 non
2435 2480 2710 2536 scribitur
2723 2483 3039 2553 passa.nisi
3054 2499 3181 2540 cum
3196 2483 3426 2540 dimissi
3440 2490 3645 2541 essent

1988 2568 2063 2624 de
2084 2569 2386 2639 paradiso.
2402 2570 2843 2626 Factumautem
2856 2570 3022 2637 dixit,
3049 2581 3289 2645 propter
3310 2576 3641 2646 susceptio-

1987 2672 2128 2713 nem
2144 2663 2432 2713 creatura
2459 2674 2472 2723 ;
2501 2659 2643 2729 quia
2664 2660 2767 2731 qui
2786 2666 3115 2717 nascuntur
3132 2678 3204 2717 ex
3232 2662 3489 2729 feminis,
3519 2680 3644 2720 non

1990 2752 2128 2801 tunc
2143 2762 2215 2801 ex
2231 2748 2347 2801 Deo
2359 2754 2710 2824 nascuntur,
2727 2748 2831 2803 sed
2848 2753 3046 2804 tamen
3068 2751 3368 2806 Deusillos
3396 2752 3555 2816 facit,
3583 2758 3644 2807 ut

1990 2837 2073 2891 sic
2088 2837 2249 2891 nasci
2264 2836 2827 2908 possint,utomnem
2842 2840 3437 2897 creaturam.Factum
3451 2848 3643 2898 autem

1989 2925 2084 2980 sub
2107 2925 2241 2996 Lege
2267 2924 2433 2990 dixit,
2455 2928 2599 2996 quia
2620 2930 2676 2981 et
2701 2927 3087 2982 circumcisus
3113 2933 3220 2995 est,
3245 2935 3301 2985 et
3326 2930 3519 2986 hostia
3536 2946 3645 3003 pro

1992 3014 2091 3070 illo
2119 3014 2380 3085 legitima
2409 3014 2612 3070 oblata
2640 3019 2732 3069 est
2760 3016 2912 3086 (Luc.
2937 3033 2995 3087 ιι,
3026 3021 3113 3083 2t,
3143 3019 3255 3089 24).
3280 3022 3396 3075 Nec
3424 3021 3640 3076 mirum

1994 3104 2042 3158 si
2073 3108 2129 3158 et
2160 3103 2257 3158 illa
2281 3102 2452 3171 Legis
2484 3118 2669 3174 opera
2697 3106 2999 3171 sustinuit,
3025 3121 3095 3160 ex
3122 3107 3342 3178 quibus
3368 3108 3643 3166 liberaret

1993 3192 2097 3264 qui
2110 3191 2195 3246 eis
2208 3191 2492 3245 serviliter
2506 3191 2893 3259 tenebantur;
2914 3193 3018 3265 qui
3041 3194 3223 3249 etiam
3240 3202 3495 3253 mortem
3510 3216 3643 3253 sus-

1995 3281 2186 3349 tinuit,
2219 3285 2286 3335 ut
2314 3297 2385 3336 ex
2425 3296 2496 3335 ea
2524 3280 2797 3337 liberaret
2822 3298 2926 3337 eos
2957 3283 3061 3354 qui
3092 3284 3444 3341 mortalitate
3479 3291 3642 3341 tene-

1992 3370 2233 3427 bantur.
2274 3370 2339 3425 Ut
2371 3369 2724 3441 adoptionem,
2757 3371 2967 3441 inquit,
3009 3370 3249 3442 ﬁliorum
3292 3374 3642 3444 recipiamus.

1992 3459 2347 3531 Adoptionem
2366 3466 2683 3531 propterea
2694 3460 2852 3525 dicit,
2872 3467 2932 3514 ut
2952 3459 3642 3532 distincteintelligamus

1995 3549 2239 3605 unicum
2256 3549 2356 3605 Dei
2371 3548 2599 3604 Filium.
2614 3552 2729 3605 Nos
2750 3549 2910 3605 enim
2924 3550 3213 3605 beneﬁcio
3230 3550 3645 3620 etdignatione

1994 3637 2419 3695 misericordia
2463 3638 2591 3708 ejus
2617 3638 2719 3694 ﬁlii
2757 3639 2855 3693 Dei
2887 3654 3098 3694 sumus
3132 3655 3145 3695 :
3187 3638 3283 3695 ille
3313 3645 3530 3697 natura
3559 3645 3647 3696 est

1998 3727 2201 3793 Filius,
2246 3727 2348 3800 qui
2372 3726 2487 3783 hoc
2517 3731 2603 3782 est
2630 3727 2791 3799 quod
2825 3727 3014 3784 Pater.
3045 3730 3160 3786 Nec
3184 3728 3356 3793 dixit,
3390 3729 3646 3801 accipia-

1996 3832 2133 3873 mus
2167 3833 2180 3884 ;
2209 3817 2335 3883 sed,
2358 3817 2682 3887 recipiamus
2700 3834 2723 3882 ;
2748 3821 2812 3872 ut
2831 3816 3195 3887 signiﬁcaret
3222 3817 3337 3874 hoc
3365 3833 3476 3875 nos
3498 3819 3649 3876 ami-

1999 3905 2147 3961 sisse
2176 3906 2237 3960 in
2260 3905 2479 3971 Adam,
2510 3920 2583 3960 ex
2612 3920 2734 3977 quo
2771 3906 3053 3963 mortales
3082 3922 3311 3963 sumus.
3347 3908 3467 3964 Hoc
3506 3922 3650 3977 ergo

1997 3993 2162 4067 quod
2188 3994 2287 4064 ait,
2328 3993 2396 4049 Ut
2421 4010 2506 4049 eos
2541 3995 2639 4065 qui
2661 3993 2761 4049 sub
2789 3994 2932 4065 Lege
2961 4000 3120 4050 erant
3148 3995 3460 4061 redimeret,
3485 4002 3543 4053 et
3567 3996 3648 4053 ad

1998 4082 2373 4140 liberandum
2404 4098 2542 4139 eum
2581 4082 2875 4155 populum
2920 4085 3190 4156 pertinet,
3223 4086 3330 4158 qui
3361 4085 3654 4157 parvulus

2000 4173 2112 4228 sub
2145 4172 2473 4243 padagogo
2506 4172 2803 4228 serviebat
2836 4187 2851 4240 ;
2894 4179 2949 4228 et
2990 4174 3243 4230 refertur
3279 4175 3357 4230 ad
3387 4174 3448 4229 id
3488 4174 3654 4245 quod

1999 4260 2165 4327 dixit,
2188 4260 2401 4331 factum
2420 4260 2515 4316 sub
2535 4263 2692 4332 Lege.
2714 4261 2865 4317 Illud
2892 4268 3093 4318 autem
3111 4261 3275 4333 quod
3298 4264 3396 4326 ait,
3417 4267 3477 4316 ut
3495 4262 3656 4333 adop-

2000 4354 2201 4410 tionem
2218 4350 2463 4423 ﬁliorum
2475 4352 2819 4421 recipiamus,
2842 4351 3091 4406 retertur
3116 4352 3195 4406 ad
3220 4350 3280 4405 id
3297 4350 3462 4422 quod
3482 4351 3652 4416 dixit,

2000 4446 2203 4517 factum
2224 4458 2292 4497 ea:
2310 4440 2552 4496 muliere.
2576 4441 2717 4495 Hinc
2732 4440 2890 4495 enim
2908 4440 3296 4511 adoptionem
3312 4440 3654 4511 recipimus,

2002 4532 2167 4606 quod
2179 4531 2271 4587 ille
2288 4531 2504 4586 Unicus
2516 4543 2638 4584 non
2651 4528 3008 4597 dedignatus
3032 4534 3117 4584 est
3139 4528 3656 4599 participationem

2002 4627 2232 4679 natura
2264 4623 2504 4683 nostra,
2550 4617 2741 4673 factus
2775 4632 2845 4672 ex
2892 4616 3161 4682 muliere,
3199 4623 3261 4673 ut
3291 4633 3414 4674 non
3454 4616 3649 4673 solum

2007 4709 2352 4779 Unigenitus
2382 4710 2541 4763 esset
2569 4706 2674 4761 ubi
2700 4706 2913 4762 fratres
2943 4721 3067 4762 non
3097 4706 3299 4773 habet,
3333 4706 3439 4762 sed
3471 4707 3653 4763 etiam

2005 4797 2439 4868 Primogenitus
2485 4796 2545 4851 in
2577 4794 2775 4851 multis
2807 4796 3091 4852 fratribus
3127 4797 3292 4852 ﬁeret
3321 4798 3500 4869 (Rom.
3552 4812 3653 4863 vn,

2003 4890 2117 4961 29).
2151 4890 2278 4943 Duo
2309 4886 2469 4941 enim
2492 4886 2820 4958 proposuit,
2851 4886 3057 4957 factum
3086 4903 3152 4941 ex
3173 4886 3415 4954 muliere,
3450 4887 3655 4958 factum

2004 4976 2100 5034 sub
2129 4976 2262 5048 Lege
2291 4991 2309 5032 ε
2342 4974 2448 5031 sed
2474 4979 2701 5031 mutato
2729 4973 2937 5032 ordine
2967 4975 3299 5048 respondit.

2078 5094 2169 5149 3t.
2203 5092 2311 5164 [1b.
2339 5108 2409 5158 iV,
2431 5090 2511 5163 6.]
2535 5091 2845 5149 Jamillum
2860 5090 3154 5163 populum
3168 5090 3530 5162 adjungens,
3558 5085 3661 5160 qui

2008 5181 2300 5254 parvulus
2316 5181 2428 5235 sub
2440 5181 2926 5251 procuratoribus
2950 5188 3006 5236 et
3031 5181 3328 5236 actoribus
3346 5177 3663 5241 serviebat,

2011 5270 2073 5326 id
2099 5274 2204 5333 est,
2238 5269 2542 5324 elementis
2568 5268 2748 5340 hujus
2778 5268 3012 5333 mundi,
3046 5284 3119 5323 ne
3157 5270 3435 5339 putarent
3457 5282 3518 5321 se
3542 5281 3666 5321 non

2014 5372 2145 5414 esse
2167 5357 2342 5425 ﬁlios,
2369 5358 2514 5429 quia
2544 5372 2664 5413 non
2692 5356 2987 5412 erantsub
3010 5356 3363 5428 padagogo,
3398 5354 3661 5420 Quoniam

2014 5453 2196 5502 autem
2221 5446 2330 5517 ﬁlii
2353 5447 2494 5511 estis,
2519 5445 2732 5517 inquit,
2760 5446 2911 5499 misit
2941 5446 3082 5499 Deus
3107 5444 3375 5515 Spiritum
3406 5443 3560 5499 Filii
3580 5444 3668 5499 sui

2016 5537 2077 5592 in
2112 5535 2275 5591 corda
2300 5541 2501 5600 vestra,
2534 5534 2873 5605 clamantem,
2903 5533 3075 5599 Abba,
3137 5536 3329 5589 Pater.
3367 5536 3492 5590 Duo
3529 5537 3667 5591 sunt

2016 5626 2202 5682 verba
2225 5640 2361 5699 qua
2392 5624 2607 5696 posuit,
2638 5629 2700 5679 ut
2710 5623 3532 5695 posterioreinterpretaretur
3551 5622 3671 5699 pri-

2019 5730 2191 5772 mum
2232 5728 2245 5771 :
2276 5729 2423 5772 nam
2446 5712 2562 5772 hoc
2590 5717 2696 5781 est,
2726 5712 2897 5785 Abba,
2925 5713 3088 5784 quod
3118 5715 3315 5771 Pater.
3357 5712 3667 5784 Eleganter
