4120 6202
474 184 613 238 2127

476 312 675 365 autem
706 302 1046 373 intelligitur
1071 314 1195 356 non
1227 299 1447 356 frustra
1478 302 1733 357 duarum
1779 303 2121 372 linguarum

475 397 659 453 verba
684 394 953 467 posuisse
979 390 1138 445 idem
1165 388 1578 459 signiﬁcantia,
1622 396 1862 461 propter
1893 391 2122 446 univer-

477 502 611 541 sum
638 480 1069 555 populum,qui
1091 478 1165 533 de
1189 478 1406 532 Judaeis
1423 480 1480 531 et
1500 476 1573 532 de
1595 476 1882 534 Gentibus
1906 479 1967 534 in
1998 480 2124 535 uni-

477 578 655 629 tatem
689 571 828 626 ﬁdei
858 574 1105 625 vocatus
1134 571 1220 621 est
1252 582 1264 619 :
1322 568 1386 619 ut
1412 565 1722 622 hebraeum
1755 568 2001 623 verbum
2050 568 2126 624 ad

477 662 734 725 Judaaos,
761 674 1020 730 graecum
1050 657 1125 711 ad
1154 658 1376 724 gentes,
1408 655 1713 727 utriusque
1742 661 1940 713 tamen
1958 657 2126 713 verbi

478 752 691 808 eadem
721 746 1069 819 signiﬁcatio
1092 745 1167 800 ad
1182 744 1451 813 ejusdem
1466 744 1601 799 ﬁdei
1617 745 1986 819 spiritusque
2001 748 2127 801 uni-

478 846 658 898 tatem
707 839 1017 910 pertineat.
1052 838 1200 889 Nam
1232 838 1287 887 et
1319 833 1397 888 ad
1440 836 1757 899 Romanos,
1792 836 1893 890 ubi
1920 836 2125 891 similis

478 929 729 1001 quaestio
761 927 833 981 de
864 940 1006 995 pace
1034 924 1090 977 in
1112 922 1341 977 Christo
1362 922 1707 978 Judaaorum
1732 926 2126 997 Gentiumque

479 1022 781 1081 tractatur,
808 1016 921 1070 hoc
935 1013 1104 1068 dicit:
1126 1012 1248 1066 Non
1279 1011 1413 1065 enim
1442 1014 1717 1082 accepistis
1735 1015 1997 1083 spiritum
2022 1032 2126 1069 ser-

476 1107 668 1162 vitutis
690 1107 889 1160 iterum
921 1105 977 1157 in
1014 1103 1244 1171 timore,-
1275 1102 1367 1155 sed
1403 1104 1679 1171 accepistis
1708 1102 1974 1173 Spiritum
2002 1104 2126 1159 ado-

473 1196 675 1269 ptionis
702 1195 973 1264 ﬁliorum,
1006 1191 1063 1245 in
1093 1208 1193 1261 quo
1225 1190 1535 1257 clamamus,
1564 1192 1739 1255 Abba,
1760 1193 1930 1247 Pater
1954 1193 2125 1261 (Ibid.

481 1291 585 1355 15).
617 1288 784 1339 Recte
816 1289 1016 1339 autem
1048 1282 1120 1335 de
1154 1281 1471 1351 praesentia
1504 1286 1560 1335 et
1589 1280 1659 1334 de
1689 1280 1844 1335 dono
1872 1283 2123 1352 Spiritus

476 1374 663 1431 sancti
694 1373 950 1445 probare
981 1370 1164 1425 voluit
1192 1369 1475 1424 Gentibus
1506 1369 1670 1439 quod
1701 1371 2027 1440 pertineant
2048 1372 2125 1425 ad

475 1462 939 1536 promissionem
977 1457 1363 1513 hwreditatis.
1397 1460 1523 1512 Non
1566 1459 1722 1512 enim
1756 1460 2126 1529 evangeliza-

478 1561 603 1609 tum
625 1557 712 1605 est
737 1548 1043 1611 Gentibus,
1061 1547 1172 1601 nisi
1194 1552 1330 1616 post
1356 1562 1673 1601 ascensum
1702 1548 2003 1604 Dominiet
2024 1550 2125 1604 ad-

476 1646 720 1696 ventum
754 1638 1001 1708 Spiritus
1027 1636 1233 1691 sancti.
1256 1638 1568 1706 Cmperant
1593 1637 1751 1691 enim
1780 1638 1904 1707 jam
1937 1638 2127 1693 Judaei

477 1728 736 1790 credere,
760 1742 898 1782 cum
936 1725 995 1778 in
1031 1724 1197 1779 terris
1236 1723 1434 1778 adhuc
1473 1724 1649 1779 Filius
1679 1725 1775 1781 Dei
1813 1726 2127 1782 mortalem

477 1818 785 1874 hominem
812 1818 1059 1884 gereret,
1083 1814 1232 1868 sicut
1252 1814 1311 1867 in
1345 1813 1659 1883 Evangelio
1682 1816 1969 1885 scriptum
1997 1822 2122 1871 est:

480 1906 581 1963 ubi
611 1920 963 1977 quanquam
995 1908 1049 1957 et
1080 1904 1431 1958 Chananaeae
1464 1902 1727 1958 mulieris
1759 1904 1938 1959 ﬁdem
1996 1906 2128 1977 ipse

479 1996 808 2053 laudaverit
839 1993 1054 2064 (Matth.
1088 2008 1181 2056 xv,
1216 1991 1329 2063 28),
1363 1997 1419 2046 et
1449 1991 1607 2046 illius
1632 1993 2024 2063 Centurionis,
2054 1996 2128 2051 de

477 2101 594 2157 quo
620 2086 701 2139 ait
726 2099 846 2138 non
881 2099 944 2137 se
974 2081 1274 2136 invenisse
1302 2079 1481 2135 talem
1514 2081 1694 2137 ﬁdem
1722 2082 1781 2136 in
1810 2083 1989 2139 lsrael
2018 2085 2127 2153 (Id.

477 2190 598 2239 vin,
631 2177 715 2243 10)
745 2188 761 2239 ;
792 2177 993 2227 tamen
1022 2171 1261 2241 proprie
1284 2168 1657 2225 tuncJudaais
1686 2185 1811 2227 esse
1830 2174 2131 2243 evangeli-

478 2268 697 2328 zatum,
733 2261 926 2317 verbis
955 2260 1141 2330 ipsius
1172 2258 1403 2313 Domini
1434 2259 1579 2313 satis
1596 2260 1823 2315 clarum
1847 2264 1955 2328 est,
1990 2279 2127 2319 cum

480 2351 557 2406 ad
612 2350 801 2422 ipsius
830 2348 1178 2404 Chananasaa
1209 2347 1689 2418 deprecationem
1725 2349 1873 2405 dixit
1904 2367 2025 2406 non
2068 2367 2130 2407 se

480 2456 610 2496 esse
644 2441 896 2495 missum
940 2438 1050 2492 nisi
1083 2438 1160 2493 ad
1209 2452 1350 2492 oves
1380 2453 1515 2509 quas
1562 2439 1865 2509 perierunt
1906 2441 2127 2496 domus

481 2530 662 2585 Israel
689 2529 796 2600 (Id.
828 2544 928 2593 xv,
956 2527 1050 2598 24)
1077 2530 1167 2581 :et
1196 2525 1526 2597 discipulos
1556 2543 1694 2582 cum
1722 2530 1997 2599 mitteret,
2025 2532 2128 2599 ait,

480 2621 546 2675 In
574 2620 715 2673 viam
745 2616 993 2671 Gentium
1026 2632 1087 2669 ne
1108 2614 1375 2680 abis-ritis,
1404 2622 1452 2669 et
1476 2616 1790 2670 incivitates
1816 2618 2133 2675 Samarita-

481 2724 674 2763 norum
690 2723 753 2760 ne
766 2707 846 2759 int
855 2704 1102 2760 roieritis
1120 2718 1141 2772 ,'
1152 2702 1239 2757 sed
1252 2703 1323 2757 ite
1337 2704 1584 2773 primum
1598 2704 1669 2757 ad
1684 2722 1798 2759 oves
1816 2723 1933 2776 quae
1951 2710 2131 2778 perie-

480 2805 612 2852 runt
637 2797 820 2850 domus
842 2793 1019 2848 Israel
1045 2792 1151 2862 (Id.
1178 2808 1236 2856 Χ,
1266 2792 1317 2855 5,
1344 2792 1418 2861 6).
1445 2793 1713 2847 Gentium
1734 2802 1933 2850 autem
1966 2798 2130 2853 aliud

480 2886 628 2940 ovile
659 2884 998 2956 appellavit,
1039 2896 1177 2935 cum
1207 2880 1445 2946 diceret,
1478 2880 1660 2936 Habeo
1687 2882 1829 2937 alias
1858 2900 1974 2940 oves
2012 2905 2129 2957 quae

483 2991 587 3028 non
612 2981 736 3027 sunt
763 2972 823 3025 de
856 2970 949 3025 hoc
986 2969 1121 3023 ovili
1147 2989 1167 3039 ς
1203 2985 1357 3040 quas
1389 2974 1593 3026 tamen
1629 2987 1691 3027 se
1721 2973 2130 3032 adducturum

481 3066 657 3129 ait,ut
680 3066 832 3118 esset
856 3074 1011 3115 unus
1033 3074 1191 3131 grex,
1218 3064 1442 3114 etunus
1467 3065 1675 3131 pastor
1697 3062 1876 3133 (Joan.
1905 3081 1963 3131 x,
1997 3068 2083 3137 t6)
2113 3082 2127 3123 :

479 3152 726 3226 quando
777 3153 1000 3214 autem,
1045 3148 1159 3203 nisi
1196 3152 1328 3220 post
1370 3148 1857 3207 clariﬁcationem
1899 3171 2071 3211 suam
2102 3157 2129 3211 ‘I

480 3247 615 3298 Post
644 3239 1131 3297 resurrectionem
1174 3244 1373 3294 autem
1396 3238 1574 3294 etiam
1607 3241 1682 3295 ad
1716 3244 1924 3297 Gentes
1954 3244 2129 3301 disci-

480 3332 653 3404 pulos
685 3330 861 3394 misit,
895 3344 1033 3382 cum
1074 3343 1173 3382 eos
1199 3326 1436 3382 interim
1465 3330 1850 3401 Jerosolymaa
1884 3349 2127 3391 manere

475 3422 771 3494 jussisset,
792 3420 983 3475 donec
1009 3417 1093 3472 eis
1120 3417 1451 3473 secundum
1470 3419 1929 3488 promissionem
1950 3440 2122 3482 suam

481 3512 761 3582 Spiritum
785 3513 1057 3564 sanctum
1088 3507 1340 3561 mitteret
1362 3506 1506 3577 (Act.
1532 3523 1568 3572 ι,
1596 3510 1674 3577 4).
1706 3512 1852 3564 Cum
1875 3526 2015 3580 ergo
2043 3514 2127 3569 di.

476 3600 661 3657 xisset
681 3598 1017 3670 Apostolus,
1046 3596 1204 3651 Misit
1228 3595 1366 3649 Deus
1395 3595 1601 3651 Filium
1624 3613 1801 3661 suum,
1831 3600 2035 3669 factum
2061 3621 2126 3659 ea:

480 3691 728 3753 muliere,
757 3688 967 3757 factum
999 3686 1094 3741 sub
1120 3686 1276 3757 Lege,
1330 3693 1390 3740 ut
1423 3701 1504 3739 eos
1537 3686 1633 3757 qui
1655 3687 1751 3741 sub
1782 3689 1918 3760 Lege
1967 3699 2126 3748 erant

480 3780 783 3841 redimeret,
816 3784 873 3830 ut
904 3776 1238 3845 adoptionem
1272 3776 1514 3845 ﬁliorum
1558 3777 1879 3847 recipiamus
1906 3780 2115 3851 (Galat.

478 3884 556 3932 tv,
585 3868 671 3937 4);
696 3865 957 3921 restabat
979 3865 1227 3919 utetiam
1248 3866 1480 3929 Gentes,
1506 3881 1640 3935 quae
1670 3882 1789 3922 non
1818 3874 1988 3926 erant
2009 3873 2122 3928 sub

478 3956 651 4023 Lege,
676 3954 755 4008 ad
784 3953 1275 4007 eamdemtamen
1290 3953 1673 4024 adoptionem
1708 3956 1965 4014 ﬁliorum
1996 3977 2124 4030 per-

478 4044 662 4098 tinere
692 4040 1027 4096 ostenderet
1058 4056 1070 4094 :
1115 4040 1279 4110 quod
1310 4040 1384 4094 de
1424 4045 1612 4097 sancti
1656 4045 1905 4114 Spiritus
1936 4048 2119 4117 dono,

474 4129 881 4203 quiomnibus
898 4129 1076 4184 datus
1105 4134 1210 4191 est,
1240 4128 1433 4184 docet.
1463 4130 1625 4184 Unde
1643 4148 1704 4187 se
1726 4134 1901 4189 etiam
1926 4137 2122 4194 Petrus

474 4222 548 4277 de
580 4220 879 4292 baptizato
901 4210 1317 4272 incircumciso
1348 4218 1700 4275 Centurione
1732 4224 2003 4282 Cornelio
2024 4228 2121 4283 de-

471 4310 659 4367 fendit
678 4308 841 4381 apud
858 4308 1096 4362 Judaaos
1116 4305 1221 4377 qui
1249 4306 1644 4375 crediderant,
1677 4309 1884 4367 dicens
1909 4330 2031 4371 non
2059 4334 2119 4373 se

470 4400 735 4472 potuisse
775 4412 999 4469 aquam
1031 4410 1251 4465 negare
1290 4395 1403 4449 illis
1457 4412 1608 4467 quos
1657 4398 1781 4468 jam
1838 4402 2119 4473 Spiritum

470 4494 746 4545 sanctum
776 4486 1077 4559 accepisse
1117 4485 1410 4541 claruerat
1448 4486 1592 4556 (Act.
1622 4503 1679 4551 x,
1726 4489 1837 4561 47).
1878 4494 2023 4547 Nam
2065 4500 2121 4551 et

466 4580 596 4650 ipso
628 4577 988 4648 gravissimo
1018 4575 1380 4630 documento
1423 4577 1599 4632 etiam
1652 4580 1926 4649 superius
1972 4598 2117 4637 usus

467 4674 557 4723 est
588 4667 823 4732 Paulus,
865 4680 998 4720 cum
1050 4663 1288 4731 diceret,
1321 4665 1433 4718 Hoc
1477 4664 1647 4720 solum
1690 4668 1804 4723 veto
1847 4668 2048 4725 discere
2084 4688 2118 4725 a

465 4756 609 4811 vobis
642 4774 657 4809 :
691 4757 779 4809 Ea:
818 4754 1067 4825 operibus
1112 4753 1273 4823 Legis
1307 4753 1572 4823 Spiritum
1608 4758 1907 4827 accepistis,
1937 4778 2009 4814 an
2042 4776 2115 4815 ea:

463 4845 664 4899 auditu
706 4844 830 4913 ﬁdei
858 4846 883 4898 ‘?
916 4846 980 4897 Et
1006 4842 1187 4915 paulo
1239 4849 1392 4912 pOSt,
1446 4844 1552 4908 Qui
1580 4860 1705 4915 ergo
1746 4846 1940 4902 tribuit
1974 4850 2117 4904 vobis

462 4934 754 5005 Spiritum,
790 4939 838 4986 et
869 4933 1095 4986 virtutes
1134 4938 1396 5001 operatur
1426 4932 1484 4984 in
1522 4933 1664 4987 vobis
1699 4949 1719 4989 .'
1748 4936 1838 4988 Ex
1866 4938 2115 5007 aperibus

467 5024 639 5095 Legis,
667 5040 737 5077 an
768 5038 842 5076 ea?
868 5021 1064 5075 auditu
1091 5020 1216 5090 ﬁdei
1247 5019 1447 5091 (Galat.
1472 5036 1553 5086 tu,
1580 5026 1632 5088 2,
1663 5024 1716 5094 5)
1746 5024 1772 5076 ?
1802 5025 1895 5079 Sic
1920 5032 1974 5081 et
1995 5027 2109 5093 hic,

462 5114 750 5179 Quoniam,
778 5112 987 5182 inquit,
1013 5109 1121 5180 filii
1150 5109 1252 5163 Dei
1285 5111 1434 5175 estis,
1476 5111 1627 5165 misit
1660 5112 1802 5167 Deus
1830 5114 2110 5185 Spiritum

458 5205 606 5261 Filii
630 5206 717 5261 sui
747 5205 806 5258 in
835 5202 996 5259 corda
1032 5207 1209 5255 vestra
1245 5200 1580 5266 clamantem,
1620 5202 1791 5271 Abba,
1824 5206 2017 5263 Pater.

532 5335 618 5387 32.
652 5330 761 5405 [lb.
796 5346 873 5399 1v,
904 5333 956 5395 7,
991 5328 1066 5400 8.]
1090 5326 1311 5383 Deinde
1345 5328 1823 5386 manifestissime
1852 5334 2110 5391 ostendit

456 5419 529 5475 de
551 5420 642 5474 his
660 5422 838 5476 etiam
860 5436 922 5475 se
939 5418 1154 5481 dicere,
1188 5415 1291 5490 qui
1314 5433 1382 5473 ex
1412 5418 1693 5473 Gentibus
1717 5420 1793 5474 ad
1815 5421 1995 5476 ﬁdem
2014 5438 2107 5478 ve-

455 5516 682 5577 nerant,
710 5509 777 5563 ad
798 5525 950 5580 quos
971 5510 1149 5565 etiam
1172 5507 1493 5579 Epistolam
1521 5507 1743 5575 scribit,
1762 5504 2103 5582 Itaqueiam,

452 5594 665 5663 inquit,
692 5614 794 5650 non
817 5605 890 5651 est
910 5613 1109 5661 servus,
1139 5599 1227 5652 sed
1256 5598 1409 5669 ﬁlius
1438 5615 1453 5652 :
1486 5605 1729 5671 prOpter
1752 5598 1807 5653 id
1833 5602 1995 5672 quod
2021 5602 2105 5657 di-

451 5686 637 5747 xerat,
690 5684 959 5748 Quamdiu
998 5687 1170 5741 turres
1218 5687 1481 5759 parvulus
1537 5696 1630 5754 est,
1665 5688 1810 5743 nihil
1850 5689 2034 5761 diﬂert
2065 5706 2100 5746 a

1464 174 1830 255 EPISTQLE
1868 179 1961 231 AD
1999 174 2347 247 GALATAS,
2391 175 2450 233 S.
2493 173 2881 234 AUGUSTINI

3616 54 3625 61 ,
3838 52 3843 57 .

3745 177 3888 233 2128

2228 319 2399 359 servo.
2430 302 2491 357 Si
2518 310 2696 357 autem
2722 303 2897 373 ﬁlius,
2931 302 3145 372 inquit,
3178 307 3227 357 et
3255 300 3424 357 haeres
3449 318 3551 373 per
3572 302 3745 358 Deum
3775 319 3796 357 :
3823 303 3888 359 id

2234 397 2341 457 est,
2374 406 2480 461 per
2510 390 2980 446 misericordiam
3008 391 3125 454 Dei,
3160 406 3281 447 non
3313 407 3417 463 per
3447 392 3889 463 promissione:

2235 484 2494 551 patrum,
2510 479 2584 533 de
2604 479 2824 551 quibus
2844 477 3158 535 carnaliter
3188 480 3535 535 sicutJudaai
3566 486 3745 536 natus
3769 495 3893 536 non

2237 572 2322 622 est
2354 584 2369 633 ;
2400 568 2503 623 sed
2537 573 2735 623 tamen
2770 567 2922 622 ﬁlius
2960 567 3217 623 Abrahae
3246 570 3580 623 secundum
3613 570 3894 625 imitatio-

2236 672 2373 713 nem
2388 657 2548 723 ﬁdei,
2563 656 2730 728 cujus
2744 656 2880 711 ﬁdei
2896 656 3146 725 gratiam
3165 670 3268 728 per
3289 658 3764 714 misericordiam
3783 658 3897 713 Do-

2235 746 2381 801 mini
2402 745 2750 802 meruit.Sed
2768 752 2891 800 tunc
2907 745 3683 818 quidem,inquit,ignorantes
3698 747 3895 815 Deum,

2236 836 2319 889 his
2346 835 2438 906 qui
2460 834 2796 889 naturaliter
2828 851 2933 889 non
2964 842 3088 889 sunt
3117 834 3204 888 dii
3226 836 3491 890 servistis.
3543 836 3712 891 Nunc
3736 842 3895 892 certe

2235 924 2379 996 quia
2400 940 2521 980 non
2540 924 2757 979 Judaais
2771 922 2998 987 scribit,
3017 922 3122 978 sed
3149 923 3430 979 Gentibus
3466 941 3479 989 ;
3512 940 3621 981 nec
3648 926 3750 989 ait,
3775 941 3894 981 ser-

2235 1014 2517 1078 vivimus,
2547 1012 2928 1077 sed,servistis
2950 1028 2967 1067 :
2993 1012 3135 1067 satis
3154 1012 3464 1082 probabile
3481 1020 3569 1069 est
3585 1015 3769 1069 etiam
3792 1030 3891 1068 su-

2234 1102 2433 1175 perius
2453 1102 2525 1156 de
2550 1102 2829 1157 Gentibus
2848 1100 3096 1165 dictum,
3123 1101 3287 1172 quod
3314 1101 3425 1156 sub
3453 1102 3768 1158 elementis
3785 1103 3897 1158 hu-

2232 1195 2331 1267 jus
2366 1191 2575 1246 mundi
2606 1196 2774 1246 erant
2804 1190 3145 1256 servientes,
3179 1195 3470 1262 tanquam
3512 1192 3626 1247 sub
3672 1208 3885 1264 procu-

2233 1279 2532 1335 ratoribus
2546 1284 2601 1334 et
2614 1278 2915 1334 actoribus
2929 1278 3263 1349 (Id.iv,t-3).
3280 1278 3429 1334 Nam
3444 1280 3891 1351 ipsaelementa

2238 1372 2441 1441 utique
2470 1384 2591 1424 non
2622 1372 2760 1422 sunt
2780 1367 3131 1430 naturaliter
3158 1367 3261 1433 dii,
3280 1388 3309 1420 ‹‹
3341 1369 3460 1424 sive
3487 1369 3546 1424 in
3572 1370 3748 1435 caelo,
3770 1372 3891 1426 sive

2236 1461 2293 1515 in
2328 1466 2518 1514 terra:
2546 1456 3067 1529 quemadmodum
3084 1457 3431 1528 multidii,et
3447 1458 3677 1515 domini
3696 1460 3886 1516 multi:

2236 1548 2341 1603 sed
2373 1546 2549 1602 nobis
2579 1561 2736 1601 unus
2767 1548 2919 1601 Deus
2955 1548 3139 1610 Pater,
3172 1561 3243 1601 ex
3271 1562 3393 1618 quo
3417 1549 3645 1613 omnia,
3685 1554 3744 1605 et
3776 1565 3890 1606 nos

2236 1637 2296 1717 ip
2314 1638 2448 1707 ipso
2478 1652 2491 1701 ;
2515 1640 2739 1691 etunus
2756 1634 3047 1691 Dominus
3070 1636 3243 1691 Jesus
3268 1636 3551 1707 Christus,
3576 1654 3685 1709 per
3702 1654 3891 1711 quem

2236 1726 2460 1790 omnia,
2494 1730 2551 1780 et
2578 1740 2688 1779 nos
2715 1740 2819 1795 per
2839 1724 3039 1795 ipsum
3076 1746 3096 1773 ι
3134 1726 3177 1796 (ι
3211 1725 3335 1781 Cor.
3381 1742 3494 1793 vui,
3530 1732 3581 1792 5,
3621 1727 3699 1799 6).
3731 1728 3886 1788 Cum

2238 1822 2434 1870 autem
2453 1813 2615 1879 dicit,
2634 1813 2731 1867 His
2748 1814 3194 1884 quinaturatiter
3213 1830 3328 1871 non
3351 1822 3478 1870 sunt
3494 1816 3597 1883 dii,
3614 1818 3887 1883 servistis,

2238 1904 2381 1960 satis
2426 1903 2796 1958 demonstrat
2823 1918 3012 1958 unum
3044 1919 3249 1959 verum
3290 1904 3475 1960 Deum
3508 1911 3727 1963 natura
3757 1923 3893 1964 esse

2239 1995 2446 2059 Deum,
2469 2007 2593 2064 quo
2609 1991 2851 2047 nomine
2870 1992 3123 2049 Trinitas
3141 1993 3493 2050 ﬁdelissimo
3510 2000 3567 2051 et
3590 1996 3891 2053 catholico

2238 2083 2465 2153 gremio
2485 2081 2681 2137 cordis
2703 2080 3007 2153 accipitur.
3038 2081 3149 2138 Eos
3174 2088 3374 2139 autem
3394 2085 3496 2156 qui
3519 2090 3739 2141 natura
3767 2102 3895 2143 non

2238 2170 2795 2242 suntdii,propterea
2809 2170 3080 2241 superius
3094 2179 3506 2243 procuratores
3521 2178 3894 2246 actoresque,

2237 2259 2669 2333 appellat,quia
2693 2259 2858 2316 nulla
2870 2264 3141 2316 creatura
3151 2264 3261 2327 est,
3281 2262 3396 2316 sive
3408 2277 3543 2333 quas
3564 2263 3625 2318 in
3643 2264 3895 2322 veritate

2239 2347 2621 2415 manet,dans
2650 2346 2903 2417 gloriam
2937 2350 3053 2404 Deo
3074 2348 3232 2415 ;sive
3254 2365 3389 2421 qua:
3416 2350 3477 2406 in
3499 2351 3748 2408 veritate
3772 2369 3893 2409 non

2240 2440 2699 2509 stetit,queerens
2712 2436 2963 2505 gloriam
2977 2437 3345 2493 suammulla
3356 2439 3607 2510 inquam
3621 2447 3895 2499 creatura

2240 2532 2639 2598 est,quasnon,
2663 2523 3200 2590 velitnolit,divinse
3216 2526 3605 2597 providentia
3630 2530 3886 2595 serviat;

2241 2616 2349 2671 sed
2380 2616 2583 2670 volens
2606 2613 2747 2669 facit
2770 2629 2908 2669 cum
2934 2629 3005 2669 ea
3021 2615 3187 2687 quod
3215 2615 3446 2672 bonum
3471 2622 3559 2673 est
3586 2619 3602 2653 ¹
3638 2636 3656 2683 ;
3688 2619 3761 2674 de
3791 2620 3895 2676 illa

2239 2720 2380 2760 vero
2397 2704 2661 2775 quzejhoc
2676 2718 2795 2759 non
2822 2703 2968 2769 vult,
3001 2705 3065 2758 ﬁt
3093 2705 3258 2775 quod
3270 2704 3503 2775 justum
3524 2712 3634 2762 est.
3669 2711 3817 2765 Nam
3843 2710 3893 2766 si

2238 2793 2416 2864 etiam
2440 2793 2554 2864 ipsi
2574 2793 3059 2864 praevaricatores
3072 2793 3289 2863 angeli,
3313 2810 3452 2850 cum
3484 2797 3756 2869 principe
3784 2815 3894 2855 suo

2238 2880 2503 2947 diabolo,
2537 2897 2659 2937 non
2689 2887 2840 2937 recte
2864 2881 3202 2937 dicerentur
3220 2890 3640 2953 procuratores
3670 2886 3763 2941 vel
3797 2903 3894 2944 ac-

2238 2977 2392 3027 tores
2418 2970 2633 3026 divinae
2660 2970 3067 3042 providentiaa,
3102 2985 3223 3026 non
3251 2971 3540 3028 Dominus
3572 2976 3897 3045 magistra-

2240 3066 2362 3116 tum
2404 3060 2585 3130 hujus
2617 3061 2823 3115 mundi
2854 3058 3164 3116 diabolum
3191 3060 3413 3117 diceret
3445 3078 3459 3127 ;
3487 3078 3595 3119 nec
3626 3072 3894 3123 uteretur

2236 3150 2335 3206 illo
2356 3150 2431 3205 ad
2463 3148 2898 3220 correptionem
2920 3147 3239 3205 hominum
3261 3152 3394 3221 ipsa
3418 3157 3687 3223 potestas
3711 3171 3894 3226 apos-

2238 3239 2433 3311 tolica,
2449 3238 2660 3294 eodem
2675 3238 2854 3293 Paulo
2867 3237 3006 3293 alibi
3019 3238 3417 3305 dicente,Quos
3429 3242 3642 3297 tradidi
3652 3251 3886 3312 satanas,

2235 3334 2295 3383 ut
2324 3328 2533 3383 discant
2563 3344 2667 3381 non
2696 3326 3059 3397 blasphemare
3077 3328 3119 3398 (l
3144 3328 3279 3382 Tim.
3305 3345 3342 3399 ι,
3370 3330 3462 3401 20)
3489 3339 3580 3389 :et
3601 3332 3720 3388 alio
3753 3334 3889 3391 loco

2234 3417 2311 3475 ad
2338 3416 2590 3472 salutem
2626 3435 2638 3483 ;
2668 3416 2749 3471 ait
2778 3416 2958 3482 enim,
2995 3435 3023 3468 «
3056 3419 3173 3486 Ego
3203 3417 3448 3489 quidem
3481 3421 3632 3477 sicut
3663 3423 3889 3480 absens

2233 3520 2501 3581 cprpore,
2521 3519 2786 3575 prmsens
2801 3509 3000 3559 autem
3022 3504 3252 3577 spiritu,
3269 3507 3395 3577 jam
3414 3508 3683 3579 judicavi
3707 3516 3884 3584 quasi

2224 3589 2521 3667 praesens,
2552 3609 2689 3649 eum
2719 3594 2822 3665 qui
2849 3594 2933 3649 sic
2959 3600 3237 3666 operatus
3270 3602 3377 3663 est,
3399 3598 3457 3652 in
3482 3600 3731 3657 nomine
3775 3605 3890 3660 Do-

2231 3684 2378 3742 mini
2411 3684 2597 3739 nostri
2624 3684 2761 3739 Jesu
2789 3683 2997 3740 Christi
3042 3685 3419 3756 congregatis
3439 3688 3609 3744 vobis
3650 3697 3711 3746 et
3750 3710 3889 3751 meo

2234 3774 2465 3845 spiritu,
2505 3789 2640 3828 cum
2682 3773 2947 3844 potentia
2992 3773 3221 3829 Domini
3254 3776 3443 3830 nostri
3465 3776 3606 3833 Jesu
3650 3782 3887 3848 Christi,

2231 3862 2461 3918 tradere
2490 3862 2843 3933 hujusmodi
2884 3868 3109 3918 satanas
3138 3864 3201 3917 in
3227 3863 3527 3922 interitum
3561 3871 3790 3938 carnis,
3822 3880 3888 3929 ut

2229 3951 2467 4024 spiritus
2496 3950 2697 4006 salvus
2728 3951 2871 4007 sitin
2887 3951 2981 4006 die
3003 3951 3239 4007 Domini
3260 3954 3397 4009 Jesu
3424 3955 3469 4022 (Ι
3499 3957 3629 4011 Cor.
3668 3976 3717 4025 v,
3748 3964 3887 4033 3-5).

2230 4041 2343 4097 Sed
2382 4046 2438 4096 et
2479 4041 2857 4110 magistratus
2900 4040 3012 4095 sub
3044 4045 3266 4098 statuto
3296 4044 3317 4076 ³
3364 4044 3729 4115 imperatore
3766 4066 3889 4107 non

2228 4128 2386 4193 facit,
2421 4128 2535 4183 nisi
2575 4135 2867 4199 quantum
2916 4127 2995 4183 illi
3024 4130 3414 4200 permittitur;
3447 4137 3504 4188 et
3532 4143 3889 4204 procurato-

2228 4234 2320 4273 res
2334 4222 2681 4289 actoresque
2698 4216 2878 4288 hujus
2910 4217 3118 4272 mundi
3143 4217 3286 4274 nihil
3304 4218 3550 4288 faciunt,
3566 4222 3683 4279 nisi
3698 4242 3890 4297 quan-

2227 4310 2356 4363 tum
2401 4308 2687 4362 Dominus
2726 4306 2884 4362 sinit.
2926 4305 3052 4362 Non
3085 4308 3245 4364 enim
3275 4308 3415 4365 latet
3455 4325 3593 4367 eum
3628 4314 3885 4388 aliquid,

2227 4396 2379 4451 sicut
2402 4396 2707 4451 hominem
2735 4418 2746 4461 ;
2785 4400 2886 4451 aut
2916 4395 2974 4450 in
2998 4395 3200 4469 aliquo
3232 4402 3319 4453 est
3336 4399 3534 4455 minus
3565 4408 3891 4473 potens,ut

2227 4489 2642 4559 procuratores
2662 4489 2839 4557 atque
2859 4489 3112 4555 actores,
3140 4486 3243 4558 qui
3276 4492 3416 4543 sunt
3439 4489 3497 4545 in
3517 4490 3652 4562 eius
3681 4502 3888 4565 potes-

2225 4580 2363 4639 tate,
2406 4573 2633 4645 aliquid
2662 4573 2792 4645 ipso
2838 4575 2961 4629 sive
2992 4590 3112 4630 non
3140 4577 3541 4645 permittente,
3573 4581 3700 4638 sive
3749 4599 3887 4641 nes-

2224 4664 2431 4729 ciente,
2455 4664 2513 4718 in
2546 4663 2829 4733 subjectis
2863 4664 2971 4719 sibi
3001 4680 3107 4735 pro
3144 4681 3254 4720 suo
3302 4668 3495 4736 gradu
3523 4670 3709 4727 rebus
3761 4676 3887 4730 efﬁ-

2225 4754 2402 4809 ciant.
2440 4754 2563 4807 Non
2596 4753 2679 4807 eis
2714 4756 2915 4807 tamen
2973 4754 3338 4825 rependitur,
3372 4758 3538 4828 quod
3599 4759 3679 4816 de
3738 4764 3883 4835 ipsis

2216 4842 2376 4914 juste
2423 4842 2507 4907 ﬁt,
2542 4841 2643 4895 sed
2672 4857 2790 4912 quo
2820 4842 3024 4896 animo
3050 4844 3163 4915 ipsi
3206 4843 3431 4901 faciunt
3462 4865 3475 4899 :
3504 4848 3651 4919 quia
3682 4867 3885 4926 neque

2221 4931 2470 4985 liberam
2505 4930 2865 4985 voluntatem
2910 4932 3182 4989 rationali
3227 4938 3505 4990 creaturae
3542 4954 3672 4994 sure
3728 4943 3884 4998 Deus

2220 5021 2457 5089 negavit
2488 5025 2581 5085 ;et
2603 5024 2825 5075 tamem
2857 5026 3232 5091 potestatem,
3264 5038 3389 5095 qua
3414 5026 3588 5082 etiam
3618 5027 3881 5099 injustos

2214 5110 2374 5181 juste
2400 5110 2653 5175 ordinat,
2688 5109 2800 5165 sibi
2839 5109 3093 5166 retinuit.
3126 5113 3313 5177 Quem
3360 5112 3560 5171 locum
3596 5116 3779 5175 latius
3826 5126 3883 5177 et

2278 5320 2485 5392 ‘_Lov.,
2521 5337 2583 5392 ex
2609 5324 2925 5392 auctoritate
2959 5326 3123 5375 trium
3152 5329 3672 5392 manuscriptorum,
3702 5334 3879 5383 volens

2214 5387 2356 5451 facit,
2386 5402 2496 5435 cum
2530 5388 2589 5451 de
2624 5402 2678 5436 ea
2706 5389 2839 5450 quod
2865 5388 3051 5437 bonum
3081 5394 3151 5437 est
3183 5389 3255 5451 ﬁt.
3284 5387 3447 5441 Ante'
3468 5406 3593 5442 vero
3623 5387 3681 5444 in
3717 5396 3877 5445 editis

2213 5450 2329 5497 Am.
2348 5453 2407 5516 _e_t
2434 5451 2519 5516 Er.
2548 5449 2843 5516 legebatur,
2870 5452 3041 5500 volens
3058 5449 3307 5513 facit‘eum
3327 5469 3385 5502 ea
3404 5454 3875 5516 (subaudi,divina

2214 5512 2567 5586 providentia)
2597 5512 2728 5586 qugd
2760 5514 2945 5561 bonum
2972 5512 3615 5586 est":__quam_lectio_nem
3654 5512 3880 5571 ﬁrmant

2212 5587 2399 5643 omnes
2450 5578 2619 5643 nostri
2650 5576 2770 5643 Mss.
2799 5580 3021 5643 excepto
3049 5576 3339 5635 Albinensi,
3362 5581 3453 5643 qui
3484 5580 3670 5643 habet,
3699 5586 3881 5635 volens

2209 5637 2349 5699 facit,
2376 5651 2493 5686 eum
2516 5638 2640 5699 facit
2676 5639 2731 5686 id
2757 5640 2890 5701 quod
2921 5637 3109 5688 bonum
3136 5646 3225 5689 est.

2277 5702 2294 5733 ²
2324 5701 2440 5747 Am.
2470 5701 2551 5749 Er.
2576 5705 2628 5778 et
2658 5701 2845 5753 decem
2879 5702 3141 5775 Mss.,.sub
3183 5709 3344 5772 tanta.
3412 5766 3421 5777 .
3838 5716 3849 5747 ³

4089 0 4110 71 'T
