4112 6192
256 217 400 273 2129

260 340 513 398 uberius
544 340 603 395 in
616 340 782 397 libris
812 339 941 397 aliis
967 357 1125 414 saepe
1154 343 1172 379 ¹
1212 343 1596 400 tractavimus
1631 344 1721 415 (In
1748 344 1910 400 libris

252 431 319 485 de
346 429 541 485 Libero
565 429 865 501 Arbitrio).
892 430 1028 487 Sive
1057 447 1199 501 ergo
1231 432 1416 488 solem
1449 438 1506 489 et
1527 433 1734 489 lunam
1759 440 1814 487 et
1843 436 1915 488 si-

254 518 403 575 dera
443 523 501 573 et
550 519 770 574 coelum
801 525 856 575 et
898 524 1137 586 terram,
1176 526 1509 593 cmteraque
1562 522 1912 591 hujusmodi

252 610 467 665 Gentes
506 607 803 676 colebant,
839 609 961 664 sive
993 610 1313 676 daemonia,
1368 616 1524 666 recte
1553 610 1666 667 sub
1700 626 1911 681 procu—

248 696 555 754 ratoribus
582 696 953 753 etactoribus
988 698 1168 755 fuisse
1194 699 1630 771 intelliguntur.

326 785 530 857 33.[Ib.
550 784 714 858 1v,9.]
727 787 1157 843 Verumtamen
1181 804 1251 843 ea
1273 804 1408 861 quae
1422 789 1910 859 sequuntur,jam

251 874 792 947 quasiexplicatam
805 876 1204 947 quaestionem
1219 893 1423 932 rursus
1440 876 1908 948 implicant.Cum

254 964 418 1020 enim
436 979 541 1034 per
557 969 740 1020 totam
757 964 1076 1035 Epistolam
1094 982 1211 1021 non
1228 966 1304 1021 ab
1317 966 1445 1022 aliis
1463 967 1738 1022 ostendat
1751 964 1911 1023 solli-

250 1053 493 1109 citatam
512 1051 695 1108 t'uisse
710 1052 1050 1109 Galatarum
1065 1054 1387 1120 ﬁdem,nisi
1405 1055 1482 1111 ab
1495 1056 1577 1110 eis
1590 1056 1693 1127 qui
1712 1073 1782 1111 ex
1804 1056 1910 1111 cir-

254 1141 621 1197 cumcisione
648 1147 834 1207 erant,
870 1148 926 1198 et
952 1143 1029 1199 ad
1046 1143 1313 1200 carnales
1337 1144 1787 1200 observationes
1810 1146 1911 1200 Le-

256 1231 368 1301 gis,
385 1237 675 1303 tanquam
699 1232 757 1286 in
775 1232 1029 1286 eissalus
1051 1232 1531 1295 esset,adducere
1552 1234 1909 1304 cupiebant;

252 1320 603 1376 hoctantum
624 1319 847 1376 locoad
877 1337 978 1376 eos
1004 1320 1170 1393 loqui
1201 1322 1451 1387 videtur,
1478 1324 1581 1394 qui
1616 1323 1693 1378 ad
1716 1323 1910 1378 Genti-

250 1410 401 1465 lium
415 1409 867 1481 superstitiones
882 1410 1071 1466 redire
1088 1411 1669 1466 tentarent.Aitenim
1687 1415 1909 1467 :«Nunc

252 1504 457 1555 autem
489 1505 913 1569 cognoscentes
942 1501 1147 1565 Deum,
1173 1501 1294 1555 imo
1314 1501 1533 1569 cogniti
1550 1517 1584 1556 a
1601 1504 1737 1566 Deo,
1761 1516 1907 1573 quo-

252 1588 439 1643 modo
479 1588 841 1644 revertimini
873 1587 1086 1644 iterum
1119 1589 1195 1644 ad
1226 1589 1465 1645 inﬁrma
1496 1597 1551 1644 et
1579 1604 1767 1659 egena
1799 1590 1909 1645 ele-

255 1677 718 1749 menta,quibus
732 1693 937 1732 rursus
954 1682 1204 1735 utantea
1217 1680 1435 1735 servire
1450 1679 1627 1735 vultis
1652 1680 1680 1734 ‘I
1703 1699 1730 1731 »
1761 1682 1823 1734 ln
1837 1694 1908 1735 eo

253 1766 593 1837 enimquod
616 1765 776 1831 dicit,
810 1767 1176 1832 revertimini,
1200 1768 1446 1840 quando
1467 1784 1588 1823 non
1605 1768 1910 1823 circumci-

255 1854 359 1917 sis,
394 1855 500 1910 sed
514 1855 793 1911 Gentibus
824 1856 1105 1929 loquitur,
1123 1859 1274 1913 sicut
1298 1859 1494 1913 intota
1518 1858 1775 1929 Epistola
1806 1872 1909 1928 ap-

253 1949 425 2015 paret
452 1960 466 2010 ;
492 1959 613 2000 non
654 1944 857 2017 utique
883 1946 961 2001 ad
992 1946 1506 2002 circumcisionem
1532 1946 1673 2001 dicit
1696 1962 1799 2001 eos
1822 1961 1909 2002 re-

251 2032 419 2096 verti,
450 2032 511 2087 in
535 2049 659 2103 qua
676 2048 990 2104 nunquam
1014 2038 1201 2103 erant,
1232 2035 1338 2090 sed
1362 2034 1905 2106 adinﬁrma,inquit,

254 2128 305 2177 et
318 2138 476 2192 egena
487 2121 763 2186 elementa,
786 2122 975 2194 quibus
1000 2139 1197 2179 rursus
1219 2129 1279 2179 ut
1302 2131 1463 2179 antea
1481 2125 1687 2179 servire
1718 2123 1905 2179 vultis.

255 2210 514 2275 Quodde
539 2211 817 2267 Gentibus
845 2211 1169 2282 intelligere
1183 2214 1454 2282 cogimur
1486 2213 1608 2268 :his
1639 2212 1798 2268 enim
1815 2228 1908 2266 su-

254 2299 621 2371 pradixerat,
642 2298 742 2354 Sed
765 2307 893 2356 tunc
916 2300 1125 2371 quidem
1155 2302 1465 2372 ignorantes
1497 2302 1683 2368 Deum,
1716 2301 1906 2372 bisqui

252 2396 458 2444 natura
481 2406 587 2444 non
609 2396 735 2445 sunt
760 2389 862 2455 dii,
889 2391 1135 2445 servistis
1155 2390 1361 2461 (Galat.
1395 2408 1474 2455 1v,
1490 2395 1542 2461 8)
1570 2408 1583 2457 ;
1618 2391 1695 2447 ad
1722 2406 1907 2461 quam

250 2478 601 2551 servitutem
626 2480 834 2535 reverti
864 2495 967 2535 eos
998 2479 1141 2535 velle
1172 2480 1634 2549 signiﬁcat,cum
1665 2479 1906 2543 811,οιιο-

253 2566 406 2621 modo
431 2568 774 2623 revertimini
800 2568 871 2623 ad
895 2570 1119 2639 inﬁrma
1149 2576 1197 2624 et
1229 2586 1389 2641 egena
1401 2569 1681 2635 elementa,
1716 2570 1907 2641 quibus

253 2673 453 2712 rursus
473 2664 533 2712 ut
562 2666 720 2713 antea
744 2659 947 2713 servire
960 2659 1123 2713 vultis
1154 2659 1181 2711 Ῠ

330 2748 419 2803 34.
449 2746 560 2818 [1b.
583 2764 658 2811 tv,
689 2749 773 2813 to,
808 2747 917 2820 11.]
946 2747 1117 2814 Quod
1141 2753 1341 2804 autem
1367 2748 1662 2821 adjungit,
1686 2747 1907 2803 Diesob-

255 2838 503 2901 servatis,
529 2842 580 2893 et
618 2853 833 2902 menses,
866 2846 913 2892 et
950 2853 1137 2901 annos,
1170 2844 1219 2892 et
1271 2844 1546 2907 tempora:
1600 2838 1756 2892 timeo
1794 2854 1904 2903 vos,

256 2944 321 2981 ne
350 2927 491 2997 forte
516 2928 631 2981 sine
659 2942 820 2981 causa
848 2926 1205 2981 laboraverim
1238 2926 1297 2980 in
1322 2943 1410 2980 vos
1440 2932 1483 2989 ³,
1525 2928 1718 2995 magis
1748 2926 1904 2982 hanc

255 3015 613 3072 sententiam
632 3015 988 3071 conﬁrmare
1008 3015 1191 3071 videri
1212 3020 1419 3086 potest.
1444 3014 1907 3085 Vulgatissimus

256 3112 346 3161 est
370 3105 528 3160 enim
562 3120 723 3160 error
754 3105 1065 3161 Gentilium
1086 3106 1211 3170 iste,
1246 3110 1308 3159 ut
1329 3104 1418 3159 vel
1450 3103 1511 3159 in
1544 3104 1790 3173 agendis
1812 3120 1906 3159 re-

255 3195 399 3260 bus,
420 3193 511 3249 vel
542 3195 603 3248 in
617 3194 1002 3265 expectandis
1023 3194 1249 3249 eventis
1266 3193 1402 3248 vitae
1434 3209 1503 3249 ac
1528 3194 1907 3263 negotiorum

256 3300 531 3347 suorum,
563 3283 641 3339 ab
672 3281 982 3352 astrologis
1008 3289 1063 3337 et
1094 3282 1386 3337 Chaldaeis
1412 3288 1648 3337 notatos
1673 3282 1821 3346 dies,
1853 3288 1909 3337 et

256 3389 512 3437 menses,
549 3378 604 3427 et
634 3388 849 3436 annos,
882 3378 937 3427 et
960 3377 1231 3443 tempora
1264 3371 1598 3427 observent.
1636 3371 1907 3427 Fortasse

258 3474 463 3519 tamen
493 3476 614 3517 non
640 3476 793 3533 opus
814 3466 900 3517 est
932 3466 996 3516 ut
1022 3460 1137 3516 hoc
1168 3460 1240 3516 de
1268 3461 1583 3516 Gentilium
1606 3476 1799 3516 errore
1825 3461 1909 3516 in-

256 3551 699 3620 telligamus,ne
728 3550 1116 3605 intentionem
1136 3564 1546 3621 causm,quam
1562 3549 1639 3605 ab
1662 3548 1908 3605 exordio

256 3644 600 3711 susceptam
626 3638 703 3694 ad
720 3639 899 3693 ﬁnem
921 3654 1109 3709 usque
1136 3638 1428 3709 perducit,
1445 3638 1644 3693 subito
1670 3638 1728 3692 in
1743 3638 1909 3694 aliud

258 3733 313 3783 te
324 3727 563 3797 mercde
581 3727 1007 3799 torquerevelle
1022 3726 1363 3791 videamur;
1382 3727 1484 3782 sed
1498 3726 1569 3781 de
1584 3725 1672 3781 his
1687 3725 1905 3796 potius,

253 3816 562 3888 dequibus
588 3815 870 3872 cavendis
896 3832 1031 3871 eum
1058 3830 1232 3885 agere
1247 3820 1549 3886 pertotam
1582 3814 1908 3885 Epistolam

246 3910 524 3978 apparet.
558 3907 709 3960 Nam
726 3903 981 3960 etludaai
1003 3902 1293 3959 serviliter
1320 3903 1640 3960 observant
1671 3902 1822 3966 dies,
1851 3906 1908 3958 et

238 4010 515 4063 "menses,
530 3998 584 4049 et
601 4009 813 4059 annos,
830 3998 881 4049 et
900 3998 1170 4063 tempora
1186 3992 1245 4047 in
1259 3992 1483 4048 carnali
1495 3992 1907 4047 observatione

252 4083 996 4149 sabbatietneomenim,et
1023 4096 1225 4137 mense
1240 4097 1557 4147 novorum,
1573 4086 1628 4136 et
1655 4080 1907 4152 septimo

248 4187 498 4245 quoque
522 4187 681 4228 anno
693 4187 871 4243 quem
908 4175 1116 4226 vocant
1142 4170 1473 4226 Sabbatum
1493 4170 1905 4225 sabbatorum.

251 4263 400 4328 Quae
429 4259 903 4332 quoniameraut
934 4259 1163 4315 umbras
1194 4258 1553 4322 futurorum,
1582 4258 1708 4329 jam
1734 4258 1909 4314 adve-

251 4351 454 4406 niente
483 4349 710 4405 Christo
741 4350 801 4403 in
836 4349 1250 4420 superstitione
1300 4352 1737 4412 remanserunt,
1770 4364 1907 4402 cum

252 4445 539 4510 tanquam
554 4437 839 4494 salutaria
851 4436 1909 4507 observarenturanescientibusquo

251 4527 566 4583 referenda
598 4528 744 4583 sint:
783 4531 843 4582 ut
878 4532 1165 4599 tanquam
1210 4526 1321 4582 hoc
1348 4526 1560 4581 dixerit
1590 4525 1909 4596 Apostolus

254 4616 567 4681 Gentibus,
585 4616 738 4681 Quid
760 4615 1003 4687 prodest
1018 4631 1121 4671 vos
1142 4616 1405 4672 evasisse
1422 4615 1760 4670 servitutem
1787 4631 1909 4687 qua

256 4704 789 4769 tenebamini,cum
803 4703 1908 4775 serviretiselementismundi,quando

253 4811 464 4851 rursus
485 4794 561 4851 ad
594 4793 735 4850 talia
764 4794 989 4858 reditis,
1018 4793 1245 4848 seducti
1276 4793 1354 4848 ab
1385 4793 1467 4848 eis
1498 4793 1601 4864 qui
1632 4792 1907 4848 nondum

253 4888 651 4954 agnoscentes
707 4882 992 4937 libertatis
1034 4898 1158 4936 sum
1204 4888 1461 4953 tempus,
1500 4882 1652 4936 inter
1698 4885 1909 4936 caetera

252 4972 627 5044 operaLegis
646 4987 782 5043 quae
822 4970 1602 5041 carnalitersapiunt,etiam
1634 4970 1909 5040 tempori-

252 5062 373 5118 bus
398 5060 661 5117 serviunt
688 5060 937 5131 ;quibus
959 5063 1015 5114 et
1037 5075 1135 5114 vos
1166 5075 1369 5114 rursus
1401 5064 1462 5113 ut
1492 5062 1670 5113 antea
1691 5058 1908 5113 servire

254 5150 525 5215 vultis,et
547 5151 871 5205 observare
892 5164 1032 5204 cum
1063 5148 1147 5203 eis
1179 5148 1329 5211 dies,
1365 5152 1697 5210 etmenses,
1722 5151 1778 5201 et
1808 5163 1909 5202 an-

252 5254 388 5303 nos,
423 5244 478 5293 et
510 5244 799 5310 tempora,
833 5236 1052 5309 quibus
1094 5235 1439 5293 serviebatis
1468 5242 1523 5290 et
1578 5242 1905 5306 antequam

257 5327 489 5384 Christo
516 5324 1566 5390 crederetis?Manifestumestenim,
1603 5323 1911 5381 volumina

261 5421 600 5487 temporum
659 5430 763 5486 per
802 5415 1095 5469 elementa
1154 5413 1335 5484 hujus
1369 5413 1597 5477 mundi,
1656 5412 1770 5468 hoc
1802 5417 1907 5469 est.

322 5603 723 5674 ἱρεξβξιιρμερει,
744 5602 888 5674 apsd
918 5604 1034 5674 Αφ-
1070 5601 1240 5674 Eruet
1270 5604 1473 5674 sarisam
1506 5601 1631 5674 Mss-
1770 5663 1781 5674 .

320 5668 338 5698 ³
366 5665 508 5714 Editi
552 5664 645 5715 hic'
679 5668 732 5715 et
772 5664 930 5727 infra,
966 5667 1019 5714 in
1052 5665 1213 5714 vobis.
1263 5668 1329 5713 At
1358 5664 1504 5721 Mss,
1537 5664 1594 5713 in
1628 5677 1733 5721 vos,
1768 5664 1919 5726 iuxta

256 5742 511 5793 graecum.

1462 217 1962 278 EXPOSITIONIS
1999 220 2217 280 LIBER
2255 224 2348 281 UN
2357 223 2468 284 US.

3536 230 3676 287 2130

2027 348 2244 404 coelum
2273 354 2557 407 etterram
2587 357 2641 405 et
2662 353 2861 406 motus
2899 352 3079 422 atque
3109 350 3380 408 ordinem
3406 353 3670 411 siderum

2022 438 2445 496 administrari.
2472 442 2606 505 Quaz
2638 441 2858 511 inﬁrma
2883 441 3165 512 appellat,
3198 458 3269 497 ex
3300 458 3369 497 eo
3399 444 3561 514 quod
3580 446 3671 499 in-

2019 527 2194 583 ﬁrma
2226 533 2281 584 et
2309 529 2571 585 instabili
2604 531 2795 600 specie
2822 532 3130 586 variantur
3158 549 3173 585 :
3203 548 3365 601 egena
3394 548 3554 600 vero,
3598 549 3671 588 ex

2019 631 2090 671 eo
2119 617 2283 687 quod
2315 623 2489 687 egent
2517 635 2759 674 summa
2798 624 2854 675 et
2885 620 3079 675 stabili
3115 621 3311 691 specie
3345 621 3666 686 Creatoris,

2018 709 2082 760 ut
2111 706 2421 776 quomodo
2442 713 2597 772 sunt,
2640 724 2768 763 esse
2786 709 3042 779 possint.

2089 797 2175 850 35.
2214 797 2362 865 Ergo
2392 796 2570 866 eligat
2608 796 2788 851 lector
2826 801 3021 853 utram
3071 797 3227 852 volet
3279 798 3658 863 sententiam,

2015 882 2351 941 dummodo
2381 886 2672 955 intelligat
2706 887 2783 942 ad
2823 891 3055 943 tantum
3097 887 3421 957 periculum
3446 888 3665 944 animm

2018 974 2307 1045 pertinere
2320 976 2761 1046 superstitiosas
2777 980 3106 1047 temporum
3124 976 3665 1041 observationes,ut

2015 1060 2154 1116 huic
2174 1062 2306 1118 loco
2320 1064 2974 1135 subjeceritApostolus,
2990 1065 3169 1120 Timeo
3183 1082 3358 1128 vos,ne
3381 1066 3522 1134 forte
3548 1066 3663 1121 sine

2014 1167 2175 1205 causa
2205 1152 2566 1207 laboraverim
2580 1154 2637 1207 in
2664 1146 2963 1221 vos.'Quod
2990 1158 3311 1209 cumtanta
3325 1154 3665 1211 celebritate

2016 1244 2197 1311 atque
2210 1242 2557 1297 auctoritate
2576 1259 2679 1313 per
2695 1242 2899 1298 orbem
2921 1248 3213 1298 terrarum
3228 1244 3287 1298 in
3306 1243 3576 1299 Ecclesiis
3590 1244 3669 1299 le-

2017 1332 2209 1396 gatur,
2234 1328 2414 1400 plena
2452 1330 3024 1386 suntconventicula
3059 1336 3266 1386 nostra
3317 1331 3667 1387 hominibus

2015 1416 2118 1487 qui
2132 1421 2403 1489 tempora
2414 1434 2614 1474 rerum
2628 1419 3001 1489 agendarum
3017 1435 3051 1474 a
3066 1419 3501 1475 mathematicis
3516 1421 3667 1475 acci-

2015 1505 2205 1576 piunt.
2238 1506 2370 1563 Jam
2401 1524 2534 1563 vero
2562 1524 2634 1563 ne
2662 1507 2887 1580 aliquid
2909 1507 3238 1573 inchoetur,
3265 1512 3367 1563 aut
3388 1508 3667 1565 aediﬁcio-

2015 1610 2169 1659 rum,
2199 1601 2302 1651 aut
2336 1596 2683 1667 hujusmodi
2726 1596 3131 1668 quorumlibet
3152 1612 3424 1669 operum,
3457 1596 3665 1653 diebus

2014 1700 2168 1756 quos
2191 1684 2573 1757 :‘Egyptiacos
2601 1691 2832 1751 vocant,
2866 1701 3024 1756 saepe
3059 1686 3238 1742 etiam
3276 1702 3386 1741 nos
3420 1701 3661 1743 monere

2013 1786 2135 1829 non
2157 1773 2452 1840 dubitant,
2476 1776 2903 1838 nescientes,ut
2922 1774 3159 1845 dicitur,
3192 1776 3291 1829 ubi
3321 1776 3657 1835 ambulant.

2014 1862 2185 1927 Quod
2218 1864 2263 1917 si
2282 1863 2449 1918 locus
2480 1865 2586 1919 iste
2617 1864 2690 1919 de
2720 1864 3067 1919 Iudaeorum
3100 1864 3514 1934 superstitiosa
3545 1866 3659 1920 ob-

2013 1951 2773 2023 servationeintelligendus
2786 1957 3083 2023 est,quam
3097 1968 3267 2022 spem
3284 1952 3665 2017 habent,cum

2015 2040 2371 2095 christianos
2388 2057 2451 2096 se
2472 2041 2588 2097 dici
2602 2041 2802 2106 velint,
2818 2057 2889 2097 ex
2912 2040 3311 2111 ephemeridis
3325 2041 3505 2097 vitam
3520 2058 3665 2099 nau-

2013 2129 2244 2198 fragam
2260 2129 2684 2198 gubernantes,
2702 2130 2947 2202 quando
2960 2130 3033 2185 de
3059 2129 3270 2185 divinis
3291 2130 3497 2196 Libris,
3513 2146 3663 2203 quos

2016 2221 2167 2273 Deus
2194 2218 2392 2274 adhuc
2423 2219 2644 2275 carnali
2690 2219 2910 2290 populo
2941 2218 3123 2281 dedit,
3158 2219 3204 2273 si
3234 2235 3398 2275 more
3438 2220 3664 2276 ludan-

2012 2323 2143 2362 rum
2191 2311 2461 2378 tempora
2485 2308 2894 2373 observarent,
2925 2307 3147 2362 diceret
3188 2309 3272 2361 eis
3317 2308 3659 2379 Apostolus,

2022 2398 2198 2451 Timeo
2232 2413 2335 2461 vos,
2367 2414 2430 2451 ne
2444 2397 2585 2467 forte
2614 2398 2727 2451 sine
2754 2412 2915 2452 causa
2950 2396 3307 2451 laboraverim
3332 2396 3390 2451 in
3422 2414 3507 2451 vos
3537 2398 3564 2454 ?
3597 2400 3661 2454 Et

2014 2490 2213 2540 tamen
2254 2486 2799 2556 sideprehendatur
2828 2486 3153 2557 quisquam
3185 2484 3273 2540 vel
3288 2486 3664 2541 catechume-

2012 2573 2383 2629 nusJudaico
2409 2575 2522 2629 ritu
2553 2574 2873 2630 sabbatum
2899 2573 3247 2639 observans,
3266 2573 3663 2630 tumultuatur

2014 2663 2292 2719 Ecclesia.
2341 2666 2507 2718 Nunc
2537 2667 2739 2719 autem
2786 2662 3253 2719 innumerabiles
3306 2662 3382 2717 de
3413 2678 3665 2719 numero

2012 2750 2281 2806 ﬁdelium
2322 2767 2459 2807 cum
2501 2767 2723 2821 magna
2754 2750 3117 2807 conﬁdentia
3159 2751 3217 2805 in
3247 2750 3456 2807 faciem
3486 2751 3664 2806 nobis

2013 2839 2344 2904 dicunt,Die
2358 2845 2494 2912 post
2506 2841 2787 2897 calendas
2800 2856 2921 2895 non
2946 2839 3387 2910 proﬁciscor.Et
3400 2840 3493 2894 vix
3509 2840 3665 2896 lente

2012 2929 2127 2984 ista
2150 2929 2539 3000 prohibemus
2552 2930 2902 2994 arridentes,
2922 2942 2995 2984 ne
3016 2929 3435 2993 irascantur,et
3456 2928 3667 2984 timen-

2015 3022 2099 3072 tes
2138 3033 2211 3071 ne
2232 3018 2403 3088 quasi
2435 3033 2660 3073 novum
2689 3017 2916 3089 aliquid
2949 3018 3257 3073 mirentur.
3289 3015 3378 3072 Vae
3406 3017 3666 3089 peccatis

2013 3106 2349 3171 hominum,
2374 3118 2509 3178 quas
2536 3107 2660 3162 sola
2682 3106 2961 3161 inusitata
2994 3106 3475 3161 exhorrescimus
3502 3123 3514 3162 :
3549 3107 3668 3163 usi-

2013 3199 2135 3250 tata
2177 3211 2315 3251 vero
2346 3211 2455 3266 pro
2493 3196 2712 3266 quibus
2751 3194 3066 3250 abluendis
3114 3193 3240 3248 Filii
3273 3195 3371 3248 Dei
3402 3195 3668 3264 ,sanguis

2015 3282 2239 3338 eﬂusus
2266 3289 2373 3354 est,
2400 3284 2967 3355 quamlibetmagna
2988 3282 3127 3347 sint,
3151 3286 3209 3335 et
3230 3284 3477 3337 omnino
3510 3283 3665 3338 clau-

2014 3372 2074 3428 di
2108 3379 2316 3430 contra
2347 3390 2408 3429 se
2448 3372 2671 3430 faciant
2714 3387 2967 3441 regnum
3023 3371 3144 3435 Dei,
3194 3386 3355 3441 saepe
3403 3370 3664 3427 videndo

2015 3464 2221 3518 omnia
2252 3462 2520 3529 tolerare,
2578 3477 2734 3532 saepe
2785 3459 3094 3517 tolerando
3140 3458 3429 3514 nonnulla
3482 3458 3665 3515 etiam

2015 3551 2209 3607 facere
2262 3552 2569 3621 cogimur!
2636 3556 2815 3623 atque
2866 3549 3113 3613 utinam,
3149 3564 3185 3603 ο
3230 3548 3503 3611 Domine,
3538 3563 3664 3603 non

2014 3640 2221 3697 omnia
2268 3657 2403 3712 quae
2466 3656 2587 3696 non
2642 3638 3014 3711 potuerimus
3068 3636 3403 3709 prohibere,
3483 3636 3668 3694 facia-

2015 3746 2149 3785 mus
2178 3730 2252 3798 (a)
2288 3729 2300 3784 l

2085 3822 2173 3873 36.
2200 3817 2304 3891 [1b.
2338 3834 2411 3886 1v,
2445 3817 2519 3887 9.]
2539 3817 2650 3872 Sed
2671 3818 2798 3887 jam
2828 3814 3290 3885 videamusqum
3312 3820 3666 3887 sequuntur.

2016 3908 2169 3963 Sane
2200 3906 2676 3977 praeterieramus
2701 3903 2867 3976 quod
2905 3903 3131 3959 dictum
3163 3907 3269 3966 est,
3301 3903 3462 3959 Nunc
3490 3910 3668 3959 autem

2013 4003 2370 4066 cognoscentes
2398 3995 2593 4061 Deum,
2625 3995 2731 4049 imo
2756 3994 2960 4064 cogniti
2987 4010 3022 4048 a
3054 3992 3180 4047 Deo.
3229 3992 3475 4049 Videtur
3506 3993 3668 4049 enim

2015 4090 2169 4141 certe
2208 4085 2321 4140 hoc
2350 4084 2481 4141 loco
2517 4085 2696 4140 etiam
2726 4081 3065 4154 Apostolica
3088 4081 3308 4138 locutio
3339 4098 3667 4151 congruere

2014 4173 2161 4229 velle
2187 4173 2513 4229 inﬁrmitati
2533 4173 2850 4228 hominum
2875 4188 2888 4236 ;
2915 4186 2988 4226 ne
3020 4170 3443 4226 tantummodo
3469 4171 3529 4225 in
3558 4169 3667 4225 Ve-

2015 4264 2152 4319 teris
2175 4264 2529 4319 Testamenti
2553 4262 2715 4317 libris
2740 4277 2927 4331 usque
2958 4260 3035 4316 ad
3056 4264 3321 4315 terrenas
3348 4258 3664 4313 hominum

2015 4352 2405 4421 cogitationes
2453 4351 2670 4407 modus
2697 4350 2880 4405 divini
2929 4348 3149 4418 eloquii
3172 4346 3558 4402 descendisse
3584 4347 3667 4401 vi-

2015 4441 2247 4497 deatur.
2288 4442 2441 4495 Nam
2492 4439 2781 4511 quoniam
2813 4436 3065 4493 correxit
3102 4434 3269 4506 quod
3298 4435 3550 4499 dixerat,
3584 4452 3669 4490 co-

2012 4536 2311 4601 gnoscentes
2325 4527 2665 4593 Deum,nihil
2682 4543 2791 4581 nos
2806 4540 3043 4580 movere
3058 4523 3264 4579 debet:
3283 4522 3667 4579 manifestum

2016 4628 2102 4674 est
2131 4620 2289 4674 enim
2303 4617 2597 4690 quamdiu
2626 4632 2732 4689 per
2757 4616 2938 4671 ﬁdem
2972 4613 3379 4679 ambulamus,
3409 4628 3531 4668 non
3562 4629 3669 4685 per

2016 4707 2270 4779 speciem
2317 4707 2386 4776 (ll
2433 4707 2557 4761 Cor.
2604 4722 2657 4770 v,
2712 4706 2789 4775 ‘7).
2836 4703 3106 4759 nondum
3157 4719 3267 4759 nos
3314 4703 3668 4772 cognovisse

2014 4796 2229 4865 Deum;
2260 4795 2363 4851 sed
2386 4810 2449 4850 ea
2480 4794 2599 4849 ﬁde
2627 4794 2891 4865 purgari,
2942 4797 3006 4848 ut
3027 4798 3370 4862 opportuno
3404 4796 3667 4863 tempore

2016 4900 2373 4956 cognoscere
2391 4884 2716 4939 valeamus.
2744 4882 2855 4939 Sed
2882 4882 3046 4954 quod
3065 4881 3122 4935 in
3140 4880 3273 4953 ipsa
3303 4882 3668 4955 correctione

2016 4974 2116 5034 ait.
2140 4975 2244 5029 imo
2267 4973 2513 5044 cognitio
2530 4973 2660 5037 Deo,
2691 4972 2737 5028 si
2763 4970 2999 5043 proprie
3024 4970 3329 5042 accipitur,
3359 4968 3669 5040 putabitur

2018 5065 2171 5118 Deus
2192 5063 2364 5133 quasi
2394 5077 2467 5117 ex
2496 5067 2766 5132 tempore
2806 5058 3033 5132 aliquid
3084 5072 3468 5127 cognoscere,
3502 5056 3668 5127 quod

2017 5157 2153 5205 ante
2208 5165 2328 5204 non
2378 5154 2647 5205 noverat.
2678 5148 2983 5205 Translate
3030 5162 3172 5217 ergo
3202 5146 3427 5200 dictum
3454 5147 3561 5209 est,
3607 5148 3668 5201 ut

2017 5237 2223 5294 oculos
2240 5238 2341 5293 Dei
2356 5238 2723 5309 accipiamus
2736 5237 2927 5308 ipsam
2945 5235 3316 5290 dilectionem
3333 5233 3381 5303 ej
3393 5247 3667 5303 us,quam

2019 5326 2466 5383 commendavit
2480 5325 2769 5381 mittendo
2782 5324 3101 5396 proimpiis
3128 5321 3523 5377 occidendum
3539 5321 3667 5377 uni-

2019 5432 2156 5472 cum
2191 5414 2409 5471 Filium
2436 5430 2447 5468 :
2470 5415 2551 5469 sic
2573 5414 2733 5469 enim
2765 5412 2839 5469 de
2871 5411 2940 5467 iis
2971 5412 3073 5484 qui
3108 5410 3440 5482 diliguntur
3470 5410 3673 5467 dicere

2021 5504 2288 5560 solemus
2309 5502 2475 5575 quod
2505 5506 2642 5559 ante
2670 5501 2875 5558 oculos
2890 5501 3247 5557 habeantur.
3276 5502 3395 5557 Hoc
3422 5504 3511 5557 est
3531 5515 3669 5572 ergo

2084 5665 2157 5727 (a)
2179 5664 2335 5727 Hunc,
2359 5662 2556 5727 locum,
2589 5679 2614 5708 α
2636 5662 3008 5727 Viepeccatis,
3034 5678 3058 5708 υ
3085 5664 3205 5717 etc.,
3230 5661 3502 5711 transtulit
3531 5660 3586 5709 in
3606 5659 3666 5707 li-

2016 5724 2185 5779 brum
2216 5724 2521 5785 Enchiridu,
2549 5738 2669 5791 cap.
2699 5724 2779 5775 80.
