4112 6192
540 168 677 232 2131

545 304 907 372 cognoscentes
934 297 1124 364 Deum,
1160 297 1264 353 imo
1293 297 1497 370 cogniti
1513 315 1545 353 a
1586 297 1711 363 Deo,
1739 296 1902 369 quod
1932 301 1986 353 et
2012 298 2193 355 Joan-

543 403 653 444 nes
684 389 848 457 dixit,
877 387 1003 443 Non
1053 387 1191 458 quod
1216 404 1306 441 nos
1344 387 1695 442 dilexerimus
1723 389 1913 452 Deum,
1942 386 2031 441 sed
2075 404 2201 459 quo-

544 477 694 532 niam
725 478 833 548 ipse
859 477 1056 532 dilexit
1083 492 1177 531 nos
1209 478 1225 513 ¹
1261 478 1304 545 (ι
1332 476 1492 531 Joan.
1527 491 1605 541 1v,
1644 474 1750 548 lO).

616 571 702 623 37.
728 566 838 639 [1b.
864 583 937 631 ιν,
976 566 1177 635 l2-l8.]
1216 566 1361 620 Dicit
1384 569 1603 630 autem,
1636 566 1971 621 Estotesicut
1998 571 2048 621 et
2076 581 2200 636 ego:

545 656 648 727 qui
678 654 1286 731 utiquecumJudmus
1317 660 1492 709 natus
1507 654 1640 720 sim,
1662 655 1784 724 jam
1814 654 1923 710 ista
1938 654 2202 711 carnalia

548 744 839 817 spirituali
868 743 1302 814 dijudicatione
1334 748 1670 799 contemno.
1727 744 1993 809 Quoniam
2022 751 2070 798 et
2110 760 2200 815 ego

546 835 684 889 sicut
714 850 801 888 vos
831 848 852 889 :
876 833 937 888 id
963 836 1072 898 est,
1098 833 1280 888 homo
1311 848 1465 888 sum.
1516 831 1733 888 Deinde
1760 838 2096 905 opportune
2126 849 2195 889 ac

548 923 826 978 decenter
855 921 1106 977 faciteos
1120 922 1377 977 recolere
1396 921 1744 977 charitatem
1762 937 1954 986 suam,
1978 937 2051 977 ne
2075 926 2201 978 tan-

548 1027 731 1084 quam
760 1010 1072 1066 inimicum
1096 1010 1263 1065 illum
1283 1010 1936 1082 deputent.Dicitenim,
1954 1011 2197 1076 Fratres,

544 1116 734 1171 precor
754 1116 859 1165 vos,
892 1099 1035 1154 nihil
1053 1116 1138 1154 me
1168 1100 1388 1154 lzesistis
1418 1116 1435 1155 :
1470 1104 1757 1172 tanquam
1793 1100 1838 1154 si
1857 1099 2095 1165 diceret,
2121 1102 2199 1156 Ne

546 1204 688 1258 ergo
711 1189 926 1259 putetis
951 1192 1115 1260 quod
1138 1204 1249 1257 ego
1272 1188 1485 1243 laedere
1500 1204 1603 1243 vos
1616 1188 2049 1259 cupiam.8citis
2072 1190 2200 1259 quia

544 1296 642 1350 per
657 1278 1031 1349 inﬁrmitatem
1059 1280 1245 1333 carnis
1255 1279 1373 1348 jam
1392 1277 1604 1348 pridem
1626 1278 1995 1348 euangelizavi
2015 1278 2160 1333 vobis
2176 1294 2198 1334 .'

544 1368 606 1424 id
628 1374 732 1438 est,
758 1385 895 1423 cum
945 1368 1419 1439 persecutionem
1449 1372 1710 1439 paterer.
1746 1368 1820 1421 Et
1852 1368 2199 1423 tentationem

546 1464 772 1512 vestram
804 1458 857 1511 in
889 1473 1051 1511 carne
1086 1474 1203 1512 mea
1232 1473 1337 1511 non
1365 1457 1666 1528 sprevistis,
1702 1474 1869 1528 neque
1893 1459 2195 1528 respuistis.

543 1547 768 1601 Tentati
820 1552 956 1601 sunt
998 1546 1180 1611 enim,
1214 1561 1351 1600 cum
1390 1547 1866 1617 persecutionem
1900 1552 2200 1617 pateretur

544 1634 886 1706 Apostolus,
923 1638 1117 1689 utrum
1160 1634 1369 1690 timore
1400 1634 1742 1690 desererent
1768 1651 1927 1699 eum,
1957 1650 2034 1690 an
2063 1635 2200 1691 cha-

542 1725 713 1779 ritate
735 1724 1248 1795 amplecterentur.
1278 1724 1340 1778 Et
1364 1724 1838 1795 neques'previstis,
1865 1730 1927 1779 ut
1956 1740 2077 1780 non
2106 1741 2201 1781 su-

546 1813 852 1884 sciperetis
872 1813 1364 1869 communionem
1389 1814 1632 1884 periculi
1660 1814 1795 1869 mei.
1818 1813 1918 1868 Sed
1940 1815 2079 1869 sicut
2105 1831 2201 1869 an-

546 1903 721 1973 gelum
746 1902 850 1957 Dei
873 1902 1150 1973 eri-cepistis
1180 1919 1277 1967 me,
1301 1902 1438 1958 sicut
1465 1903 1748 1959 Christum
1767 1903 2200 1961 Jesum.Deinde

551 1991 881 2057 admirans,
906 2007 1062 2063 opus
1090 2007 1300 2048 eorum
1338 1992 1642 2063 spirituale
1688 1993 2094 2063 commendat,
2141 1997 2202 2049 ut

551 2081 667 2136 hoc
698 2080 1090 2146 intuentes,in
1122 2080 1421 2136 carnalem
1444 2080 1715 2136 timorem
1748 2096 1869 2135 non
1896 2081 2195 2137 decidant.

549 2169 678 2233 Quae
699 2186 820 2240 ergo
848 2169 983 2239 fuit,
1019 2169 1227 2240 inquit,
1262 2168 1534 2223 beatitudo
1568 2176 1745 2224 vestra
1769 2171 1796 2226 ?
1818 2170 2201 2226 Testimonium

548 2258 688 2312 enim
710 2257 853 2312 vobis
880 2257 1409 2328 perhibeo,quoniam
1437 2259 1490 2311 si
1511 2259 1639 2329 ﬁeri
1660 2264 1856 2329 posset,
1888 2259 2061 2313 oculos
2094 2276 2199 2313 ves-

548 2354 660 2401 tros
689 2349 979 2416 eruissetis,
1009 2355 1057 2403 et
1084 2347 1360 2402 dedissetis
1389 2348 1548 2402 mihi.
1580 2349 1729 2419 Ergo
1752 2348 2006 2404 inimicus
2024 2354 2202 2420 [actus

546 2436 1017 2499 sumvobis,verum
1028 2436 1173 2492 vobis
1187 2438 1493 2508 praedicam
1510 2436 1537 2492 ‘l
1554 2438 1961 2509 Respondetur
1976 2439 2198 2510 utique,

548 2529 696 2582 Non.
718 2526 832 2580 Sed
864 2525 1009 2597 quid
1035 2542 1222 2581 verum
1252 2526 1700 2597 praedicansmisi
1720 2530 1783 2580 ut
1797 2541 1916 2581 non
1943 2526 2202 2581 circum-

548 2613 825 2668 cidantur
856 2615 884 2671 7
920 2617 979 2668 Et
1007 2614 1138 2670 ideo
1169 2614 1300 2669 vide
1326 2614 1471 2685 quid
1512 2614 1806 2684 adjungit,
1838 2615 2200 2671 zEmulantur

547 2719 635 2758 vos
671 2719 778 2759 non
808 2702 976 2773 bene;
1006 2703 1065 2758 id
1092 2707 1197 2766 est,
1240 2702 1509 2757 invident
1551 2702 1739 2765 vobis,
1772 2704 1877 2774 qui
1912 2718 2017 2759 vos
2075 2720 2201 2761 car-

548 2793 715 2849 nales
754 2792 828 2847 de
857 2792 1267 2862 spiritualibus
1300 2790 1737 2861 voluntfacere,
1762 2791 1877 2847 hoc
1899 2798 2005 2857 est,
2033 2810 2197 2849 aemu-

549 2880 739 2935 lantur
766 2897 875 2936 non
905 2880 1046 2935 bene.
1077 2880 1177 2936 Sed
1222 2879 1519 2950 excludere,
1555 2881 1768 2953 inquit,
1802 2898 1888 2936 vos
1910 2882 2113 2947 volunt,
2140 2889 2199 2938 ut

545 2970 667 3025 illos
686 2970 1035 3035 aemulemini,
1068 2969 1181 3025 hoc
1212 2974 1317 3035 est,
1342 2969 1653 3025 imitemini
1682 2986 1694 3023 :
1731 2972 2063 3043 quomodo,
2084 2972 2200 3027 nisi

545 3063 609 3114 ut
640 3059 933 3115 servitutis
950 3058 1097 3129 jugo
1119 3058 1673 3125 attineamini,sicut
1702 3060 1815 3130 ipsi
1835 3060 2201 3117 attinentur‘t

542 3148 756 3203 Bonum
811 3155 988 3204 autem
1033 3151 1075 3213 ³,
1104 3148 1204 3215 ait,
1233 3148 1489 3204 aemulari
1525 3149 1582 3203 in
1640 3149 1768 3203 bono
1809 3165 2031 3220 semper.
2070 3151 2200 3206 Vult

544 3238 704 3292 enim
738 3242 801 3291 ut
828 3252 1065 3309 semper
1089 3236 1607 3309 ipsumimitentur
1636 3254 1649 3291 :
1689 3243 1931 3309 propter
1951 3238 2067 3294 hoc
2096 3240 2198 3294 ad-

542 3326 709 3392 didit,
744 3327 817 3382 Et
856 3344 957 3382 non
984 3327 1153 3382 solum
1182 3343 1301 3381 cum
1322 3342 1564 3397 praesens
1585 3343 1701 3382 sum
1731 3327 1876 3397 apud
1896 3344 2003 3382 vos.
2050 3330 2197 3383 Cum

543 3415 705 3471 enim
732 3416 1009 3487 praesenti
1050 3416 1258 3472 oculos
1286 3431 1428 3471 suos
1450 3416 1594 3471 dare
1623 3415 1858 3482 vellent,
1885 3416 2088 3488 utique
2115 3416 2199 3487 ip-

543 3521 680 3560 sum
712 3504 1091 3560 conabantur
1119 3504 1355 3569 imitari,
1384 3520 1566 3576 quem
1597 3506 1679 3560 ita
1706 3503 2059 3573 diligebant.

613 3596 700 3649 38.
738 3593 841 3664 [[b.
866 3609 944 3658 ιν,
970 3594 1092 3664 19.]
1135 3592 1223 3648 Ad
1248 3592 1361 3648 hoc
1392 3593 1533 3648 dicit
1562 3592 1971 3657 etiam,Filioli
2000 3594 2198 3657 mei,ut

542 3686 832 3755 tanquam
866 3686 1174 3753 parentem
1209 3682 1411 3753 utique
1442 3682 1764 3747 imitentur,
1808 3682 1947 3747 Quos
1975 3683 2197 3746 iterum,

544 3770 1205 3843 inquit,parturio,donec
1221 3771 1471 3827 Christus
1490 3772 1759 3841 formetur
1776 3772 1839 3826 in
1850 3771 2198 3843 vobis.l\iagis

542 3858 657 3913 hoc
688 3875 757 3913 ex
798 3874 1061 3929 persona
1092 3860 1295 3914 matris
1324 3860 1594 3915 Ecclesiae
1624 3859 1859 3916 locutus
1889 3866 1977 3916 est
2009 3876 2021 3915 :
2054 3877 2198 3916 nam

545 3950 600 4001 et
622 3946 763 4001 alibi
802 3946 964 4011 dicit,
993 3947 1195 4001 Factus
1224 3963 1340 4002 sum
1362 3948 1628 4018 parvulus
1653 3948 1713 4003 in
1740 3949 1910 4005 medio
1942 3956 2195 4015 vestrum,

543 4040 798 4106 tanquam
848 4036 898 4089 si
952 4036 1150 4090 nutris:
1194 4035 1366 4106 foveat
1395 4036 1537 4107 ﬁlios
1572 4053 1693 4091 suos
1734 4038 1773 4107 (Ι
1810 4038 1986 4093 Thess.
2024 4054 2083 4104 ll,
2118 4041 2196 4105 7).

544 4125 853 4180 Formatur
875 4128 1073 4180 autem
1100 4124 1367 4181 Christus
1394 4124 1453 4179 in
1480 4125 1756 4180 credente
1795 4140 1899 4196 per
1923 4126 2104 4183 ﬁdem
2136 4129 2196 4183 in

540 4213 815 4270 interiore
852 4213 1118 4279 homine,
1148 4217 1361 4270 vocato
1390 4213 1451 4268 in
1480 4213 1813 4270 libertatem
1832 4215 2195 4285 gratias,miti

544 4308 599 4358 et
628 4301 839 4358 humili
863 4302 1193 4367 corde,non
1219 4318 1280 4357 se
1305 4306 1571 4373 jactante
1587 4301 1660 4357 de
1679 4306 2192 4374 operummeritis,

540 4408 675 4464 qua:
691 4391 858 4448 nulla
886 4397 1022 4448 sunt
1045 4409 1059 4459 ;
1094 4392 1198 4447 sed
1221 4391 1442 4463 abipsa
1456 4392 1644 4462 gratia
1664 4391 1941 4447 meritum
1955 4393 2198 4465 aliquod

546 4481 887 4548 inchoante,
912 4498 1095 4555 quem
1122 4482 1310 4554 possit
1340 4481 1536 4538 dicere
1565 4481 1886 4537 minimum
1912 4498 2112 4549 suum,
2137 4483 2197 4539 id

544 4574 648 4636 est,
678 4571 963 4642 seipsum,
1004 4571 1100 4627 ille
1131 4571 1226 4643 qui
1254 4570 1335 4627 ait
1368 4571 1411 4636 ³,
1443 4570 1579 4626 Cum
1604 4570 1746 4625 enim
1774 4569 1981 4641 fecistis
2010 4572 2113 4625 uni
2134 4589 2198 4626 ex

546 4658 790 4713 minimis
819 4660 970 4724 meis,
1004 4660 1139 4715 mihi
1162 4660 1364 4729 fecistis
1398 4660 1617 4731 (Matth.
1655 4676 1753 4725 xv,
1802 4664 1892 4725 25,
1927 4662 2039 4731 40).
2068 4663 2198 4717 For-

546 4752 746 4802 matur
803 4748 964 4802 enim
1018 4749 1279 4804 Christus
1326 4749 1385 4803 in
1428 4764 1498 4803 eo
1548 4750 1650 4821 qui
1682 4749 1942 4805 formam
1981 4750 2199 4820 accipit

545 4834 779 4891 Christi:
814 4836 1068 4893 formam
1100 4842 1301 4893 autem
1332 4837 1796 4909 accipitChristi,
1824 4854 1960 4910 quae
1994 4838 2195 4894 adhae-

544 4930 631 4983 ret
653 4926 881 4982 Christo
910 4925 1225 4981 dilectione
1256 4926 1567 4997 spirituali.
1603 4928 1682 4980 Ex
1696 4927 1810 4983 hoc
1840 4927 1998 4982 enim
2030 4927 2095 4983 fit
2134 4930 2199 4982 ut

543 5016 725 5089 hujus
754 5015 1079 5071 imitatione
1095 5014 1353 5086 sitquod
1379 5015 1497 5079 ille,
1537 5019 1834 5086 quantum
1866 5016 2057 5085 gradu
2088 5031 2197 5071 suo

544 5106 771 5163 sinitur.
802 5106 907 5173 Qui
930 5105 1071 5161 enim
1095 5104 1226 5159 dicit
1251 5121 1301 5159 se
1324 5104 1384 5158 in
1410 5104 1628 5161 Christo
1660 5121 1894 5173 manere,
1924 5105 2003 5161 ait
2022 5105 2199 5161 Joan-

543 5212 669 5261 nes,
702 5197 845 5252 debet
879 5196 1133 5268 quomodo
1162 5194 1261 5250 ille
1305 5193 1624 5259 ambulavit,
1670 5201 1718 5249 et
1752 5194 1863 5265 ipse
1918 5194 2197 5251 ambulare

541 5284 587 5356 (ι
614 5286 772 5340 Joan.
807 5302 865 5354 ιι,
899 5289 972 5353 ϐ).
1000 5283 1115 5340 Sed
1139 5300 1278 5340 cum
1315 5283 1591 5339 homines
1622 5298 1657 5336 a
1682 5282 1971 5338 matribus
1992 5284 2198 5338 conci-

542 5372 784 5443 piantur
818 5380 879 5430 ut
903 5375 1251 5439 formentur,
1294 5372 1419 5444 jam
1464 5370 1702 5429 formati
1762 5378 1964 5427 autem
2000 5380 2197 5444 partu-

608 5574 621 5635 ξ
660 5572 803 5635 μον..
842 5576 991 5635 prior
1023 5574 1203 5622 dilexit
1235 5588 1345 5623 nos.
1414 5576 1480 5623 M.

610 5634 626 5697 ?
659 5633 741 5697 §ic
772 5633 892 5697 Mss.
920 5637 1073 5697 juxta
1091 5651 1342 5696 graecum.
1367 5638 1432 5685 At
1466 5638 1613 5694 editi,
1643 5638 1831 5685 bonum
1854 5642 2021 5686 autem
2042 5644 2133 5688 est.

611 5696 628 5724 ³
662 5694 775 5743 Duo
806 5694 956 5755 M382,
982 5694 1249 5745 minimum
1262 5712 1407 5746 suum
1434 5700 1663 5750 eumdem
1685 5700 1851 5765 ipsum
1884 5700 1973 5751 ille
1992 5702 2083 5766 qui
2096 5702 2195 5755 ait.

1546 171 1913 257 EPISTpLJE
1952 172 2048 227 AD
2088 170 2433 245 GALATAS,
2470 173 2531 229 S.
2575 172 2961 235 AUGUSTINI

3770 181 3879 239 2l3!

2306 299 2534 356 riantur
2575 302 2637 355 ut
2669 301 3011 364 nascantur,
3055 299 3251 369 potest
3279 312 3508 354 movere
3526 301 3676 373 quod
3699 303 3880 364 dictum

2301 393 2407 457 est,
2443 388 2581 455 Quos
2602 388 2802 445 iterum
2827 386 3105 459 parturio,
3137 385 3298 441 donec
3320 387 3563 445 Christus
3580 390 3813 457 formetur
3840 396 3883 451 in

2306 478 2466 533 vobis.
2502 479 2615 534 Nisi
2643 478 3095 550 parturitionem
3135 476 3292 531 hanc
3312 493 3417 548 pro
3451 493 3711 536 curarum
3738 498 3885 553 ango-

2304 566 2471 622 ribus
2499 569 2755 639 positam
2794 566 3222 635 intelligamus,
3252 566 3466 639 quibus
3495 583 3593 624 eos
3636 572 3889 639 parturivit

2282 662 2370 711 -ut
2400 661 2788 713 nascerentur
2810 656 2870 711 in
2903 655 3167 713 Christo:
3204 660 3261 711 et
3286 654 3492 711 iterum
3508 660 3738 728 parturit
3753 675 3890 733 prop—

2307 750 2391 800 ter
2422 746 2685 816 pericula
2716 744 3095 809 seductionis,
3122 744 3344 816 quibus
3371 760 3473 801 eos
3499 747 3806 805 conturbari
3828 750 3889 805 vi-

2306 834 2427 890 det.
2454 834 2796 891 Sollicitudo
2836 839 3035 891 antem
3063 832 3267 889 talium
3295 833 3367 888 de
3398 833 3505 889 illis
3521 850 3890 910 curarum,qua

2307 941 2368 980 se
2408 923 2865 995 quodammodo
2893 922 3182 994 parturire
3208 922 3369 991 dicit,
3386 923 3605 979 tamdiu
3624 940 3743 981 esse
3768 931 3891 999 pote-

2306 1013 2397 1079 rit,
2431 1013 2621 1069 donec
2643 1012 2992 1085 perveniant
3021 1012 3081 1066 in
3114 1028 3459 1068 mensuram
3485 1014 3665 1069 aetatis
3693 1014 3892 1085 plenitu-

2306 1102 2462 1159 dinis
2496 1102 2725 1166 Christi,
2760 1106 2822 1157 ut
2846 1104 2979 1171 jam
3024 1116 3145 1156 non
3177 1106 3529 1157 moveantur
3579 1104 3729 1158 omni
3748 1109 3890 1159 vento

2304 1190 2589 1246 doctrinas
2619 1191 2825 1261 (Ephes.
2852 1205 2928 1253 IV,
2963 1191 3051 1258 13,
3078 1188 3187 1260 14).
3234 1191 3358 1246 Non
3392 1204 3530 1261 ergo
3574 1196 3791 1263 propter
3813 1192 3892 1247 ini-

2304 1281 2453 1337 tium
2472 1280 2757 1349 ﬁdei,quo
2767 1280 2895 1350 jam
2920 1279 3042 1335 nati
3074 1282 3262 1343 erant,
3299 1279 3402 1333 sed
3433 1284 3664 1351 propter
3682 1280 3837 1336 robur
3852 1287 3893 1337 et

2306 1368 2726 1440 perfectionem
2759 1368 2985 1424 dictum
3019 1372 3127 1433 est,
3169 1367 3307 1434 Quos
3332 1368 3533 1423 iterum
3559 1369 3894 1439 parturio,do-

2302 1472 2397 1511 nec
2423 1456 2673 1512 Christus
2699 1457 2973 1529 formetur
3008 1456 3065 1510 in
3096 1455 3261 1511 vobis.
3308 1458 3468 1512 Hanc
3507 1458 3895 1529 parturitionem

2305 1545 2433 1602 aliis
2465 1545 2661 1600 verbis
2687 1545 2869 1600 etiam
2894 1544 3039 1600 alibi
3091 1545 3499 1609 commendat.
3533 1544 3630 1600 ubi
3647 1545 3801 1605 dicit:
3828 1547 3898 1601 ln-

2305 1650 2492 1689 cursus
2524 1633 2581 1687 in
2611 1650 2689 1687 me
2713 1632 3081 1704 quotidianus,
3096 1633 3425 1689 sollicitudo
3440 1635 3666 1689 omnium
3692 1634 3900 1690 Ecclesia-

2306 1739 2448 1779 rum.
2474 1722 2608 1789 Quis
2635 1722 2979 1793 inﬁrmatur,
3008 1729 3057 1776 et
3085 1738 3174 1793 ego
3202 1738 3308 1777 non
3328 1722 3582 1794 inﬁrmor
3610 1723 3758 1795 ignis
3780 1738 3898 1778 scan-

2305 1811 2609 1879 dalizatur,
2641 1818 2693 1866 et
2725 1828 2814 1883 ego
2841 1828 2945 1866 non
2975 1828 3111 1866 uror
3142 1811 3215 1881 (ll
3249 1813 3378 1868 Cor.
3415 1827 3493 1876 ιι,
3529 1814 3613 1877 28,
3641 1812 3721 1884 29)
3749 1811 3772 1867 ‘l

2306 1954 2309 1957 -
2378 1930 2464 1983 39.
2492 1927 2604 1999 [1b.
2639 1928 2842 1998 iv,'20.]
2877 1926 3046 1992 Quod
3069 1942 3205 1983 vero
3243 1927 3519 1998 subjecit,
3561 1927 3740 1983 Vellem
3756 1934 3898 1982 autem

2306 2033 2447 2072 nunc
2485 2017 2663 2072 adesse
2691 2017 2837 2088 apud
2865 2033 2969 2081 vos,
3020 2024 3071 2072 et
3119 2024 3329 2072 mutare
3381 2032 3552 2072 vocem
3579 2033 3753 2081 meam,
3799 2016 3901 2086 quia

2306 2106 2607 2177 confundor
2628 2108 2686 2161 in
2710 2106 2853 2161 vobis
2868 2126 2890 2176 ,-
2912 2106 3057 2178 quid
3077 2105 3239 2161 aliud
3256 2106 3634 2177 intelligatur,
3666 2105 3767 2160 nisi
3789 2104 3901 2177 quia

2307 2195 2458 2251 filios
2508 2211 2651 2252 suos
2684 2212 2819 2251 esse
2867 2195 3119 2261 dixerat,
3170 2210 3424 2267 parcens
3455 2197 3539 2252 eis
3576 2195 3797 2251 fortasse
3822 2208 3901 2264 per

2306 2284 2555 2350 litteras,
2589 2300 2663 2340 ne
2692 2285 2985 2340 severiore
3011 2284 3436 2355 objurgatione
3458 2283 3745 2347 commoti,
3766 2281 3899 2338 facile

2308 2373 2367 2429 in
2389 2375 2518 2443 ejus
2547 2374 2754 2429 odium
2814 2373 3267 2430 traducerentur
3296 2388 3332 2428 a
3363 2374 3767 2445 deceptoribus
3799 2370 3897 2434 illis,

2308 2461 2529 2534 quibus
2562 2461 2786 2517 absens
2819 2477 2940 2517 non
2985 2465 3189 2533 posset
3239 2462 3537 2518 resistere.
3584 2460 3755 2517 Vellem
3777 2473 3902 2529 ergo,

2307 2549 2668 2622 inquit,nunc
2689 2549 2866 2605 adesse
2895 2550 3041 2622 apud
3067 2558 3237 2616 vos,et
3262 2558 3483 2605 mutare
3508 2566 3675 2607 vocem
3698 2545 3901 2610 πιαιγωίιί

2306 2644 2412 2707 est,
2446 2654 2665 2709 negare
2694 2656 2803 2696 vos
2836 2639 3025 2707 ﬁlios;
3057 2640 3153 2711 qui
3180 2640 3490 2711 confundor
3507 2642 3563 2694 in
3588 2639 3733 2695 vobis.
3761 2635 3904 2692 Malos

2307 2729 2466 2784 enim
2494 2727 2666 2793 ﬁlios,
2694 2744 2768 2785 ne
2805 2728 2879 2783 de
2904 2728 2995 2784 his
3036 2728 3420 2795 erubescant,
3458 2731 3632 2786 etiam
3681 2728 3905 2801 parentes

2307 2818 2589 2873 abdicare
2612 2818 2826 2874 solent.

2378 2933 2580 3005 40.[lb.
2614 2939 2693 2998 iv,
2728 2933 2939 3004 2t-3l.]
2969 2931 3187 2988 Deinde
3226 2932 3563 3004 subjungit,
3596 2932 3764 2988 Dicite
3787 2928 3907 2991 mihi,

2305 3024 2400 3078 sub
2430 3023 2562 3093 Lege
2580 3024 2813 3078 volentes
2831 3039 2955 3088 esse,
2972 3024 3158 3093 Legem
3178 3039 3284 3077 non
3304 3023 3592 3079 audistis?
3627 3024 3685 3077 Et
3708 3021 3771 3076 de
3794 3019 3909 3072 duo-

2306 3112 2419 3168 bus
2433 3112 2677 3183 quidem
2708 3111 2841 3167 filiis
2867 3112 3119 3167 Abrahae
3142 3111 3310 3183 quod
3324 3112 3493 3177 dicit,
3509 3110 3670 3167 facile
3690 3105 3912 3175 intelligi-

2306 3206 2401 3257 tur
2431 3221 2442 3259 :
2476 3217 2614 3256 nam
2642 3201 2768 3273 ipse
2790 3201 3209 3272 interpretatur
3235 3200 3398 3256 hanc
3446 3200 3792 3269 allegoriam.
3820 3194 3908 3249 Hos

2306 3290 2468 3344 enim
2488 3289 2640 3345 duos
2664 3288 2813 3344 ﬁlios
2836 3288 3100 3345 habebat
3118 3288 3451 3355 Abraham,
3468 3304 3602 3344 cum
3623 3287 3733 3343 duo
3762 3287 3913 3341 Testa-

2308 3383 2509 3433 menta
2532 3378 2867 3446 signiﬁcata
2897 3383 3055 3433 sunt.
3099 3380 3237 3433 Post
3268 3383 3527 3435 mortem
3556 3382 3741 3434 autem
3769 3375 3911 3432 Sara.

2305 3482 2459 3540 quos
2497 3465 2571 3521 de
2593 3466 2708 3522 alia
2748 3482 2930 3522 uxore
2958 3466 3181 3536 genuit,
3214 3482 3337 3522 non
3368 3469 3665 3538 pertinent
3699 3462 3769 3521 ad
3794 3463 3915 3517 hanc

2308 3556 2825 3625 signiﬁcationem.
2859 3558 2922 3611 Et
2940 3555 3073 3611 ideo
3098 3556 3268 3611 multi
3299 3556 3566 3625 legentes
3592 3550 3913 3627 Apostolum.

2306 3645 2523 3701 librum
2536 3650 2735 3701 autem
2763 3643 3061 3701 Geueseos
3076 3646 3448 3713 ignorantes,
3465 3650 3671 3718 putant
3684 3642 3822 3699 solos
3838 3639 3917 3694 ha-

2306 3734 2671 3790 buisseduos
2691 3733 2841 3789 ﬁlios
2859 3734 3183 3790 Abraham.
3216 3736 3328 3789 Hos
3343 3750 3490 3805 ergo
3520 3735 3676 3789 solos
3702 3742 3914 3786 comme-

2309 3828 2501 3879 morat
2516 3821 2999 3894 Apostolus,quia
3012 3822 3171 3877 solos
3186 3822 3382 3877 adhuc
3399 3822 3805 3885 habebat,cum
3817 3816 3915 3871 hac

2308 3912 2811 3985 signiﬁcarentur,
2844 3926 2977 3983 quas
3006 3917 3449 3982 consequenter
3486 3914 3720 3983 exponit
3749 3924 3760 3963 :
3786 3902 3915 3978 quod

2309 4002 2404 4057 ille
2437 4001 2509 4056 de
2542 4000 2777 4065 ancilla,
2812 4016 2949 4073 quae
2990 4000 3147 4069 Agar
3178 3999 3530 4067 vocabatur,
3564 4001 3737 4054 Vetus
3761 3996 3918 4049 Testa-

2309 4097 2577 4146 mentum
2619 4090 2936 4159 significat,
2970 4090 3028 4143 id
3060 4093 3166 4155 est,
3200 4088 3496 4161 populum
3527 4089 3738 4146 Veteris
3765 4088 3919 4141 Testa-

2310 4180 2512 4245 menti,
2530 4185 2767 4251 propter
2772 4179 2794 4251 j
2809 4194 2989 4247 ugum
3006 4178 3213 4233 servile
3240 4179 3574 4236 carnalium
3604 4170 3917 4233 observatio-

2308 4284 2477 4333 num,
2511 4271 2569 4323 et
2610 4268 2909 4340 promissa
2940 4270 3194 4333 terrena,
3226 4265 3450 4338 quibus
3481 4266 3697 4331 irretiti,
3740 4268 3788 4317 et
3811 4271 3918 4331 qua!

2309 4356 2729 4413 tantummodo
2749 4360 3061 4427 sperantes
3082 4354 3155 4410 de
3173 4358 3308 4418 Deo,
3335 4371 3458 4411 non
3482 4344 3917 4411 admittunturad

2308 4446 2715 4502 haereditatem
2750 4444 3123 4516 spiritualem
3156 4442 3414 4499 caelestis
3448 4441 3792 4517 patrimonii.
3818 4439 3917 4493 Non

2308 4539 2509 4590 autem
2536 4532 2929 4606 sufﬁcitquod
2946 4532 3219 4588 delibera
3243 4548 3427 4588 uxore
3461 4538 3635 4588 natus
3666 4528 3915 4586 estlsaac,

2308 4624 2384 4679 ad
2417 4622 2879 4692 signiﬁcandum
2916 4621 3205 4694 populum
3242 4621 3543 4677 hmredem
3590 4619 3725 4678 Novi
3757 4618 3921 4672 Testa-

2312 4713 2524 4778 menti;
2559 4711 2665 4766 sed
2696 4710 2825 4783 plus
2856 4711 2949 4765 hic
2972 4711 3121 4766 valet
3152 4710 3316 4783 quod
3344 4710 3677 4766 secundum
3706 4701 3919 4779 promis-

2309 4802 2537 4857 sionem
2567 4807 2743 4857 natus
2770 4808 2877 4855 est.
2903 4800 2997 4855 Ille
3019 4807 3217 4855 autem
3234 4804 3291 4855 et
3310 4800 3383 4855 de
3399 4799 3615 4855 ancilla
3629 4792 3918 4853 secundum

2308 4907 2570 4955 carnem,
2594 4896 2646 4945 et
2668 4891 2741 4945 de
2760 4889 2946 4945 libera
2959 4889 3126 4944 nasci
3144 4889 3331 4960 potuit
3348 4889 3679 4944 secundum
3694 4895 3917 4941 carnem,

2309 4981 2461 5036 sicut
2481 4981 2554 5038 de
2577 4979 3053 5051 Cethura,quam
3079 4984 3285 5050 postea
3312 4976 3797 5033 duxitAbraham,
3823 4981 3919 5025 non

2310 5070 2647 5126 secundum
2696 5068 3183 5139 promissionem,
3214 5067 3316 5123 sed
3351 5067 3677 5121 secundum
3716 5070 3919 5118 carnem

2308 5159 2570 5230 Suscepit
2601 5157 2750 5211 ﬁlios
2783 5157 2934 5226 (Gen.
2969 5172 3110 5221 xxv,
3145 5162 3189 5221 t,
3223 5158 3300 5227 ‘2).
3340 5158 3505 5211 Isaac
3536 5155 3689 5209 enim
3722 5142 3922 5205 mirabi-

2307 5247 2436 5303 liter
2465 5253 2641 5302 natus
2673 5250 2760 5301 est
2785 5261 2887 5317 per
2918 5245 3463 5316 repromissionem,
3493 5259 3627 5298 cum
3654 5238 3817 5296 ambo
3837 5247 3921 5305 pa-

2312 5342 2507 5391 rentes
2568 5336 2927 5389 senuissent.
2972 5333 3141 5399 Quod
3185 5335 3229 5388 si
3270 5334 3411 5389 data
3470 5347 3574 5403 per
3605 5323 3918 5400 Apostolum

2312 5424 2551 5489 ﬁducia,
2585 5439 2708 5496 qua
2738 5423 3036 5478 duosillos
3067 5422 3379 5491 allegorice
3393 5418 3916 5491 accipiendosaper-

2311 5515 2539 5569 tissime
2556 5513 2833 5580 ostendit,
2854 5511 3325 5583 volueritaliquis
3343 5511 3516 5566 etiam
3530 5507 3777 5563 Cetburae
3791 5500 3918 5554 tilias

2311 5602 2369 5658 in
2414 5602 2615 5674 aliqua
2643 5617 2841 5657 rerum
2872 5600 3067 5671 ﬁgura
3119 5599 3449 5656 futurarum
3489 5596 3764 5669 inspicere
3793 5589 3915 5661 (non

2310 5691 2469 5747 enim
2515 5690 2730 5748 frustra
2760 5690 2833 5749 de
2876 5690 3091 5747 talibus
3134 5688 3401 5766 personis
3442 5677 3913 5744 administratione

4017 274 4019 353 l

4020 422 4021 503 ι
