4120 6202
248 226 394 283 2133

243 350 496 422 Spiritus
527 348 718 407 sancti
750 349 879 407 hac
910 354 1079 423 gesta
1107 349 1450 423 conscripta
1480 348 1640 421 sunt)
1672 364 1686 415 ;
1726 348 1895 405 iuve-

242 438 363 496 niet
390 438 644 495 fortasse
684 440 940 497 haereses
970 444 1026 497 et
1054 440 1381 496 schismata
1411 438 1754 509 signiﬁcari.
1789 438 1898 504 Qui

240 528 345 584 ﬁlii
378 527 454 584 de
484 526 675 586 libera
720 529 990 602 quidem,
1026 529 1182 585 sicut
1210 530 1306 585 isti
1337 529 1412 584 de
1454 527 1712 584 Ecclesia
1742 547 1758 599 ;
1793 528 1895 583 sed

242 621 446 675 tamen
478 617 804 673 secundum
833 634 1078 675 carnem
1109 620 1231 675 nati
1253 622 1409 686 sunt,
1432 632 1552 674 non
1582 615 1897 689 spirituali-

241 710 331 763 ter
355 720 459 778 per
475 707 1027 778 repromissionem.
1050 707 1221 775 Quod
1246 708 1295 763 si
1318 708 1398 764 ita
1428 712 1532 771 est,
1561 721 1671 761 nec
1694 705 1807 777 ipsi
1821 705 1896 762 ad

240 795 652 852 haereditatem
675 794 1060 853 inveniuntur
1088 798 1402 868 pertinere.
1425 795 1487 850 id
1510 798 1596 850 est
1612 794 1689 850 ad
1702 794 1901 850 coeles-

239 892 362 940 tem
410 884 765 949 Jerusalem,
812 901 1000 957 quam
1056 885 1314 942 sterilem
1345 889 1520 941 vocat
1574 882 1895 955 Scriptura,

237 974 383 1046 quia
431 973 537 1029 diu
574 973 729 1030 ﬁlios
761 974 820 1029 in
853 979 1008 1031 terra
1061 991 1183 1031 non
1215 974 1435 1045 genuit.
1487 975 1628 1039 Quae
1659 972 1898 1029 deserta

239 1061 423 1119 etiam
454 1062 614 1119 dicta
642 1070 752 1132 est,
781 1063 1083 1120 caelestem
1107 1064 1400 1137 justitiam
1432 1064 1449 1099 ¹
1483 1060 1897 1117 deserentibus

237 1151 588 1208 hominibus
646 1156 878 1210 terrena
932 1153 1324 1216 sectantibus.
1373 1158 1663 1224 tanquam
1702 1151 1898 1206 virum

239 1241 499 1298 habente
520 1241 624 1298 illa
656 1246 889 1298 terrena
917 1242 1267 1309 Jerusalem,
1313 1242 1460 1314 quia
1492 1243 1704 1309 Legem
1727 1254 1898 1295 acce-

237 1334 424 1402 perat.
458 1331 523 1386 Et
554 1330 689 1387 ideo
721 1331 1023 1388 caelestem
1054 1331 1378 1388 Jerusalem
1408 1331 1552 1387 Sara
1575 1328 1895 1399 signiﬁcat,

234 1434 374 1490 quas
403 1419 508 1475 diu
538 1420 772 1477 deserta
802 1425 892 1476 est
922 1437 958 1476 a
1007 1420 1331 1477 concubitu
1385 1420 1493 1475 viri
1519 1423 1764 1491 propter
1799 1434 1897 1473 co-

234 1507 469 1578 gnitam
502 1509 894 1566 sterilitatem.
924 1513 1051 1566 Non
1068 1510 1228 1565 enim
1260 1509 1405 1565 tales
1426 1508 1719 1572 homines,
1752 1523 1897 1580 qua-

235 1596 308 1652 lis
336 1605 463 1653 erat
483 1598 806 1665 Abraham,
838 1598 915 1655 ad
940 1598 1300 1670 explendam
1321 1596 1633 1653 libidinem
1650 1596 1897 1652 uteban-

234 1692 331 1742 tur
359 1686 616 1751 feminis,
635 1688 743 1744 sed
771 1687 849 1744 ad
881 1688 1324 1744 successionem
1338 1686 1537 1759 prolis.
1555 1688 1897 1743 Accesserat

236 1781 440 1832 autem
469 1776 757 1833 sterilitati
791 1778 970 1833 etiam
1013 1782 1306 1841 senectus,
1361 1781 1424 1831 ut
1458 1791 1530 1831 ex
1554 1775 1717 1831 omni
1758 1774 1897 1831 des-

232 1865 543 1936 peratione
568 1864 773 1922 divina
804 1866 1122 1937 promissio
1151 1880 1443 1935 magnum
1466 1865 1743 1921 meritum
1776 1880 1896 1919 cre-

236 1953 520 2009 dentibus
568 1953 758 2010 daret.
793 1956 994 2012 Certus
1036 1970 1178 2025 ergo
1230 1954 1305 2010 de
1342 1953 1742 2026 promissione
1798 1954 1897 2009 Dei

235 2041 444 2099 ofﬁcio
488 2042 771 2113 gignendi
805 2044 1054 2100 accessit
1093 2044 1172 2099 ad
1202 2047 1437 2099 aetatem
1464 2043 1590 2113 jam
1625 2057 1892 2115 gravem,

236 2147 429 2205 quam
458 2131 519 2187 in
543 2133 720 2189 annis
747 2132 1180 2203 vigentioribus
1193 2132 1487 2205 corporali
1519 2131 1897 2203 copulatione

240 2219 754 2277 deseruerat.Non
778 2221 941 2276 enim
967 2221 1046 2277 ob
1080 2220 1243 2276 aliud
1256 2221 1594 2292 Apostolus,
1612 2220 1708 2291 adj
1721 2224 1898 2277 uncta

244 2324 457 2366 earum
493 2308 829 2371 mulierum
873 2309 1087 2379 ﬁgura,
1122 2310 1540 2382 interpretatur
1577 2309 1743 2381 quod
1792 2324 1897 2379 per

240 2398 604 2470 prophetam
631 2397 856 2455 dictum
883 2404 987 2465 est,
1028 2398 1293 2465 Quoniam
1332 2398 1494 2454 multi
1516 2398 1628 2470 ﬁlii
1649 2398 1892 2463 desertae,

240 2488 414 2558 magis
437 2504 596 2559 quam
615 2486 734 2558 ejus
748 2505 866 2560 quae
878 2488 1030 2543 habet
1044 2489 1220 2543 virum
1241 2504 1409 2554 ;cum
1431 2492 1486 2543 et
1511 2487 1723 2544 marito
1738 2488 1898 2559 prior

242 2578 390 2633 Sara
406 2577 481 2633 sit
495 2580 751 2643 mortua,
770 2592 964 2649 neque
978 2578 1128 2632 inter
1139 2593 1242 2633 eos
1257 2576 1443 2632 ullum
1460 2576 1777 2632 exstitisset
1803 2575 1897 2631 di-

240 2666 522 2721 vortium.
560 2664 721 2722 Unde
752 2681 893 2735 ergo
947 2666 1046 2722 illa
1089 2666 1343 2731 deserta,
1395 2669 1497 2721 aut
1528 2665 1626 2721 illa
1665 2666 1896 2721 habens

238 2755 455 2820 virum,
482 2754 594 2810 nisi
616 2756 781 2828 quod
795 2755 1100 2811 Abraham
1128 2754 1537 2827 propagandae
1553 2754 1735 2826 prolis
1751 2770 1894 2826 ope-

237 2859 370 2899 ram
398 2843 475 2899 ad
504 2846 668 2914 Agar
697 2844 921 2900 ancillae
945 2844 1364 2900 fecunditatem
1395 2845 1472 2899 ab
1505 2844 1708 2899 uxoris
1736 2845 1895 2900 Saraa

238 2933 547 2988 sterilitate
578 2932 1007 2989 transtulerat?
1036 2934 1172 3006 ipsa
1196 2937 1401 2988 tamen
1432 2932 1809 3003 permittente
1840 2936 1897 2987 et

238 3022 395 3077 ultro
410 3020 713 3092 offerente,
739 3027 802 3077 ut
835 3022 1086 3077 maritus
1115 3022 1164 3093 ej
1177 3038 1243 3077 us
1256 3021 1330 3076 de
1344 3021 1560 3077 ancilla
1573 3022 1897 3092 susciperet

235 3110 417 3167 ﬁlios.
449 3110 709 3183 Antiqua
739 3110 1149 3181 enimjustitiae
1182 3109 1387 3181 regula
1416 3114 1718 3181 est,quam
1736 3124 1895 3165 com-

239 3199 489 3255 mendat
516 3198 593 3255 ad
622 3199 950 3255 Corinthios
980 3199 1140 3255 idem
1170 3198 1483 3270 apostolus
1514 3216 1527 3266 ;
1558 3198 1770 3254 Mulier
1808 3198 1896 3253 sui

238 3288 488 3359 corporis
507 3292 817 3359 potestatem
836 3304 943 3342 non
962 3287 1135 3354 habet,
1161 3288 1249 3342 sed
1278 3289 1369 3343 vir
1394 3306 1413 3353 ;
1438 3287 1701 3343 similiter
1719 3294 1896 3343 autem

238 3384 287 3432 et
318 3378 413 3432 vir
438 3378 528 3433 sui
554 3379 795 3448 corporis
820 3383 1134 3448 potestatem
1158 3393 1264 3433 non
1293 3377 1473 3443 habet,
1496 3377 1592 3431 sed
1622 3376 1819 3432 mulier
1850 3378 1892 3448 (ἰ

239 3466 372 3521 Cor.
405 3482 505 3533 vu,
535 3467 611 3538 4),
648 3468 714 3521 Et
742 3466 1092 3537 hujusmodi
1126 3465 1308 3531 enim,
1342 3466 1562 3531 debita,
1598 3466 1752 3521 sicut
1782 3481 1894 3522 ca:-

236 3555 452 3621 tera,in
466 3570 673 3611 eorum
688 3555 913 3628 quibus
928 3555 1223 3611 debentur
1237 3559 1523 3626 potestate
1538 3555 1891 3611 consistunt.

235 3645 343 3701 Cui
374 3645 651 3716 potestati
690 3644 793 3716 qui
843 3643 1113 3699 fraudem
1143 3660 1261 3699 non
1292 3643 1449 3709 facit,
1482 3643 1577 3699 ille
1605 3644 1896 3700 castitatis

238 3732 575 3803 conjugalis
612 3733 750 3803 jura
788 3733 1062 3788 custodit.
1108 3733 1390 3787 Senectus
1436 3738 1636 3788 autem
1676 3748 1895 3805 paren-

240 3827 369 3877 tum
394 3824 555 3877 lsaac
584 3822 661 3877 ad
693 3837 827 3877 eam
862 3821 1362 3891 signiﬁcationem
1393 3821 1569 3891 valet,
1602 3822 1893 3893 quoniam

242 3911 387 3968 Novi
420 3911 776 3966 Testamenti
802 3910 1065 3982 populus
1095 3910 1372 3982 quamvis
1404 3911 1479 3965 sit
1509 3926 1717 3975 novus,
1749 3926 1899 3981 prae-

240 3999 564 4055 destinatio
596 4003 798 4055 tamen
830 4000 960 4070 ejus
987 3999 1152 4070 apud
1186 3998 1392 4064 Deum,
1423 4004 1479 4055 ct
1503 4000 1633 4071 ipsa
1664 4001 1900 4054 Jerusa-

236 4087 358 4144 lem
386 4087 639 4144 cmlestis
670 4088 919 4160 antiqua
953 4094 1062 4144 est.
1098 4087 1261 4143 Unde
1287 4094 1341 4143 et
1367 4090 1627 4143 Joannes
1656 4089 1733 4143 ad
1768 4090 1898 4143 Par-

240 4177 375 4232 thos
401 4177 544 4232 dicit
573 4180 593 4212 ²
628 4194 640 4232 :
673 4176 857 4232 Scriba
875 4176 1041 4245 vobis,
1074 4183 1277 4248 patres,
1303 4177 1552 4248 quoniam
1578 4176 1897 4247 cognovistis

235 4266 377 4338 quod
405 4272 526 4322 erat
579 4267 648 4322 ab
679 4266 842 4321 initio
873 4267 917 4338 (Ι
940 4268 1099 4322 Joan.
1133 4283 1191 4331 ιι,
1230 4268 1336 4336 t3).
1371 4266 1647 4323 Carnalcs
1693 4269 1896 4320 autem
1924 4286 1931 4293 ·

235 4356 339 4428 qui
385 4361 523 4411 sunt
571 4355 632 4410 in
666 4355 943 4424 Ecclesia,
977 4371 1043 4411 ex
1074 4355 1294 4427 quibus
1323 4355 1580 4410 haereses
1625 4358 1681 4409 et
1711 4354 1898 4409 schis-

239 4448 402 4499 mata
432 4443 604 4509 ﬁunt,
633 4460 705 4499 ex
738 4444 1050 4513 Evangelio
1076 4444 1319 4516 quidem
1347 4443 1729 4499 occasionem
1762 4456 1896 4498 nas-

236 4531 411 4587 cendi
446 4537 837 4604 acceperunt;
861 4532 965 4587 sed
998 4531 1254 4588 carnalis
1278 4547 1441 4587 error
1472 4546 1594 4602 quo
1620 4530 1897 4603 concepti

235 4626 396 4685 sunt,
431 4625 485 4677 et
514 4636 694 4692 quem
724 4637 928 4676 secum
960 4621 1222 4687 trahunt,
1264 4635 1385 4676 non
1416 4620 1664 4676 refertur
1685 4620 1762 4676 ad
1794 4635 1897 4675 an-

236 4710 573 4782 tiquitatem
606 4709 864 4766 veritatis
901 4727 914 4764 :
948 4714 1003 4765 et
1040 4709 1174 4766 ideo
1206 4710 1280 4765 de
1313 4715 1501 4765 matre
1546 4709 1897 4765 adolescen-

235 4799 377 4864 tula,
407 4804 464 4855 et
490 4798 566 4854 de
580 4803 746 4870 patre
776 4814 914 4854 sene
945 4800 1074 4855 sine
1096 4799 1558 4871 repromissione
1581 4800 1703 4854 nati
1735 4804 1893 4853 sunt.

234 4889 385 4954 Quia
409 4888 772 4944 etDominus
799 4888 1043 4943 nonnisi
1076 4888 1154 4943 ob
1192 4887 1606 4958 antiquitatem
1639 4888 1898 4943 veritatis

233 4977 292 5033 in
348 4977 715 5049 Apocalypsi
760 4977 898 5033 albo
934 4979 1128 5049 capite
1159 4976 1438 5048 apparuit
1487 4976 1673 5047 (Apoc.
1708 4991 1747 5042 1,
1784 4977 1895 5045 14).

233 5068 375 5126 Nati
398 5071 543 5122 sunt
566 5081 706 5135 ergo
734 5066 878 5122 tales
904 5082 974 5121 ex
1004 5066 1318 5122 occasione
1350 5065 1611 5137 antiquas
1639 5065 1899 5121 veritatis

233 5158 294 5211 in
335 5156 565 5211 novitio
597 5155 1029 5227 temporalique
1062 5154 1397 5211 mendacio.
1438 5154 1580 5210 Dicit
1611 5169 1753 5224 ergo
1785 5171 1896 5210 nos

238 5244 565 5317 Apostolus
577 5244 912 5300 secundum
929 5247 1097 5300 Isaac
1110 5243 1527 5316 promissionis
1542 5243 1694 5299 filios
1713 5259 1845 5299 esse
1883 5259 1896 5298 :

235 5340 291 5390 et
337 5336 423 5389 sic
478 5332 956 5405 persecutionem
1011 5348 1261 5404 passum
1295 5335 1457 5388 Isaac
1509 5332 1586 5387 ab
1628 5332 1896 5401 lsmaele,

237 5422 501 5494 quemad
513 5421 762 5477 modum
777 5421 835 5477 hi
849 5420 951 5492 qui
967 5420 1345 5493 spiritualiter
1360 5421 1555 5476 vivere
1570 5436 1658 5475 cm
1668 5425 1896 5492 perant,

243 5528 275 5565 a
316 5509 666 5567 carnalibus
707 5510 928 5565 Judaais
958 5510 1434 5582 persecutionem
1465 5509 1849 5581 patiebantur
1882 5527 1896 5579 ;

306 5684 321 5715 ί
356 5681 482 5731 Tres
509 5680 654 5735 Mss.,
686 5679 959 5729 caelestibus
977 5679 1239 5742 justitiam
1274 5678 1633 5728 deserentibus.

309 5744 327 5775 ³
352 5743 431 5794 Ita
450 5756 543 5795 sex
555 5743 681 5794 Mss.
706 5744 775 5793 At
790 5742 938 5802 Lov.,
956 5741 1023 5792 ad
1040 5748 1228 5807 patres.
1252 5741 1427 5792 Am.et
1447 5741 1552 5804 En,
1569 5742 1898 5807 adparentes.

1468 222 1969 280 EXPOSITIONIS
2008 222 2226 280 LIBER
2263 223 2464 281 UNUS.

3517 224 3671 282 9134

2013 348 2238 408 frustra
2251 353 2451 408 tamen
2462 391 2475 415 ,
2510 364 2648 405 cum
2662 345 2995 403 secundum
3024 346 3388 419 Scripturam
3402 348 3671 419 ejiciatur

2009 439 2227 496 ancilla
2241 443 2295 495 et
2328 439 2480 495 ﬁlius
2506 438 2657 509 ejus,
2690 436 2998 493 nechaeres
3026 451 3157 492 esse
3180 437 3517 508 possitcum
3540 439 3661 495 ﬁlio

2006 527 2229 585 liberae.
2271 531 2383 585 Nos
2410 526 2837 599 autem,inquit,
2858 526 3084 598 fratres,
3108 543 3212 581 non
3236 543 3417 582 sumus
3442 528 3657 582 ancillae

2007 618 2239 688 ﬁlii,sed
2269 618 2473 674 liberae.
2492 620 2571 674 Ea
2595 615 3007 673 enimlibertas
3040 632 3198 671 nunc
3213 615 3469 671 maxime
3482 630 3669 687 oppo-

2008 708 2213 763 nenda
2247 713 2335 763 est
2390 707 2682 763 servitutis
2725 707 2892 776 jugo,
2921 721 3042 777 quo
3089 705 3150 759 in
3178 704 3461 776 operibus
3496 705 3666 773 Legis

2008 797 2505 868 tenebantur,qui
2537 796 2609 852 ad
2641 795 3158 872 circumcisionem
3182 794 3296 849 isto
3328 793 3665 850 trahebant.

2078 910 2285 983 4ι.[ιι›,.
2318 928 2369 977 v,
2411 908 2556 982 1—3.]
2594 909 2743 965 Cum
2775 912 2975 963 autem
3015 907 3174 974 dicit,
3217 908 3361 963 State
3400 924 3545 979 ergo,
3589 909 3665 964 si-

2008 999 2252 1068 gniﬁcat
2299 1015 2402 1055 eos
2452 999 2726 1055 nondum
2776 997 3059 1052 cecidisse
3099 1014 3112 1052 :
3147 998 3663 1053 accommodatius

2009 1088 2168 1143 enim
2183 1088 2421 1153 diceret,
2437 1088 2692 1158 Surgite.
2714 1086 2829 1143 Sed
2847 1086 3012 1159 quod
3029 1086 3279 1151 addidit,
3298 1088 3369 1141 Et
3387 1104 3451 1141 ne
3466 1088 3668 1142 iterum

2006 1177 2290 1232 servitutis
2308 1178 2440 1248 jugo
2470 1175 2832 1242 attineamini,
2879 1174 3378 1247 quandoquidem
3406 1174 3504 1230 hic
3532 1176 3668 1231 nul-

1998 1258 2134 1321 lum
2178 1265 2341 1321 aliud
2364 1266 2584 1338 jugum
2618 1268 2813 1336 potest
2841 1263 3110 1333 intelligi,
3150 1280 3272 1336 quo
3304 1280 3401 1319 eos
3434 1265 3665 1321 attineri

2008 1353 2173 1419 nolit,
2200 1354 2310 1408 nisi
2332 1352 3149 1424 circumcisionistaliumque
3173 1351 3667 1409 Observationum

2005 1442 2395 1499 Iudaicarum
2423 1458 2437 1508 ;
2468 1442 2549 1497 ita
2579 1440 2740 1497 euim
2771 1445 2827 1495 et
2856 1441 3139 1511 sequitur,
3172 1441 3303 1495 Ecce
3336 1458 3425 1511 ego
3452 1442 3662 1498 Paulus

2006 1532 2124 1587 dico
2150 1532 2318 1598 vobis,
2344 1532 2473 1603 quia
2485 1529 3037 1593 sicircumcidamini,
3075 1529 3327 1585 Christus
3348 1530 3491 1584 vobis
3517 1531 3662 1585 nihil

2004 1621 2298 1693 proderit:
2329 1620 2637 1693 quomodo
2669 1618 2970 1691 accepturi
3008 1634 3217 1673 sumus
3256 1619 3421 1690 quod
3462 1619 3561 1683 ait,
3594 1634 3662 1672 ne

2006 1712 2205 1765 iterum
2228 1710 2508 1765 servitutis
2520 1709 2650 1781 jugo
2670 1707 3020 1763 attineamini
3033 1729 3053 1776 ;
3074 1722 3214 1763 cum
3232 1707 3307 1762 ad
3325 1723 3426 1763 eos
3446 1708 3665 1765 scribat

2005 1798 2108 1871 qui
2130 1798 2317 1854 Judaei
2336 1814 2649 1870 nunquam
2672 1797 2909 1853 fuerant
2930 1795 2957 1851 ?
2977 1797 3130 1851 Nam
3154 1796 3267 1851 hoc
3289 1796 3411 1865 agit
3437 1797 3660 1869 utique,

2007 1904 2080 1944 ne
2108 1887 2631 1944 circumcidantur.
2668 1886 2782 1943 Sed
2810 1886 3095 1942 nimirum
3126 1885 3221 1940 hic
3247 1885 3582 1941 declaratur
3607 1890 3662 1942 et

2006 1978 2396 2034 conﬁrmatur
2425 1977 2528 2033 illa
2580 1976 2871 2032 sententia
2897 1975 2970 2030 de
3002 1991 3126 2046 qua
3156 1975 3433 2045 superius
3463 1974 3665 2045 dispu-

2006 2067 2283 2123 tavimus.
2311 2064 2461 2132 Quid
2490 2065 2649 2121 enim
2675 2064 2838 2121 aliud
2864 2064 2978 2119 hoc
3006 2062 3136 2120 loco
3169 2062 3454 2119 Gentibus
3479 2062 3658 2132 dicat,

2006 2171 2122 2211 non
2148 2156 2407 2225 invenio,
2434 2155 2548 2209 nisi
2572 2160 2634 2209 ut
2660 2153 2849 2226 prosit
2868 2152 2982 2208 illis
3005 2154 3172 2225 quod
3204 2168 3239 2207 a
3266 2152 3541 2207 servitute
3573 2167 3665 2207 su-

2005 2244 2358 2316 perstitionis
2392 2260 2517 2299 suae
2552 2258 2657 2315 per
2685 2242 2869 2298 ﬁdem
2898 2241 3106 2298 Christi
3130 2240 3362 2296 liberati
3394 2244 3553 2306 sunt,
3588 2255 3660 2296 ne

2005 2332 2219 2389 iterum
2256 2333 2408 2389 servi
2449 2348 2581 2388 esse
2624 2331 2798 2387 velint
2838 2330 2949 2386 sub
2975 2330 3123 2400 jugo
3176 2328 3663 2385 Observationum

2006 2422 2360 2487 carnalium,
2382 2421 2662 2494 quamvis
2680 2420 2795 2475 sub
2812 2420 2964 2491 Lege
2981 2418 3099 2483 Dei,
3125 2422 3321 2474 tamen
3352 2418 3659 2474 carnalem

2006 2511 2300 2584 populum
2340 2510 2626 2566 serviliter
2670 2508 3063 2579 alligantium.
3107 2507 3403 2563 Christum
3453 2512 3657 2563 autem

2004 2600 2150 2656 nihil
2180 2600 2263 2656 eis
2295 2598 2823 2671 profuturumfesse
2837 2597 2999 2663 dicit,
3030 2596 3077 2652 si
3109 2595 3612 2652 circumcidantur
3645 2611 3660 2650 :

2006 2689 2108 2744 sed
2141 2688 2240 2745 illo
2275 2689 2620 2760 modo,quo
2647 2702 2749 2743 eos
2777 2686 2872 2741 isti
2902 2684 3181 2741 volebant
3202 2684 3567 2751 circumcidi,
3598 2684 3660 2739 id

2005 2784 2110 2846 est,
2142 2785 2206 2835 ut
2235 2779 2296 2834 in
2329 2778 2524 2834 carnis
2556 2775 3009 2833 circumcisione
3039 2779 3333 2847 ponerent
3361 2790 3531 2845 spem
3563 2791 3661 2830 sa—

2002 2867 2164 2923 lutis.
2189 2871 2314 2923 Non
2333 2865 2809 2923 enimTimotheo
2830 2879 2952 2920 non
2974 2863 3199 2936 profuit
3218 2864 3502 2927 Christus,
3521 2862 3664 2935 quia

2003 2955 2541 3027 Paulusipseillum
2551 2955 2679 3025 jam
2695 2954 3089 3009 christianum
3098 2954 3384 3023 juvenem
3411 2952 3659 3007 circum-

2003 3044 2143 3100 cidit
2193 3060 2204 3097 :
2260 3044 2393 3098 fecit
2431 3048 2634 3099 autem
2675 3042 2790 3097 hoc
2828 3047 3070 3113 propter
3123 3040 3478 3097 scandalum
3528 3056 3663 3096 suo-

2001 3148 2134 3188 rum
2169 3132 2312 3203 (Act.
2349 3147 2462 3196 xv1,
2514 3130 2591 3202 3),
2634 3129 2777 3185 nihil
2810 3130 3100 3185 simulans
3130 3130 3400 3193 omnino,
3432 3129 3537 3184 sed
3585 3144 3659 3184 ex

2000 3220 2101 3276 illa
2146 3219 2541 3274 inditferentia
2568 3234 2692 3291 qua
2723 3218 2884 3282 dicit,
2921 3218 3279 3272 Circumcisio
3311 3217 3451 3271 nihil
3480 3224 3575 3283 est,
3608 3224 3659 3276 et

1997 3308 2331 3381 praeputium
2362 3307 2506 3362 nihil
2530 3314 2602 3361 est
2632 3306 2675 3379 (Ι
2696 3304 2824 3361 Cor.
2856 3322 2952 3371 vn,
2987 3306 3096 3376 19).
3122 3305 3270 3360 Nihil
3299 3305 3459 3360 enim
3491 3306 3662 3360 obest

2003 3399 2103 3455 illa
2118 3397 2488 3454 circumcisio
2502 3396 2552 3452 ei
2566 3395 2667 3468 qui
2692 3395 2948 3450 salutem
2961 3394 3021 3449 in
3048 3393 3146 3448 illa
3159 3408 3285 3448 esse
3313 3408 3433 3448 non
3452 3393 3659 3447 credit.

2006 3488 2344 3543 Secundum
2368 3486 2525 3541 hanc
2544 3484 2903 3540 sententiam
2917 3483 3093 3538 etiam
3109 3480 3257 3539 illud
3272 3480 3519 3548 addidit,
3542 3481 3659 3535 Tes-

2004 3577 2177 3647 tiﬁcor
2202 3583 2377 3631 autem
2408 3574 2775 3630 omnihomini
2797 3570 3205 3628 circumcidenti
3232 3587 3304 3636 se,
3334 3569 3396 3625 id
3409 3573 3655 3637 est,tan—

2003 3681 2187 3738 quam
2204 3665 2527 3720 salutarem
2556 3663 2731 3718 istam
2778 3660 3294 3717 circumcisionem
3332 3659 3657 3732 appetenti,

2002 3754 2129 3827 quia
2165 3753 2378 3808 debitor
2407 3759 2483 3807 est
2507 3752 2775 3807 universa
2808 3750 2965 3821 Legis
2982 3748 3269 3820 facienda.
3314 3747 3485 3814 Quod
3521 3747 3655 3803 ideo

2003 3843 2103 3907 ait,
2139 3847 2200 3898 ut
2230 3842 2321 3898 vel
2349 3847 2566 3898 terrore
2598 3845 2718 3896 tam
2739 3838 3270 3895 innumerabilium
3297 3836 3661 3894 observatio-

2003 3947 2171 3996 num,
2205 3947 2335 4002 quae
2364 3930 2424 3986 in
2458 3930 2626 4000 Legis
2659 3928 2937 4001 operibus
2960 3928 3192 4000 scriptas
3233 3933 3390 3993 sunt,
3422 3942 3496 3982 ne
3527 3942 3659 3982 om-

2004 4037 2109 4076 nes
2140 4020 2388 4093 implere
2419 4023 2771 4091 cogerentur
2805 4019 2997 4091 (quod
3034 4034 3143 4075 nec
3167 4017 3281 4090 ipsi
3309 4017 3520 4081 Judaei,
3558 4031 3667 4072 nec

2004 4114 2278 4180 parentes
2322 4124 2534 4165 eorum
2593 4108 2841 4180 implere
2882 4110 3223 4179 potuerunt,
3271 4107 3421 4162 sicut
3462 4108 3666 4162 Petrus

2003 4197 2063 4253 in
2094 4198 2335 4253 Actibus
2365 4196 2787 4269 Apostolorum
2836 4196 3142 4270 dicitLAet.
3174 4211 3268 4261 xv,
3316 4195 3447 4266 10]),
3482 4194 3666 4249 absti-

2003 4291 2212 4343 nerent
2227 4304 2288 4343 se
2301 4287 2377 4343 ab
2391 4287 2733 4358 his,quibus
2748 4301 2850 4341 eos
2867 4285 2959 4341 isti
2978 4302 3003 4339 s
3015 4285 3113 4354 ubj
3126 4297 3305 4354 ugare
3321 4280 3666 4353 cupiebant.

2074 4406 2162 4459 42.
2201 4402 2309 4475 [1b.
2341 4420 2397 4467 v,
2427 4403 2597 4475 442.]
2632 4401 2913 4465 Evacuati,
2944 4400 3158 4471 inquit,
3190 4399 3322 4454 estis
3358 4414 3392 4452 a
3422 4396 3661 4465 Christo,

2002 4492 2096 4563 qui
2144 4492 2204 4546 in
2245 4492 2374 4563 Lege
2405 4490 2813 4562 justiﬁcamini.
2870 4491 3002 4543 Haec
3046 4491 3135 4542 est
3163 4486 3263 4541 illa
3299 4486 3657 4556 proscriptio

2003 4596 2126 4652 qua
2152 4580 2447 4636 Christum
2479 4578 2885 4650 proscriptum
2907 4574 3184 4647 superius
3209 4572 3665 4643 dixerat(Galat.

2004 4685 2084 4735 ιιι,
2120 4670 2195 4739 l),
2250 4673 2311 4723 ut
2342 4683 2480 4722 cum
2511 4667 2603 4722 isti
2634 4668 3068 4720 evacuarentur
3110 4679 3145 4719 a
3177 4662 3426 4730 Christo,
3461 4662 3521 4717 id
3557 4666 3666 4737 est,

2005 4758 2267 4813 Christus
2298 4756 2375 4811 ab
2402 4756 2484 4810 eis
2511 4758 2802 4826 tanquam
2830 4768 2865 4809 a
2892 4753 3276 4824 possessione
3290 4768 3475 4824 quam
3510 4757 3664 4807 tene-

2006 4846 2129 4910 bat,
2147 4844 2435 4911 abscedit,
2449 4858 2629 4915 opera
2642 4842 2812 4911 Legis
2828 4842 2888 4895 in
2914 4836 3515 4912 eam'possessionem
3534 4846 3664 4895 tan-

2005 4948 2191 5005 quam
2206 4934 2265 4987 iu
2280 4947 2533 4987 vacuam
2550 4928 3107 4994 inducantur.Quod
3121 4928 3265 4999 quia
3277 4943 3400 4983 non
3414 4927 3663 4989 Christo,

2006 5022 2109 5077 sed
2139 5022 2253 5077 illis
2284 5022 2473 5087 obest,
2506 5018 2737 5083 additit,
2757 5019 2992 5089 agratia
3011 5016 3302 5072 excidistis.
3330 5018 3473 5071 Cum
3498 5017 3661 5070 enim

2004 5111 2119 5167 hoc
2154 5115 2296 5181 agat
2326 5110 2515 5181 gratia
2552 5106 2784 5175 Christi,
2810 5112 2873 5162 ut
2914 5106 2994 5162 illi
3026 5106 3128 5178 qui
3162 5106 3464 5161 debitores
3494 5106 3664 5159 erant

2005 5215 2251 5270 operum
2298 5198 2492 5269 Legis,
2527 5197 2854 5252 liberentur
2880 5194 2993 5250 hoc
3027 5194 3231 5249 debito
3264 5208 3280 5259 ;
3312 5192 3405 5247 isti
3447 5190 3668 5261 ingrati

2005 5293 2181 5344 tantm
2215 5287 2443 5358 gratiae,
2473 5285 2771 5342 debitores
2793 5299 2925 5340 esse
2954 5282 3165 5339 volunt
3186 5281 3481 5337 universae
3506 5280 3674 5351 Legis

2006 5377 2313 5433 faciendas.
2350 5375 2625 5432 Nondum
2658 5379 2859 5430 autem
2904 5376 3033 5428 erat
3079 5372 3304 5427 factum
3339 5386 3353 5435 ;
3402 5370 3508 5425 sed
3533 5370 3678 5440 quia

2006 5466 2285 5522 voluntas
2314 5464 2540 5521 moveri
2567 5466 2861 5535 coeperat;
2890 5462 2973 5517 ita
2992 5459 3292 5533 plerisque
3318 5458 3463 5515 locis
3491 5458 3673 5532 loqui-

2009 5562 2101 5610 tur
2126 5553 2307 5627 quasi
2338 5553 2563 5609 factum
2593 5552 2683 5607 sit.
2707 5550 2819 5606 Nos
2838 5549 3001 5615 enim,
3022 5548 3240 5621 inquit,
3258 5547 3466 5620 spiritu
3491 5564 3556 5602 ea:
3575 5546 3683 5618 ﬁde

2006 5660 2151 5715 spem
2172 5644 2410 5715 justitiae
2432 5649 2787 5713 expectamus.
2817 5640 2880 5693 In
2909 5653 3032 5711 quo
3054 5639 3430 5694 demonstrat
3450 5652 3519 5693 ea
3546 5652 3673 5708 per-

2008 5732 2199 5791 tinere
2232 5731 2309 5789 ad
2340 5731 2517 5788 fidem
2575 5729 2814 5800 Christi,
2865 5744 2996 5802 quas
3027 5727 3409 5803 spiritualiter
3434 5740 3679 5799 exspec'
