4112 6192
521 165 665 227 2135

518 300 720 353 tantur
748 313 761 365 ;
790 311 912 353 non
934 310 1071 368 quae
1100 294 1415 352 carnaliter
1434 295 1872 361 desiderantur,
1895 295 2174 369 qualibus

1534 166 1905 226 EPISTOLE
1945 169 2040 224 AD
2078 167 2419 237 GALATAS,
2462 171 2524 226 S.
2565 166 2944 226 AUGUSTINI

3740 174 3852 231 2138

2288 296 2495 354 dalum
2524 298 2781 363 Iudaeos,
2824 296 2969 369 quia
2998 295 3142 351 istas
3173 291 3432 349 carnales
3458 292 3849 365 observationes,

522 385 1027 458 promissionibus
1060 386 1311 440 servitus
1354 385 1452 440 illa
1485 385 1792 441 tenebatur
1824 403 1837 440 :
1878 385 2029 441 sicut
2056 384 2173 440 alio
2282 402 2556 459 quaspro
2588 387 2721 458 ipsa
2750 386 2938 442 salute
2968 399 3031 440 se
3054 382 3277 439 habere
3302 381 3732 451 arbitrabantur,
3750 402 3854 443 eum

523 476 661 533 loco
684 476 844 543 dicit,
873 476 997 531 Non
1028 475 1435 546 respicientibus
1465 474 1614 529 nobis
1642 490 1763 546 qua:
1784 474 2064 543 videntur,
2084 472 2177 528 sed

523 582 641 635 qua:
687 582 791 619 non
842 564 1116 618 videntur.
1170 566 1299 630 Quae
1340 564 1482 617 enim
1529 564 1803 629 videntur,
1859 563 2179 635 temporalia

526 660 654 708 sunt
681 676 699 722 ,-
734 669 855 725 quae
877 660 1057 706 autem
1088 668 1197 706 non
1228 652 1505 719 videntur,
1535 660 1741 707 teter-na
1778 660 1903 708 sunt
1936 654 2003 721 (ll
2038 652 2171 708 Cor.

525 758 607 806 1v,
637 746 749 811 18).
782 742 996 796 Deinde
1019 741 1345 811 subjunxit,
1374 742 1445 795 In
1461 741 1676 797 Christo
1700 744 1840 796 enim
1869 741 1996 796 Iesu
2018 756 2181 811 neque

528 831 1165 901 circumcisioquidquam
1192 831 1352 897 valet,
1374 847 1535 902 neque
1546 832 1913 907 praeputium;
1935 836 1995 886 ut
2019 830 2183 886 illam

531 920 993 975 indiﬁerentiam
1051 920 1401 987 declararet,
1460 920 1727 992 nihilque
1777 920 2183 992 perniciosum

531 1023 663 1062 esse
696 1008 751 1061 in
785 1008 895 1061 hac
935 1007 1386 1063 circumcisione
1431 1009 1791 1078 ostenderet,
1831 1009 1943 1064 nisi
1976 1025 2045 1063 ex
2086 1008 2186 1064 illa

534 1096 787 1150 salutem
807 1111 1073 1167 sperare.
1106 1097 1258 1152 Nihil
1290 1113 1432 1167 ergo
1473 1098 1667 1153 valere
1695 1098 1835 1153 dicit
1870 1097 1929 1153 in
1959 1097 2187 1154 Christo

534 1184 1049 1240 circumcisionem
1079 1190 1181 1241 aut
1217 1187 1595 1257 praeputium,
1643 1188 1730 1241 sed
1758 1188 1909 1257 ﬁdem
1939 1201 2057 1257 quae
2092 1201 2193 1257 per

537 1274 879 1328 dilectionem
910 1282 1195 1346 operatur.
1235 1278 1299 1330 Et
1340 1275 1437 1329 hic
1469 1275 1612 1330 illud
1644 1276 1847 1345 tetigit,
1895 1276 2039 1347 quia
2078 1273 2190 1330 sub

537 1364 690 1432 Lege
743 1366 997 1419 servitus
1046 1380 1151 1435 per
1190 1367 1466 1420 timorem
1518 1370 1814 1436 operatur.
1876 1364 2194 1420 Currebatis

540 1454 685 1522 bene,
716 1453 935 1525 inquit;
966 1453 1083 1523 quis
1112 1470 1199 1507 vos
1230 1454 1513 1523 impedivit
1543 1454 1771 1509 veritati
1800 1471 1905 1508 non
1930 1454 2140 1508 obedire
2168 1452 2196 1507 ‘?

544 1544 666 1597 Hoc
706 1548 815 1607 est,
844 1542 1003 1612 quod
1038 1543 1308 1614 superius
1335 1544 1432 1607 ait,
1465 1542 1593 1608 Quis
1624 1560 1709 1597 vos
1736 1543 2030 1614 fascinavit
2060 1542 2196 1612 (Ga-

547 1632 643 1685 lat.
663 1647 742 1696 ιιι,
782 1631 830 1699 1)
856 1633 883 1684 ?
909 1630 1116 1693 Suasio,
1150 1632 1360 1702 inquit,
1393 1640 1574 1686 vestra
1604 1649 1706 1686 non
1727 1649 1792 1685 ea:
1815 1650 1870 1686 eo
1899 1638 1973 1685 est
2000 1632 2092 1702 qui
2114 1647 2197 1686 vo-

542 1720 686 1775 cavit
716 1736 819 1773 vos.
856 1721 986 1774 Haec
1022 1720 1179 1775 enim
1210 1720 1413 1775 suasio
1444 1721 1698 1777 carnalis
1725 1728 1834 1786 est,
1870 1722 1963 1777 ille
1998 1726 2197 1776 autem

545 1810 605 1863 in
646 1808 976 1863 libertatem
1034 1810 1293 1864 vocavit.
1350 1810 1706 1865 Suasiouem
1748 1817 1947 1867 autem
1988 1826 2197 1866 eorum

550 1897 717 1967 dixit,
767 1897 933 1969 quod
986 1898 1069 1951 eis
1120 1898 1506 1955 suadebatur.
1550 1902 1662 1955 Eos
1698 1904 1899 1955 autem
1948 1914 2197 1971 paucos,

556 1987 658 2059 qui
707 1987 782 2042 ad
835 1986 965 2042 illos
1021 1986 1363 2055 veniebant,
1416 1992 1478 2044 ut
1526 1988 1640 2044 ista
1680 1989 2016 2051 suaderent,
2058 1988 2202 2060 quia

545 2078 607 2131 in
640 2074 1088 2147 comparatione
1119 2075 1516 2132 multitudinis
1552 2077 1919 2133 credentium
1973 2078 2203 2133 Galata-

548 2180 683 2219 rum
697 2164 888 2233 exigui
918 2180 1169 2219 numero
1195 2169 1384 2230 erant,
1418 2166 1775 2222 fermentum
1799 2165 2077 2238 appellat.
2102 2168 2203 2221 Re-

548 2253 771 2324 cipient
817 2258 1019 2308 autem
1052 2252 1139 2307 isti
1182 2252 1541 2310 fermentum
1578 2271 1591 2321 ;
1628 2260 1685 2310 et
1734 2259 1856 2311 tota
1887 2270 2110 2321 massa,
2144 2254 2205 2309 id

548 2346 651 2406 est,
669 2345 794 2397 tota
812 2356 1020 2397 eorum
1050 2342 1307 2398 Ecclesia
1329 2343 1387 2397 in
1402 2344 1784 2416 corruptione
1801 2344 2058 2400 carnalis
2083 2359 2203 2399 ser-

544 2430 751 2486 vitutis
783 2430 1241 2503 quodammodo
1266 2431 1738 2497 fermentabitur,
1765 2433 1812 2488 si
1839 2432 1982 2488 tales
2004 2448 2205 2487 suaso-

540 2536 640 2581 ,res
674 2524 964 2591 tanquam
1004 2520 1200 2590 justos
1226 2525 1282 2575 et
1321 2521 1528 2577 ﬁdeles
1568 2522 1920 2593 recipientes
1948 2522 2206 2577 honora-

538 2598 763 2662 ~verint.
799 2609 930 2677 Ego,
974 2607 1184 2681 inquit,
1227 2609 1431 2680 conﬁdo
1456 2610 1515 2664 in
1546 2611 1687 2665 vobis
1708 2612 1767 2664 in
1794 2611 2042 2675 Domino,
2070 2610 2208 2681 quod

550 2697 695 2751 nihil
733 2696 887 2751 aliud
932 2698 1173 2767 sapietis.
1227 2699 1367 2753 Hinc
1418 2700 1619 2770 utique
1668 2700 2057 2755 manifestum
2098 2704 2207 2769 est,

547 2786 819 2841 nondum
848 2786 977 2841 illos
1000 2786 1180 2841 fuisse
1211 2802 1527 2857 possessos
1558 2803 1593 2841 a
1616 2787 1857 2843 talibus.
1892 2788 1999 2855 Qui
2030 2795 2209 2843 autem

548 2874 833 2929 conturbat
892 2892 996 2941 vos,
1039 2875 1250 2946 inquit,
1289 2875 1529 2945 portabit
1558 2877 1851 2947 judicium,
1889 2878 2209 2949 quicumque

548 2964 639 3018 ille
663 2964 856 3033 fuerit.
888 2966 1021 3019 Haec
1043 2964 1242 3019 estilla
1256 2965 1635 3021 conturbatio
1665 2968 1967 3023 contraria
1987 2967 2208 3035 ordini,

550 3058 611 3107 ut
636 3053 702 3106 de
733 3052 1141 3123 spiritualibus
1173 3053 1441 3110 carnales
1481 3054 1647 3111 ﬁant.
1690 3058 1754 3111 Et
1800 3055 2090 3127 quoniam
2126 3056 2207 3111 in-

556 3142 1235 3211 telligendumestfuisse
1256 3143 1556 3214 quosdam
1581 3144 1683 3216 qui
1713 3160 1850 3199 cum
1879 3145 2096 3200 vellent
2120 3146 2207 3200 eis

556 3231 730 3287 istam
774 3231 1113 3287 servitutem
1146 3232 1528 3303 persuadere,
1555 3238 1609 3289 et
1640 3232 2027 3289 viderenteos
2048 3234 2211 3293 Pauli

557 3320 803 3391 apostoli
837 3321 1185 3376 auctoritate
1207 3322 1491 3388 revocari,
1520 3323 1784 3378 dicerent
1806 3324 1978 3377 etiam
2006 3324 2209 3394 ipsum

550 3410 800 3465 Paulum
830 3410 890 3464 id
908 3410 1146 3475 sentire,
1163 3411 1266 3466 sed
1284 3426 1404 3466 non
1418 3411 1683 3467 eisfacile
1706 3412 1933 3483 aperire
1956 3411 2209 3467 voluisse

549 3499 904 3554 sententiam
960 3516 1179 3564 suam;
1226 3500 1727 3571 opportunissime
1772 3500 2043 3570 subjecit,
2098 3501 2211 3572 Ego

549 3596 744 3653 autem,
776 3588 1003 3657 fratres,
1038 3590 1087 3643 si
1113 3589 1572 3644 circumcisionem
1599 3589 1774 3645 adhuc
1798 3589 2060 3660 praedico,
2079 3590 2212 3661 quid

550 3677 723 3733 adhuc
752 3678 1171 3747 persecutionem
1198 3680 1381 3748 patior
1403 3678 1430 3733 ‘t
1450 3680 1635 3734 Etiam
1666 3678 1743 3734 ab
1766 3678 1907 3750 ipsis
1929 3679 2089 3734 enim
2109 3695 2210 3751 pa-

548 3766 805 3820 tiebatur
843 3766 1338 3836 persecutionem,
1380 3767 1484 3839 qui
1518 3767 1657 3823 talia
1688 3768 2049 3839 persuadere
2080 3783 2211 3823 mo-

556 3853 877 3915 liebantur,
914 3868 1049 3908 cum
1076 3854 1207 3925 jam
1265 3856 1650 3924 Evangelium
1682 3857 2014 3927 suscepisse
2049 3857 2210 3911 vide-

564 3946 792 3995 rentur.
830 3942 990 4005 Quos
1024 3943 1213 4011 tangit
1245 3942 1362 3998 alio
1389 3944 1538 4007 loco,
1573 3946 1675 4000 ubi
1708 3946 1804 4010 ait,
1850 3946 2119 4001 Periculis
2149 3947 2209 4000 in

555 4028 710 4101 falsis
735 4027 1018 4097 fratribus
1048 4031 1114 4100 (ll
1164 4032 1290 4087 Cor.
1342 4048 1417 4097 ix,
1468 4034 1607 4103 26);
1658 4038 1712 4088 et
1764 4034 1858 4089 hic
1912 4034 1971 4089 in
2017 4036 2209 4107 capite

556 4116 857 4190 Epistolas,
900 4117 1002 4172 ubi
1043 4118 1201 4183 dicit,
1240 4138 1267 4170 ‹‹
1317 4122 1554 4190 Propter
1582 4120 2068 4179 subintroductos
2101 4140 2207 4179 au-

551 4213 669 4264 tem
698 4206 879 4262 falsos
922 4206 1153 4275 fratres,
1188 4209 1293 4280 qui
1334 4210 1807 4267 subintroierunt
1839 4213 2207 4281 proscultare

550 4297 886 4353 libertatem
899 4300 1192 4363 nostram,
1219 4314 1400 4370 quam
1415 4298 1633 4355 habem
1646 4300 1785 4354 usin
1804 4299 2031 4355 Christo
2048 4302 2207 4364 Jesu,

551 4400 616 4451 ut
648 4410 758 4450 nos
783 4395 841 4449 in
873 4394 1213 4450 servitutem
1232 4397 1567 4468 redigerent
1589 4418 1617 4446 »
1640 4396 1853 4467 (Colat.
1883 4398 2038 4467 11,4).
2062 4400 2211 4469 Ergo

551 4486 599 4540 si
664 4482 1180 4540 circumcisionem
1237 4485 1625 4556 prmdicabat,
1677 4485 2018 4541 desinerent
2071 4502 2222 4542 eum.

546 4574 852 4645 persequi.
898 4572 1005 4637 Qui
1039 4580 1237 4631 tamen
1267 4591 1341 4630 ne
1377 4576 1725 4631 timerentur
1751 4574 1828 4630 ab
1852 4575 1951 4637 eis,
1989 4574 2210 4646 quibus

552 4662 875 4719 christiana
906 4664 1150 4721 libertas
1180 4664 1650 4720 annuntiabatur
1684 4682 1699 4731 ;
1736 4668 1840 4720 aut
1878 4680 1951 4718 ne
1973 4663 2050 4720 ab
2078 4664 2210 4735 ipso

550 4751 833 4821 Apostolo
865 4753 1054 4808 timeri
1082 4758 1454 4825 putarentur,
1497 4758 1815 4823 propterea
1844 4752 2120 4824 superius
2145 4752 2211 4807 li-

554 4840 701 4895 bera
727 4839 937 4911 plenus
967 4842 1210 4905 ﬁducia,
1242 4857 1461 4895 nomen
1494 4858 1669 4895 suum
1702 4842 1871 4895 etiam
1903 4841 2210 4911 professus

556 4934 661 4993 est,
705 4928 932 4995 dicens,
960 4932 1099 4985 Ecce
1127 4947 1251 5000 ergo
1278 4930 1483 4984 Paulus
1521 4928 1636 4983 dico
1668 4929 1827 4993 vobis,
1860 4930 1990 5000 quia
2014 4930 2065 4983 si
2101 4929 2210 4983 cir-

557 5019 960 5085 cumcidamini,
992 5019 1239 5074 Christus
1268 5018 1411 5072 vobis
1441 5017 1585 5072 nihil
1609 5018 1854 5089 proderit
1888 5016 2002 5087 (Id.
2032 5034 2088 5084 v,
2108 5018 2161 5089 ‘2)
2193 5036 2206 5077 :

557 5114 847 5182 tanquam
880 5108 931 5164 si
962 5108 1200 5172 diceret,
1236 5106 1381 5162 Ecce
1414 5122 1507 5161 me
1540 5106 1874 5172 imitamini,
1908 5112 1969 5161 ut
1994 5121 2114 5161 non
2148 5106 2211 5162 ti-

554 5202 768 5256 meatis
800 5218 813 5267 ;
854 5204 956 5256 aut
990 5200 1050 5254 in
1085 5213 1179 5253 me
1234 5212 1482 5252 causam
1513 5194 1832 5261 retundite,
1880 5195 1927 5250 si
1969 5196 2206 5251 timetis.

550 5289 720 5357 Quod
746 5293 946 5355 autem
969 5288 1131 5353 dicit,
1156 5288 1302 5358 Ergo
1322 5292 1632 5341 evacuatum
1653 5292 1729 5341 est
1750 5284 2063 5340 scandalum
2087 5301 2209 5339 cru-

547 5380 641 5441 cis,
696 5379 1051 5434 seutentiam
1102 5376 1265 5432 illam
1319 5376 1547 5448 repetit,
1594 5374 1653 5429 Si
1694 5391 1758 5429 ea:
1798 5375 1931 5445 Lege
1956 5374 2205 5443 justitia,

551 5484 673 5534 ergo
707 5469 958 5522 Christus
987 5467 1162 5538 gratis
1190 5470 1434 5521 mortuus
1464 5472 1537 5520 est
1570 5464 1676 5534 (1d.
1715 5480 1767 5526 ll,
1802 5466 1915 5529 21).
1950 5462 2064 5519 Sed
2112 5462 2207 5518 hic

550 5554 839 5627 quoniam
866 5555 1217 5609 scandalum
1254 5556 1542 5619 nominat,
1577 5554 1635 5608 in
1665 5554 2021 5607 memoriam
2046 5568 2205 5607 revow

552 5648 647 5698 cat
676 5648 989 5712 propterea
1019 5643 1279 5698 maxime
1305 5644 1365 5697 in
1396 5643 1623 5699 Christo
1654 5658 1871 5715 passos
1886 5657 2012 5698 esse
2032 5656 2203 5698 scau-

2287 492 2441 547 saape
2454 474 3014 532 animadvertebant
3026 472 3326 545 praeterire
3340 477 3508 544 atque
3519 478 3855 531 contemnere.

2287 568 2406 622 Hoc
2436 582 2577 636 ergo
2607 566 2686 621 ita
2715 565 2882 629 dixit,
2929 580 2999 619 ac
3039 563 3088 617 si
3114 562 3368 618 diceret:
3411 562 3543 616 Sine
3570 578 3732 619 causa
3752 580 3860 635 ergo

2287 656 2600 720 Christum,
2618 670 2754 710 cum
2768 655 2880 709 ista
2893 655 3316 715 contemneret,
3349 650 3701 707 scandalizati
3714 653 3862 710 Judaei

2288 744 2728 809 cruciﬁxerunt,
2752 743 2800 798 si
2823 742 3022 799 adhuc
3033 742 3117 797 eis
3130 756 3237 813 pro
3249 740 3466 812 quibus
3486 740 3769 797 cruciﬁxus
3783 750 3863 809 est,

2290 835 2431 892 talia
2452 833 2911 906 persuadentur.
2946 834 3011 887 Et
3041 830 3258 901 adjecit
3278 828 3701 899 elegantissima
3722 832 3867 887 ambi-

2292 924 2513 995 guitate
2542 923 2715 995 quasi
2748 922 2863 977 sub
2895 921 3090 992 specie
3119 918 3549 975 maledictionis
3576 918 3869 975 benedictio-

2291 1029 2452 1077 nem,
2467 1013 2696 1068 dicens:
2719 1011 2943 1067 Utinam
2957 1017 3006 1065 et
3027 1008 3374 1064 absciduntur
3383 1008 3479 1080 qui
3490 1024 3579 1063 vos
3588 1007 3868 1063 conturbant.

2294 1105 2421 1158 Non
2441 1106 2693 1167 tantum,
2710 1101 2916 1173 inquit,
2937 1097 3458 1165 circumciduntur,
3481 1096 3582 1151 sed
3595 1097 3871 1151 etabseidan-

2296 1198 2409 1247 tur.
2436 1191 2526 1247 Sic
2547 1191 2702 1245 enim
2736 1190 2878 1244 ﬁent
2910 1188 3212 1260 spadones
3242 1190 3485 1258 propter
3504 1186 3874 1256 regnumccelo-

2299 1296 2429 1335 rum
2444 1279 2670 1350 (Matth.
2689 1278 2987 1346 x1x,t2),et
3002 1276 3266 1331 carnalia
3289 1276 3580 1331 seminare
3594 1275 3873 1329 cessabunt.

2369 1372 2459 1424 43.
2492 1367 2599 1438 [1b.
2629 1383 2685 1431 v,
2721 1368 2831 1438 43.]
2866 1366 2964 1422 Vos
3000 1364 3168 1431 enim,
3211 1363 3423 1435 inquit,
3452 1364 3509 1417 in
3537 1362 3879 1418 libertatemoo-

2300 1459 2409 1514 cati
2438 1458 2586 1521 estis,
2612 1457 2838 1526 fratres.
2873 1454 3023 1519 Quia
3044 1453 3143 1509 illa
3160 1453 3538 1509 conturbatio
3568 1468 3602 1507 a
3625 1450 3881 1523 spirituali-

2301 1547 2416 1604 bus
2443 1548 2515 1603 ad
2535 1545 2800 1602 carnalia
2828 1559 3118 1600 revocans
3156 1544 3217 1598 in
3262 1541 3600 1598 servitutem
3635 1540 3859 1597 trahebat

2306 1636 2419 1694 Sed
2461 1636 2585 1707 jam
2618 1635 2756 1690 hinc
2786 1649 2971 1706 opera
3000 1633 3099 1689 illa
3128 1632 3301 1700 Legis
3343 1636 3584 1687 tractare
3610 1629 3804 1701 incipit,
3829 1629 3884 1684 de

2304 1724 2525 1797 quibus
2545 1739 2684 1778 eum
2700 1739 2884 1795 supra
2908 1723 3176 1778 dixeram
3204 1722 3263 1776 in
3290 1720 3409 1776 ﬁne
3434 1720 3691 1792 Epistolis
3714 1722 3887 1774 tracta.

2306 1818 2505 1869 turum
2534 1812 2750 1884 (Supra,
2780 1830 2839 1867 n.
2874 1814 2985 1882 19),
3008 1829 3139 1883 quae
3176 1811 3254 1867 ad
3286 1814 3513 1867 Novum
3554 1824 3768 1881 quoque
3787 1808 3891 1861 Tes-

2307 1907 2639 1959 tamentum
2673 1902 2963 1973 pertinere
2992 1916 3170 1956 nemo
3202 1899 3456 1970 ambigit
3485 1914 3500 1965 ;
3532 1898 3627 1954 sed
3652 1896 3751 1952 alio
3784 1895 3889 1964 ﬁne,

2306 2008 2429 2065 quo
2458 1990 2677 2047 liberos
2691 2007 2761 2046 ea
2774 1990 2965 2046 facere
2987 1990 3177 2055 decet,
3193 1989 3253 2044 id
3280 1993 3389 2053 est,
3420 1987 3706 2043 charitatis
3722 1990 3895 2041 aeterna

2310 2081 2602 2153 sperantis
2631 2079 2769 2135 hinc
2787 2080 3056 2151 praemia,
3084 2084 3140 2134 et
3170 2093 3239 2133 ex
3264 2077 3387 2132 ﬁde
3417 2075 3894 2148 exspectantis.Non

2312 2171 2465 2225 sicut
2489 2171 2517 2223 J
2528 2169 2701 2234 udaei,
2715 2168 2817 2240 qui
2842 2169 3049 2225 timore
3065 2168 3173 2223 ista
3191 2167 3439 2238 implere
3450 2164 3897 2237 cogebantur,non

2310 2259 2411 2315 illo
2458 2264 2626 2314 casto
2684 2261 3064 2330 permanente
3114 2257 3174 2311 in
3223 2255 3515 2311 saeculum
3550 2252 3731 2308 saeculi
3769 2248 3895 2313 (Psal.

2310 2363 2470 2413 xvm,
2503 2348 2612 2415 10),
2640 2347 2741 2402 sed
2777 2361 2899 2418 quo
2928 2345 3217 2400 timebant
3250 2344 3529 2415 praesenti
3560 2342 3686 2396 vita:
3716 2340 3901 2393 sumet

2312 2437 2448 2492 ideo
2473 2436 2753 2508 quaedam
2785 2450 2970 2507 opera
3000 2434 3166 2503 Legis
3211 2433 3565 2504 implebant,
3595 2446 3719 2503 quin
3754 2430 3797 2482 in
3825 2441 3897 2480 sa-

2314 2526 2634 2582 cramentis
2660 2529 2826 2590 sunt;
2854 2524 2953 2579 illa
2971 2539 3110 2579 vero
3139 2539 3275 2595 quae
3299 2522 3381 2577 ad
3414 2521 3603 2577 bonos
3624 2530 3898 2586 moresper-

2313 2617 2520 2681 tinent,
2552 2614 2801 2669 omnino
2833 2629 2951 2668 non
2986 2616 3278 2684 poterant.
3311 2612 3444 2667 Non
3474 2612 3626 2665 enim
3656 2606 3897 2679 impletea

2314 2705 2427 2759 nisi
2458 2703 2733 2759 charitas.
2769 2703 2919 2768 Quia
2961 2708 3016 2757 et
3054 2701 3363 2757 hominem
3417 2700 3467 2755 si
3506 2702 3789 2772 propterea
3814 2707 3901 2749 non

2314 2793 2531 2849 occidit
2575 2793 2810 2864 aliquis,
2846 2807 2919 2847 ne
2962 2796 3020 2848 et
3051 2792 3177 2863 ipse
3208 2790 3522 2846 occidatur
3550 2807 3567 2859 ;
3599 2803 3709 2843 non
3747 2782 3905 2855 implet

2315 2888 2679 2955 praeceptum
2708 2880 2951 2952 justitite
2982 2896 2994 2934 :
3028 2880 3134 2935 sed
3165 2880 3214 2933 si
3240 2879 3380 2935 ideo
3413 2874 3775 2945 nonfoccidit,
3801 2870 3907 2944 quia

2316 2973 2605 3043 injustum
2629 2976 2733 3036 est,
2767 2970 2945 3026 etiam
2968 2971 3015 3024 si
3046 2968 3107 3024 id
3120 2967 3523 3040 possitfacere
3548 2967 3787 3038 impune,
3815 2974 3905 3015 non

2317 3061 2510 3116 solum
2542 3060 2705 3131 apud
2727 3059 3019 3123 homines,
3042 3058 3144 3113 sed
3168 3058 3346 3113 etiam
3381 3057 3544 3129 apud
3573 3058 3758 3111 Deum.
3788 3050 3909 3106 Sicut

2319 3150 2501 3205 David
2515 3165 2653 3205 cum
2672 3149 2955 3204 divinitus
2984 3147 3311 3219 accepisset
3324 3146 3389 3202 in
3405 3150 3741 3219 potestatem
3755 3152 3907 3209 regem

2316 3240 2734 3309 Saﬁl,impune
2748 3238 2952 3309 utique
2984 3236 3298 3301 occideret,
3332 3251 3450 3291 nec
3478 3229 3911 3291 hominibusinse

2315 3326 2725 3393 vindicaturis,
2756 3327 2901 3398 quia
2926 3325 3177 3381 multum
3208 3324 3286 3379 ab
3312 3325 3405 3380 eis
3429 3324 3764 3394 diligebatur
3789 3317 3909 3372 idem

2318 3416 2505 3471 David
2529 3430 2669 3481 ;nec
2694 3416 2833 3479 Deo,
2857 3415 2958 3486 qui
2981 3414 3345 3487 hancipsam
3375 3417 3712 3486 potestatem
3725 3406 3908 3463 dedisse

2316 3521 2377 3560 se
2400 3506 2647 3569 dixerat,
2682 3509 2745 3559 ut
2765 3504 3013 3559 omnino
3046 3504 3097 3559 ei
3129 3503 3347 3558 faceret
3375 3503 3537 3574 quod
3566 3500 3723 3556 vellet
3747 3498 3783 3563 (l
3814 3494 3908 3561 Reg.

2314 3593 3041 3665 xxiv,4-8).Pepercitergo
3053 3592 3307 3658 diligens
3323 3590 3660 3662 proximum
3676 3593 3909 3654 tanquam

2316 3683 2730 3753 seipsum,non
2746 3682 2940 3737 solum
2960 3686 3336 3753 persecutum
3394 3681 3501 3735 sed
3516 3680 3681 3734 etiam
3698 3685 3911 3746 persecu-

2314 3772 2797 3845 turum,quieum
2814 3770 3025 3840 corrigi
3038 3785 3225 3843 quam
3237 3769 3491 3824 interﬁci
3507 3762 3910 3823 malebat:homo

2314 3861 2375 3916 in
2400 3861 2587 3916 Veteri
2608 3863 3003 3926 Testamento,
3029 3859 3133 3914 sed
3160 3874 3281 3914 non
3310 3858 3499 3913 homo
3525 3857 3597 3912 de
3626 3851 3790 3910 Veteri
3810 3849 3912 3903 Tes-

2318 3956 2602 4015 tamento,
2654 3966 2835 4022 quem
2894 3948 3044 4004 ﬁdes
3093 3947 3303 4004 futura:
3347 3945 3701 4002 haereditatis
3748 3934 3909 3996 Christi

2315 4040 2571 4095 revelata
2602 4044 2659 4094 et
2683 4038 2907 4094 credita
2939 4040 2955 4074 ¹
2991 4037 3224 4094 salvum
3256 4036 3535 4101 faciebat,
3563 4039 3617 4090 et
3644 4028 3912 4089 adimitan-

2317 4129 2462 4183 dum
2520 4127 2793 4183 vocabat.
2854 4127 2990 4182 ldeo
3023 4141 3183 4181 nunc
3222 4124 3367 4180 dicit
3415 4123 3742 4196 Apostolus,
3772 4117 3826 4171 In
3863 4112 3911 4165 li-

2318 4215 2578 4271 bertatem
2608 4216 2779 4270 vocati
2810 4216 2955 4281 estis,
2989 4219 3198 4286 fratres
3226 4231 3243 4280 ;
3285 4220 3499 4268 tantum
3554 4228 3616 4266 ne
3662 4208 3909 4264 libertatm

2316 4305 2378 4359 in
2406 4306 2731 4362 occasionem
2759 4306 2955 4359 carnis
2978 4303 3151 4358 detis:
3176 4302 3232 4358 id
3269 4308 3376 4371 est,
3397 4318 3471 4357 ne
3502 4300 3698 4357 audito
3717 4292 3913 4351 nomine

2316 4394 2623 4460 libertatis,
2650 4394 2897 4464 impune
2933 4393 3107 4448 vobis
3148 4392 3527 4464 peccandum
3566 4403 3688 4443 esse
3720 4380 3915 4439 arbitre-

2319 4484 2486 4538 mini.
2540 4482 2647 4539 Sed
2701 4499 2799 4553 per
2839 4482 3187 4551 charitatem,
3237 4482 3450 4553 inquit,
3490 4478 3679 4534 servite
3711 4472 3914 4529 invicem.

2319 4571 2428 4636 Qui
2474 4571 2632 4627 enim
2664 4586 2768 4641 per
2814 4571 3165 4626 charitatem
3226 4571 3426 4635 servit,
3459 4568 3638 4624 libere
3678 4560 3848 4621 servit,
3875 4560 3916 4608 et

2319 4660 2447 4715 sine
2503 4660 2739 4716 miseria
2794 4660 3218 4730 obtemperans
3261 4658 3399 4724 Deo,
3450 4673 3586 4713 cum
3636 4665 3819 4711 amore
3848 4645 3917 4699 fa-

2318 4748 2529 4804 ciendo
2546 4748 2707 4821 quod
2723 4748 2990 4813 docetur,
3009 4764 3124 4803 non
3148 4764 3285 4803 cum
3305 4748 3511 4804 timore
3532 4742 3689 4817 quod
3701 4739 3908 4811 cogitur.

2388 4841 2477 4894 44.
2513 4836 2621 4909 [1b.
2646 4854 2697 4901 V,
2717 4836 2856 4910 14.].
2874 4837 3061 4893 Omnis
3088 4838 3232 4891 enim
3260 4836 3383 4900 Lex,
3413 4834 3622 4908 inquit,
3640 4834 3695 4886 in
3720 4844 3811 4885 uno
3826 4840 3913 4879 ser-

2318 4943 2467 4982 mone
2497 4925 2713 4997 impleta
2744 4933 2837 4990 est,
2871 4926 2929 4980 in
2960 4942 3017 4981 eo
3065 4926 3203 4996 quod
3254 4925 3446 4996 diliges
3472 4922 3769 4993 proximum
3798 4920 3915 4967 tum

2320 5017 2838 5086 tanquamtez‘psum.
2874 5016 3125 5069 Omnem
3156 5029 3298 5083 ergo
3320 5014 3536 5082 Legem
3556 5024 3707 5066 nunc
3733 5003 3916 5060 dicitex

2316 5104 2411 5159 bis
2440 5103 2723 5175 operibus
2743 5118 2879 5174 quae
2896 5103 2969 5157 ad
2986 5102 3180 5157 bonos
3197 5118 3388 5158 mores
3413 5101 3722 5172 pertinent:
3741 5089 3915 5166 quiael

2317 5192 2417 5247 illa
2439 5208 2568 5263 quae
2596 5192 2805 5246 suntin
2837 5191 3398 5257 sacramentis,cum
3432 5188 3583 5244 bene
3609 5201 3641 5241 a
3662 5179 3831 5239 liberis
3852 5176 3916 5263 in:

2318 5281 2677 5352 telliguntur,
2706 5295 2816 5335 nec
2842 5279 3561 5335 carnaliterobservantur
3591 5291 3625 5330 a
3652 5273 3830 5359 servis,
3853 5260 3914 5359 ali

2317 5370 2413 5424 illa
2427 5370 2548 5424 duo
2567 5374 2862 5440 praecepta
2887 5369 3215 5423 referantur
3240 5381 3480 5423 necesse
3508 5356 3915 5447 est,dilectionis

2317 5461 2416 5514 Dei
2444 5465 2499 5513 et
2530 5459 2805 5528 proximi.
2828 5460 2997 5513 Recte
3024 5458 3224 5529 itaque
3255 5456 3540 5526 accipitur
3556 5454 3627 5508 ad
3651 5452 3751 5506 hoc
3772 5446 3914 5529 perti-

2315 5564 2455 5603 nere
2480 5546 2647 5619 quod
2675 5547 2851 5602 etiam
2891 5546 3173 5601 Dominus
3204 5547 3304 5615 ait,
3330 5545 3451 5600 Non
3490 5541 3605 5598 veni
3632 5539 3796 5609 Legem
3820 5527 3905 5585 sol-

2378 5659 2395 5691 ι
2428 5656 2510 5711 Sic
2540 5656 2664 5709 Mss.
2692 5655 2829 5709 Editi
2866 5669 3010 5714 vero,
3049 5658 3093 5706 et
3124 5655 3344 5709 reddita.
