4120 6202
222 223 367 282 2137

218 365 367 419 vere,
384 349 476 406 sed
490 340 714 423 implere
740 348 959 422 (Matth.
991 366 1048 416 v,
1082 351 1171 423 17)
1201 352 1381 425 :quia
1411 356 1534 409 erat
1562 353 1872 409 ablaturus

217 440 494 495 timorem
526 439 831 495 carnalem
855 456 871 506 ;
905 440 1273 511 spiritualem
1296 446 1491 498 autem
1517 442 1870 499 charitatem

216 528 491 595 daturus,
510 544 634 600 qua
656 527 784 584 sola
801 531 911 584 Lex
924 529 1155 601 impleri
1169 534 1389 601 potest.
1411 531 1698 587 Plenitudo
1709 531 1868 587 enim

216 617 391 689 Legis,
433 618 676 672 charitas
703 637 722 674 :
754 622 819 674 ut
853 618 1145 689 quoniam
1178 620 1329 677 ﬁdes
1378 620 1657 692 impetrat
1689 619 1867 692 Spiri-

216 710 345 762 tum
367 709 667 772 sanctum,
693 722 794 779 per
821 723 1004 777 quem
1042 709 1298 765 charitas
1327 709 1427 765 Dei
1455 710 1676 766 diffusa
1699 708 1867 765 estin

218 795 503 851 cordibus
536 797 911 868 operantium
953 798 1245 869 justitiam
1275 800 1454 870 (Rom.
1487 815 1543 869 v,
1580 799 1653 870 5),
1706 797 1868 854 nullo

222 884 407 941 modo
437 886 763 958 quisquam
810 890 947 943 ante
980 887 1231 958 gratiam
1262 888 1400 944 ﬁdei
1432 890 1505 945 de
1530 888 1702 944 bonis
1730 902 1869 959 ope-

217 974 387 1030 ribus
441 975 741 1044 glorietur.
774 977 1143 1049 Quapropter
1173 978 1318 1034 istos
1352 978 1645 1050 jactantes
1692 993 1753 1033 se
1793 978 1868 1033 de

217 1063 499 1136 operibus
526 1065 695 1135 Legis
720 1066 804 1121 ita
832 1064 1041 1123 refellit
1059 1067 1402 1138 Apostolus,
1435 1068 1579 1123 dum
1607 1065 1869 1124 ostendit

217 1169 405 1226 opera
432 1158 671 1210 vetusta
708 1160 1225 1212 sacramentorum
1259 1157 1506 1212 umbras
1531 1157 1867 1212 futurorum

216 1243 424 1312 fuisse,
456 1258 611 1315 quas
656 1244 782 1314 jam
832 1244 1095 1301 adventu
1148 1246 1380 1301 Domini
1420 1245 1606 1300 libero
1645 1244 1868 1300 haeredi

215 1331 588 1389 necessarias
619 1348 741 1389 non
778 1349 906 1389 esse
950 1334 1304 1390 monstravit
1349 1350 1364 1390 :
1395 1349 1578 1406 opera
1606 1349 1745 1390 vero
1789 1333 1868 1389 ad

214 1422 412 1477 bonos
435 1437 631 1478 mores
655 1423 1009 1494 pertinentia
1026 1439 1142 1479 non
1160 1422 1864 1495 implerinisidilectione,

215 1526 324 1583 per
343 1526 531 1581 quam
552 1511 704 1567 ﬁdes
728 1517 1011 1584 operatur
1033 1512 1239 1582 (Galat.
1260 1529 1316 1581 v,
1339 1514 1416 1584 6).
1438 1511 1603 1568 Unde
1622 1511 1672 1566 si
1690 1526 1868 1582 Opera

214 1599 386 1670 Legis
412 1600 695 1672 quaedam
717 1605 854 1672 post
877 1600 1057 1656 ﬁdem
1077 1601 1400 1673 superﬂua,
1422 1601 1703 1674 quaedam
1732 1605 1868 1656 ante

214 1688 400 1744 ﬁdem
431 1689 748 1745 nullasunt
775 1706 789 1756 ;
817 1690 979 1746 vivat
996 1690 1195 1761 justus
1224 1707 1295 1746 ex
1320 1690 1439 1746 ﬁde
1472 1690 1691 1759 (Habac.
1712 1705 1770 1755 ιι,
1791 1693 1868 1760 li),

215 1782 280 1834 ut
317 1782 373 1833 et
403 1794 557 1834 onus
598 1793 779 1848 grave
836 1779 1133 1835 servitutis
1184 1779 1445 1850 abjiciat,
1481 1779 1594 1834 levi
1636 1778 1872 1835 sarcina

214 1867 430 1925 Christi
460 1873 764 1938 vegetatus
801 1868 1024 1940 (Matth.
1058 1886 1137 1935 ιιι,
1172 1869 1282 1941 30),
1316 1873 1372 1924 et
1390 1869 1641 1941 justitiaa
1682 1874 1871 1923 metas

211 1971 337 2011 non
365 1956 856 2029 transgrediatur,
888 1957 1005 2013 leni
1046 1958 1194 2029 jugo
1237 1959 1256 1993 ¹
1305 1957 1610 2013 charitatis
1640 1956 1870 2013 obtem-

215 2060 462 2118 perans.

289 2154 378 2208 45.
402 2152 511 2226 [lb.
539 2169 596 2218 v,
625 2156 713 2222 15,
747 2154 857 2225 16.]
885 2154 1079 2219 Quaari
1105 2156 1307 2210 autem
1330 2157 1523 2225 potest
1554 2169 1659 2209 cur
1689 2154 1872 2224 Apos-

208 2241 368 2298 tolus
389 2247 444 2298 et
466 2241 559 2297 hic
581 2243 771 2298 solam
801 2242 1297 2298 commemoravit
1329 2242 1581 2313 proximi
1611 2241 1874 2297 dilectio-

211 2347 376 2397 nem,
400 2332 745 2403 quaLegem
766 2332 913 2388 dixit
934 2332 1167 2403 impleri
1188 2350 1202 2402 ;
1226 2337 1285 2388 et
1305 2332 1382 2388 ad
1406 2334 1708 2388 Romanos
1731 2347 1871 2387 cum

209 2422 269 2475 in
304 2421 514 2476 eadem
562 2422 893 2493 quaestione
922 2425 1277 2486 versaretur,
1316 2442 1344 2471 «
1378 2422 1487 2487 Qui
1534 2422 1692 2476 enim
1739 2420 1871 2476 dili-

212 2509 301 2579 git
351 2509 622 2575 alterum,
655 2510 867 2581 inquit,
902 2510 1118 2580 Legem
1167 2510 1474 2581 implevit:
1521 2525 1686 2580 nam,
1744 2512 1869 2565 Non

219 2596 608 2665 adulterabis,
642 2601 767 2654 Non
798 2598 1190 2654 homicidium
1234 2598 1435 2664 facies,
1475 2600 1600 2653 Non
1638 2597 1873 2653 furabe-

214 2688 319 2751 ris,
354 2690 478 2743 Non
510 2687 917 2757 concupisces,
953 2695 1005 2741 et
1041 2687 1085 2741 si
1117 2687 1278 2758 quod
1315 2692 1403 2742 est
1428 2686 1590 2741 aliud
1622 2686 1872 2742 manda-

218 2781 372 2841 tum,
414 2775 473 2830 in
498 2776 609 2832 hoc
642 2791 916 2831 sermone
946 2776 1391 2847 recapitulatur,
1426 2776 1641 2845 Diliges
1671 2779 1874 2848 proxi-

221 2880 391 2919 mum
430 2870 597 2919 tuum
645 2870 934 2935 tanquam
984 2865 1261 2935 teipsum.
1315 2863 1555 2919 Dilectio
1614 2863 1872 2934 proximi

222 2952 455 3008 malum
484 2967 605 3007 non
626 2957 925 3023 operatur.
960 2951 1269 3008 Plenitudo
1292 2957 1490 3007 autem
1520 2952 1708 3021 Legis,
1736 2952 1875 3007 cha-

218 3041 365 3098 ritas
404 3059 435 3094 ›
465 3042 638 3109 (Rom.
669 3057 787 3106 xui,
821 3042 994 3111 8-10).
1028 3042 1175 3096 Cum
1209 3055 1349 3110 ergo
1379 3039 1619 3096 nonnisi
1644 3040 1704 3095 in
1730 3040 1875 3096 duo-

217 3129 338 3185 bus
370 3130 683 3201 preeceptis
718 3130 1049 3186 dilectionis
1084 3130 1180 3185 Dei
1216 3132 1274 3184 et
1326 3129 1583 3201 proximi
1612 3127 1876 3200 perfecta

216 3220 291 3275 sit
321 3219 602 3285 charitas,
631 3234 737 3274 cur
761 3218 1081 3291 Apostolus
1112 3223 1167 3274 et
1192 3218 1253 3274 in
1284 3218 1397 3274 hac
1421 3222 1479 3273 et
1508 3218 1568 3273 in
1596 3217 1697 3273 illa
1718 3217 1875 3289 Epis-

219 3307 346 3364 tola
363 3308 555 3365 solam
584 3307 841 3378 proximi
869 3308 1249 3363 dilectionem
1276 3312 1712 3363 commemorat
1733 3325 1745 3373 ;
1766 3305 1877 3361 nisi

219 3398 365 3470 quia
396 3397 470 3452 de
509 3396 822 3453 dilectione
858 3398 957 3452 Dei
1011 3400 1266 3469 possunt
1318 3397 1550 3453 mentiri
1581 3396 1876 3462 homines,

219 3487 368 3559 quia
391 3487 643 3543 rariores
671 3487 1026 3543 tentationes
1045 3502 1179 3542 eam
1195 3487 1447 3557 probant
1466 3487 1555 3553 ;in
1573 3486 1880 3542 dilectione

226 3582 430 3631 autem
484 3575 736 3648 proximi
797 3575 1029 3631 facilius
1086 3577 1520 3631 convincuntur
1561 3592 1694 3631 eam
1756 3591 1877 3632 non

227 3664 473 3731 habere,
504 3664 650 3720 dum
680 3664 884 3737 inique
912 3681 1049 3720 cum
1080 3665 1427 3719 hominibus
1460 3672 1649 3735 agunt
1675 3665 1703 3718 ‘t
1731 3665 1878 3719 Con-

230 3768 492 3825 sequens
519 3760 607 3808 est
627 3758 826 3809 autem
857 3755 1029 3824 utqui
1056 3769 1129 3808 ex
1152 3758 1272 3809 toto
1295 3753 1493 3818 corde,
1518 3769 1586 3809 ex
1608 3759 1731 3808 tota
1750 3752 1880 3809 ani-

226 3859 353 3908 ma,
386 3859 455 3898 ex
487 3848 609 3899 tota
635 3848 831 3899 mente
867 3846 1053 3898 Deum
1096 3843 1322 3915 diligat,
1356 3842 1546 3911 diligit
1577 3848 1631 3899 et
1679 3842 1881 3914 proxi-

226 3948 395 3988 mum
424 3936 713 4004 tanquam
730 3932 1027 4004 seipsum;
1056 3932 1201 4004 quia
1228 3933 1343 3988 hoc
1362 3932 1668 4003 jubetille,
1696 3946 1878 4003 quem

224 4037 297 4077 ex
326 4025 447 4077 toto
479 4021 673 4088 corde,
701 4036 771 4077 ex
794 4026 917 4077 tota
941 4021 1167 4087 anima,
1198 4037 1271 4076 ex
1298 4026 1419 4077 tota
1446 4026 1641 4076 mente
1668 4020 1876 4090 diligit.

226 4114 375 4167 item
405 4110 649 4181 diligere
680 4110 1039 4182 proximum,
1070 4110 1130 4165 id
1161 4115 1247 4166 est
1272 4126 1515 4166 omnem
1547 4110 1877 4178 hominem,

225 4205 517 4272 tanquam
551 4200 833 4271 seipsum,
867 4200 1003 4271 quis
1037 4203 1251 4270 potest,
1286 4199 1396 4254 nisi
1434 4200 1616 4254 Deum
1650 4198 1878 4269 diligat,

225 4290 400 4360 cujus
424 4296 722 4361 praecepto
749 4293 805 4344 et
828 4288 989 4344 dono
1016 4288 1389 4343 dilectionem
1415 4288 1672 4358 proximi
1696 4288 1882 4358 possit

224 4378 476 4450 implere
512 4376 540 4432 ?
569 4379 716 4433 Cum
749 4392 891 4448 ergo
924 4382 1245 4450 utrumque
1280 4383 1646 4448 prmceptum
1677 4377 1758 4432 ita
1787 4377 1877 4443 sit,

228 4472 292 4522 ut
321 4472 601 4522 neutrum
634 4466 763 4521 sine
791 4466 976 4521 altero
1005 4464 1193 4537 possit
1224 4464 1427 4531 teneri,
1459 4465 1637 4520 etiam
1696 4480 1878 4519 unum

229 4555 448 4612 horum
470 4570 950 4611 commemorare
968 4553 1320 4626 plerumque
1348 4555 1586 4619 sufﬁcit,
1611 4570 1747 4609 cum
1762 4555 1883 4625 agi-

229 4648 325 4700 tur
353 4644 428 4700 de
458 4644 746 4715 operibus
794 4642 1037 4713 justitiaz
1072 4658 1084 4697 :
1138 4643 1243 4698 sed
1284 4644 1682 4715 opportunius
1710 4643 1877 4710 illud,

226 4733 300 4789 de
326 4748 448 4806 quo
476 4734 730 4805 quisque
761 4731 997 4788 facilius
1020 4732 1405 4787 convincitur.
1431 4733 1594 4789 Unde
1624 4735 1881 4789 Joannes

224 4821 371 4878 dicit
400 4839 416 4876 :
451 4821 558 4887 Qui
584 4823 729 4877 enim
756 4839 863 4877 non
889 4821 1074 4893 diligit
1099 4822 1338 4893 fratrem
1358 4838 1513 4877 suum
1532 4839 1683 4893 quem
1712 4822 1877 4888 videt,

221 4911 392 4967 Deum
418 4927 570 4982 quem
601 4928 706 4966 non
734 4911 875 4966 videt
902 4910 1155 4982 quomodo
1184 4916 1353 4982 potest
1381 4910 1615 4981 diligere
1639 4911 1682 4977 (Ι
1718 4911 1875 4966 Joan.

222 5016 299 5069 iv,
330 5004 419 5071 20)
439 4999 468 5055 ?
490 5000 921 5056 Mentiebantur
943 5001 1102 5055 enim
1129 4998 1381 5071 quidam
1412 4998 1789 5054 dilectionem
1819 5016 1880 5054 se

222 5090 323 5146 Dei
373 5089 622 5155 habere,
655 5095 709 5145 et
739 5090 813 5146 de
844 5089 984 5146 odio
1036 5089 1298 5144 fraterno
1328 5103 1462 5144 eam
1502 5104 1622 5144 non
1658 5088 1880 5145 habere

219 5178 778 5235 convincebantur:
825 5179 899 5235 de
952 5194 1075 5251 quo
1115 5177 1389 5249 judicare
1420 5176 1481 5232 in
1528 5178 1880 5249 quotidiana

220 5270 345 5324 vita
369 5275 428 5323 et
452 5268 722 5324 moribus
754 5266 925 5324 facile
951 5275 1056 5323 est.
1080 5268 1141 5322 Si
1160 5274 1340 5323 autem
1363 5266 1640 5328 mordetis,
1664 5266 1876 5338 inquit,

220 5365 269 5412 et
308 5358 585 5413 comeditis
614 5357 869 5424 invicem,
919 5358 1090 5413 videte
1137 5374 1205 5412 ne
1233 5356 1299 5411 ab
1353 5356 1579 5411 invicem
1608 5372 1879 5411 consuma-

223 5448 367 5503 mini
396 5467 416 5503 :
442 5448 557 5503 hoc
588 5448 748 5502 enim
777 5448 1035 5502 maxime
1062 5447 1199 5501 vitio
1231 5445 1625 5500 contentionis
1644 5453 1698 5501 et
1728 5446 1878 5501 invi-

220 5538 459 5606 dentiaa,
488 5536 838 5609 perniciosa;
871 5535 1302 5608 disputationes
1346 5534 1497 5589 inter
1523 5549 1626 5589 eos
1662 5536 1880 5590 nutrie-

283 5759 301 5793 ί
320 5757 478 5817 Editi,
518 5758 616 5810 levi
640 5759 786 5823 jugo.
813 5758 956 5817 Mss,
996 5757 1097 5808 leni
1117 5756 1264 5823 jugo'.

1417 223 1928 282 EXPOSITIONIS
1964 226 2181 283 LIBER
2213 226 2424 286 UNUS.

3486 228 3631 288 2138

1980 354 2219 419 bantur,
2272 356 2430 412 male
2463 355 2536 411 de
2564 346 2820 411 invicem
2849 353 3170 426 loquendo,
3225 358 3280 411 et
3306 359 3630 428 quwrendo

1979 444 2235 517 quisque
2264 444 2514 515 gloriam
2547 460 2720 500 suam
2750 459 3091 515 vanamque
3144 445 3471 511 victoriam,
3501 448 3629 519 qui-

1977 530 2094 587 bus
2124 533 2335 589 studiis
2374 536 2751 590 consumitur
2788 533 3041 588 societas
3094 532 3323 604 populi,
3371 533 3515 589 dum
3568 536 3629 590 in

1977 626 2177 693 partes
2234 623 2611 678 discinditur.
2671 622 2987 688 Quomodo
3040 625 3236 678 autem
3277 623 3393 677 ista
3443 622 3628 679 vitare

1976 717 2248 783 possunt,
2280 713 2391 768 nisi
2420 713 2629 784 spiritu
2670 711 2998 777 ambulent,
3034 715 3089 767 et
3118 711 3630 783 concupiscentias

1978 801 2175 857 carnis
2213 817 2336 857 non
2362 801 2675 874 perﬁciant
2703 799 2731 855 ‘t
2761 800 3025 855 Primum
3060 800 3219 855 enim
3248 806 3305 855 et
3336 816 3627 869 magnum

1976 905 2199 945 munus
2258 896 2349 946 est
2402 891 2664 963 spiritus,
2714 888 3045 954 humilitas,
3098 892 3154 944 et
3204 890 3628 945 mansuetudo.

1978 978 2142 1035 Unde
2167 979 2312 1035 illud
2343 980 2505 1052 quod
2527 980 2653 1051 jam
2683 978 3174 1046 commemoravi,
3199 978 3487 1032 Dominus
3516 978 3632 1033 cla-

1975 1073 2119 1133 mat,
2153 1069 2360 1124 Discite
2388 1086 2422 1123 a
2452 1087 2553 1134 me,
2604 1069 2731 1139 quia
2768 1068 2917 1123 mitis
2945 1083 3083 1134 sum,
3129 1074 3176 1122 et
3212 1066 3439 1122 humilis
3478 1067 3631 1121 corde

1976 1155 2196 1226 (Matth.
2232 1172 2311 1222 x1,
2346 1158 2435 1228 29)
2479 1175 2492 1212 :
2527 1162 2582 1213 et
2616 1156 2758 1212 illud
2791 1156 3123 1227 prophetae,
3155 1155 3327 1225 Super
3356 1172 3504 1226 quem
3543 1172 3633 1209 re-

1974 1246 2199 1316 quiescit
2230 1246 2476 1316 Spiritus
2502 1263 2668 1314 meus,
2692 1246 2803 1299 nisi
2833 1262 2995 1315 super
3022 1245 3276 1300 humilem
3293 1252 3341 1299 et
3370 1245 3629 1317 quietum,

1973 1342 2023 1390 et
2059 1341 2369 1390 trementem
2402 1335 2559 1390 verba
2590 1352 2704 1390 mea
2729 1335 2886 1406 (Isai.
2920 1350 3068 1399 LXVI,
3112 1334 3163 1405 2)
3193 1333 3222 1388 ‘i'

2051 1479 2134 1533 46.
2168 1476 2275 1547 [lb.
2307 1494 2361 1541 v,
2406 1478 2514 1548 t7.]
2546 1476 2717 1543 Quod
2749 1480 2951 1533 autem
2986 1475 3084 1540 ait,
3116 1476 3258 1531 Caro
3284 1476 3426 1530 enim
3452 1492 3631 1531 concu-

1972 1565 2133 1638 piscit
2159 1566 2417 1622 adversus
2444 1566 2728 1635 spiritum,
2759 1566 2989 1637 spiritus
3036 1572 3213 1620 autem
3240 1564 3495 1619 adversus
3517 1581 3633 1619 car-

1975 1671 2095 1709 nem
2120 1675 2140 1711 :
2180 1656 2291 1711 haec
2321 1657 2466 1711 enim
2508 1656 2735 1711 invicem
2765 1655 3129 1711 adversantur
3156 1677 3175 1723 ,-
3205 1660 3267 1708 ut
3297 1671 3401 1709 non
3426 1670 3487 1707 ea
3514 1669 3632 1725 quae

1976 1743 2142 1798 vultis
2162 1746 2387 1812 faciatis
2406 1762 2430 1810 ,·
2452 1750 2670 1816 putant
2699 1744 2795 1799 hic
2830 1744 3108 1799 homines
3140 1744 3397 1798 liberum
3427 1742 3635 1798 volun-

1979 1832 2116 1887 tatis
2148 1832 2455 1888 arbitrium
2484 1848 2705 1902 negare
2734 1832 3086 1903 Apostolum
3119 1847 3229 1886 nos
3256 1831 3494 1893 habere,
3524 1846 3634 1886 nec

1978 1921 2313 1991 intelligunt
2340 1922 2455 1977 hoc
2486 1923 2568 1978 eis
2595 1922 2843 1990 dictum,
2873 1922 2919 1975 si
2942 1920 3195 1991 gratiam
3220 1920 3361 1976 ﬁdei
3394 1936 3634 1991 suscep-

1980 2013 2102 2065 tam
2124 2015 2323 2066 tenere
2342 2011 2572 2077 nolunt,
2603 2026 2708 2082 per
2729 2027 2915 2083 quam
2936 2010 3123 2066 solam
3144 2013 3399 2081 possunt
3424 2010 3633 2080 spiritu

1977 2098 2309 2166 ambulare,
2329 2104 2387 2155 et
2413 2099 2933 2171 concupiscentias
2954 2099 3150 2155 carnis
3174 2114 3292 2155 non
3310 2097 3590 2169 perﬁcere
3613 2113 3628 2163 ;

1979 2189 2029 2243 si
2059 2204 2201 2258 ergo
2232 2188 2443 2244 nolunt
2476 2204 2609 2244 eam
2653 2193 2870 2253 tenere,
2905 2202 3027 2243 non
3067 2191 3347 2258 poterunt
3375 2202 3447 2241 ea
3493 2202 3629 2258 quin

1976 2277 2186 2332 volunt
2216 2276 2428 2333 facere.
2462 2278 2680 2334 Volunt
2708 2278 2869 2332 enim
2896 2276 3130 2348 operari
3162 2290 3343 2347 opera
3365 2275 3629 2345 justitiae,

1977 2382 2113 2439 quas
2144 2374 2281 2423 sunt
2319 2368 2381 2422 in
2420 2368 2595 2436 Lege,
2638 2367 2743 2423 sed
2795 2368 3115 2421 vincuntur
3154 2364 3632 2437 concupiscentia

1977 2458 2390 2528 carnis,quam
2405 2457 2714 2528 sequendo
2728 2456 3011 2511 deserunt
3031 2456 3283 2525 gratiam
3296 2453 3633 2509 ﬁdei.Unde

1977 2550 2032 2601 et
2083 2547 2161 2602 ad
2194 2548 2494 2601 Romanos
2544 2546 2703 2610 dicit,
2740 2545 3047 2599 Prudentia
3084 2545 3268 2599 carnis
3316 2544 3542 2597 inimica
3573 2543 3629 2596 in

1982 2635 2149 2690 Deum
2182 2653 2197 2689 :
2240 2636 2375 2706 Legi
2406 2635 2546 2689 enim
2584 2634 2679 2689 Dei
2710 2651 2813 2687 non
2844 2639 2923 2689 est
2966 2633 3203 2704 subjecta
3229 2646 3252 2703 ;
3290 2649 3451 2703 neque
3488 2632 3630 2687 enim

1974 2731 2143 2796 potest
2166 2725 2342 2793 (Rom.
2380 2740 2496 2789 Vill,
2528 2724 2604 2794 7).
2640 2724 2783 2777 Cum
2816 2723 2975 2777 enim
3002 2722 3257 2778 charitas
3291 2722 3501 2790 Legem
3523 2722 3635 2777 im-

1978 2815 2158 2886 pleat,
2187 2812 2509 2885 prudentia
2540 2828 2676 2867 vero
2706 2812 2904 2867 carnis
2931 2810 3254 2865 commoda
3280 2809 3635 2880 temporalia

1979 2902 2382 2957 consectando
2414 2900 2709 2973 spirituali
2750 2899 3021 2955 charitati
3058 2899 3405 2954 adversetur
3438 2915 3450 2963 ;
3483 2912 3634 2968 quo-

1981 2992 2163 3046 modo
2194 2994 2386 3061 potest
2409 2990 2542 3057 Legi
2572 2990 2669 3044 Dei
2695 3005 2826 3044 esse
2853 2988 3144 3059 subjecta,
3165 2988 3223 3042 id
3252 2993 3359 3055 est,
3383 2986 3636 3042 libenter

1982 3084 2161 3150 atque
2210 3078 2613 3150 obsequenter
2660 3077 2909 3147 implere
2945 3076 3255 3147 justitiam,
3292 3076 3465 3146 eique
3513 3090 3633 3130 non

1983 3167 2286 3224 adversari
2321 3185 2333 3235 ;
2381 3166 2627 3237 quando
2666 3166 2848 3221 etiam
2877 3165 3026 3219 dum
3058 3168 3328 3227 conatur,
3362 3162 3636 3219 vincatur

1983 3272 2228 3313 necesse
2255 3259 2362 3319 est,
2392 3254 2492 3310 ubi
2527 3254 2818 3309 invenerit
2848 3256 3047 3322 majus
3077 3252 3469 3307 commodum
3491 3258 3636 3307 tem-

1984 3345 2189 3419 porale
2241 3344 2315 3400 de
2362 3343 2672 3414 iniquitate
2728 3358 2791 3397 se
2831 3356 3010 3412 posse
3053 3340 3317 3411 assequi,
3350 3355 3532 3411 quam
3586 3340 3634 3395 si

1987 3434 2283 3489 custodiat
2326 3433 2669 3503 aequitatem
2696 3432 2723 3488 ?
2764 3431 2925 3487 Sicut
2952 3429 3110 3485 enim
3148 3429 3345 3501 prima
3373 3426 3634 3483 hominis

1986 3525 2109 3580 vita
2138 3528 2225 3579 est
2245 3527 2381 3578 ante
2409 3524 2642 3594 Legem,
2674 3536 2810 3575 cum
2846 3518 3007 3574 nulla
3037 3517 3301 3590 nequitia
3321 3521 3376 3572 et
3405 3516 3637 3572 malitia

1987 3612 2358 3686 prohibetur,
2389 3626 2583 3682 neque
2612 3609 2729 3665 ulla
2760 3625 2829 3664 ex
2862 3612 3028 3680 parte
3058 3606 3261 3678 pravis
3289 3605 3633 3678 cupiditati-

1989 3702 2104 3758 bus
2124 3702 2366 3767 resistit;
2382 3700 2524 3771 quia
2541 3714 2660 3754 non
2675 3702 2762 3752 est
2777 3699 2877 3769 qui
2892 3696 3234 3769 prohibeat:
3261 3696 3345 3750 sic
3368 3694 3633 3750 secunda

1989 3795 2077 3847 est
2100 3790 2210 3845 sub
2228 3790 2376 3858 Lege
2406 3792 2542 3843 ante
2574 3786 2849 3857 gratiam,
2866 3784 3112 3857 quando
3128 3784 3479 3857 prohibetur
3503 3783 3636 3855 qui-

1990 3880 2130 3936 dem
2146 3884 2202 3934 et
2225 3882 2475 3934 conatur
2500 3893 2534 3933 a
2548 3880 2792 3947 peccato
2806 3875 3102 3931 abstinere
3124 3890 3205 3938 se,
3222 3873 3328 3929 sed
3342 3872 3594 3929 vincitur

1990 3970 2135 4041 quia
2174 3966 2447 4023 nondum
2473 3964 2767 4037 justitiam
2803 3968 3046 4037 propter
3092 3964 3279 4019 Deum
3311 3967 3368 4018 et
3402 3968 3638 4035 propter

1990 4058 2185 4130 ipsam
2209 4056 2501 4127 justitiam
2538 4054 2747 4124 diligit,
2778 4053 2882 4109 sed
2915 4069 3050 4109 eam
3076 4052 3187 4108 sibi
3230 4052 3352 4107 vult
3377 4051 3455 4107 ad
3494 4066 3638 4107 con-

1990 4146 2350 4218 quirendum
2384 4151 2615 4200 terrena
2657 4143 2895 4200 servire.
2940 4144 3146 4215 Itaque
3192 4141 3294 4197 ubi
3324 4140 3536 4196 viderit
3565 4156 3639 4195 ex

1991 4236 2106 4292 alia
2138 4240 2305 4306 parte
2336 4234 2553 4307 ipsam,
2590 4250 2662 4290 ex
2701 4233 2817 4289 alia
2854 4232 3244 4288 commodum
3284 4229 3635 4299 temporale,

1990 4324 2240 4381 trahitur
2254 4324 2519 4396 pondere
2542 4324 2884 4394 temporalis
2900 4321 3261 4392 cupiditatis,
3276 4324 3332 4375 et
3358 4317 3639 4389 relinquit

1983 4415 2279 4487 justitiam
2313 4430 2327 4469 :
2370 4428 2549 4482 quam
2593 4418 2905 4483 propterea
2946 4415 3142 4465 tenere
3180 4407 3532 4470 conabatur,
3574 4409 3637 4460 ut

1990 4504 2237 4559 haberet
2294 4502 2436 4557 illud
2477 4500 2640 4571 quod
2688 4515 2749 4554 se
2804 4514 2964 4554 nunc
3018 4497 3180 4553 videt
3232 4496 3523 4561 amittere,
3587 4493 3636 4548 si

1990 4592 2152 4649 illam
2177 4592 2446 4647 tenuerit.
2486 4589 2681 4644 Tertia
2709 4594 2795 4643 est
2836 4588 2960 4643 vita
3004 4603 3115 4657 suq
3148 4585 3359 4655 gratia.
3384 4582 3629 4655 Quando

1990 4682 2140 4738 nihil
2194 4680 2537 4752 temporalis
2583 4676 2885 4734 commodi
2920 4676 3163 4747 justitiee
3208 4674 3574 4747 praeponitur
3615 4687 3629 4728 :

1990 4770 2155 4843 quod
2218 4769 2329 4824 nisi
2390 4768 2674 4825 charitate
2727 4764 3039 4838 spirituali,
3102 4781 3288 4837 quam
3353 4762 3636 4819 Dominus

1990 4858 2266 4931 exemplo
2316 4873 2425 4914 suo
2469 4856 2691 4924 docuit,
2739 4860 2794 4910 et
2824 4853 3015 4924 gratia
3058 4853 3324 4920 donavit,
3357 4851 3483 4907 ﬁeri
3510 4866 3631 4907 non

1989 4954 2200 5020 potest.
2234 4948 2295 5002 In
2327 4947 2441 5003 hac
2480 4946 2642 5001 enim
2686 4946 2809 5000 vita
2840 4943 3072 4999 etiamsi
3102 4944 3357 4998 existant
3398 4939 3633 4995 deside-

1988 5038 2077 5094 ria
2128 5038 2324 5093 carnis
2374 5036 2448 5091 de
2502 5034 2856 5091 mortalitate
2886 5032 3175 5104 corporis,
3224 5037 3424 5087 tamen
3467 5042 3636 5082 men-

1988 5129 2108 5182 tem
2148 5126 2225 5182 ad
2256 5125 2712 5181 consensionem
2741 5123 2967 5194 peccati
3007 5136 3127 5177 non
3166 5120 3513 5188 subjugant.
3548 5115 3635 5171 lta

1984 5216 2111 5286 jam
2144 5230 2264 5269 non
2317 5218 2526 5285 regnat
2557 5218 2871 5283 peccatum
2910 5211 2971 5266 in
3006 5214 3211 5265 nostro
3243 5205 3475 5262 mortali
3507 5220 3637 5261 cor-

1987 5319 2131 5375 pore
2164 5304 2335 5374 (Rom.
2368 5319 2443 5367 vn,
2476 5303 2592 5371 l2);
2620 5300 2898 5372 quamvis
2936 5314 3057 5354 non
3086 5296 3277 5369 possit
3319 5295 3431 5350 nisi
3470 5293 3639 5350 inha-

1988 5392 2169 5446 bitare
2216 5391 2273 5445 in
2307 5406 2397 5454 eo,
2431 5389 2722 5460 quamdiu
2756 5386 3003 5442 mortale
3045 5400 3263 5455 corpus
3294 5388 3399 5438 est.
3446 5384 3639 5438 Primo

1986 5481 2143 5537 enim
2189 5495 2311 5534 non
2340 5483 2571 5547 regnat,
2603 5493 2741 5532 cum
2780 5481 2973 5531 mente
3006 5473 3302 5529 servimus
3333 5472 3471 5543 Legi
3519 5472 3640 5539 Dei,

1985 5570 2265 5643 quamvis
2288 5584 2467 5624 carne
2492 5567 2606 5636 legi
2636 5566 2863 5637 peccati
2891 5563 3004 5635 (Id.
3034 5579 3133 5627 vn,
3158 5563 3269 5634 25),
3300 5562 3359 5617 id
3385 5566 3495 5627 est,
3517 5578 3641 5633 pue-

1986 5659 2108 5715 nali
2136 5656 2573 5722 consuetudini,
2617 5670 2755 5711 cum
2786 5669 2857 5709 ex
2897 5652 2998 5709 illa
3023 5652 3283 5709 existunt
3315 5650 3631 5715 desideria,

1987 5748 2214 5824 quibus
2242 5753 2443 5805 tamen
2471 5761 2593 5803 non
2619 5744 2969 5802 obedimus.’
2987 5743 3199 5804 Postea
3217 5756 3354 5799 vero
3380 5756 3452 5798 ex
3475 5734 3637 5797 omni
