4120 6202
486 191 546 244 21
559 189 627 244 39

484 319 656 386 parte
673 313 1090 384 exstinguitur.
1114 313 1409 380 Quoniam
1426 312 1472 367 si
1501 311 1750 383 Spiritus
1765 313 1900 366 Jesu
1920 311 2148 368 habitat

486 402 544 458 in
560 403 757 468 nobis,
791 404 892 476 qui
925 404 1450 459 suscitavitJesum
1481 401 1778 456 Christum
1811 417 1846 456 a
1877 402 2143 470 mortuis,

483 493 881 548 viviﬁcabitet
902 493 1182 549 mortalia
1209 507 1461 564 corpora
1495 496 1721 558 nostra,
1754 495 1996 561 propter
2024 491 2145 562 Spi-

483 583 664 637 ritum
686 583 786 654 qui
818 583 1048 638 habitat
1076 583 1132 637 in
1167 581 1345 637 nobis
1380 581 1488 644 (Id.
1514 596 1636 644 Vlll,
1670 580 1781 650 11).
1814 579 1980 634 Nunc
2009 594 2144 648 ergo

484 671 824 742 implendus
842 679 930 726 est
955 672 1178 741 gradus
1202 671 1314 726 sub
1333 672 1543 740 gratia,
1576 675 1635 724 ut
1664 668 1956 724 faciamus
1976 668 2142 740 quod

485 760 762 816 volumus
793 761 1020 831 spiritu,
1058 762 1289 815 etiamsi
1322 775 1501 815 carne
1537 774 1660 814 non
1691 775 2009 830 possumus
2039 775 2052 824 ;
2082 757 2142 812 id

486 855 588 915 est,
612 865 730 905 non
753 849 1111 905 obediainus
1135 850 1442 905 desideriis
1474 849 1698 920 peccati
1719 848 1791 902 ad
1819 847 2144 918 praebenda

484 922 564 992 illi
607 938 879 993 membra
934 944 1138 994 nostra
1191 955 1358 994 arma
1409 937 1736 1010 iniquitatis
1771 937 1876 1006 (Id.
1916 954 1990 1002 vn,
2032 940 2138 1006 13),

489 1027 722 1083 etiamsi
778 1043 898 1083 non
949 1027 1218 1083 valemus
1249 1028 1481 1083 efﬁcere
1506 1032 1565 1082 ut
1597 1027 1807 1082 eadem
1841 1026 2141 1082 desideria

489 1132 612 1172 non
645 1118 898 1172 existant
933 1133 944 1172 :
981 1122 1042 1171 ut
1071 1118 1350 1188 quamvis
1377 1117 1648 1172 nondum
1687 1117 1874 1170 simus
1903 1115 1961 1170 in
1993 1130 2140 1186 pace

487 1205 588 1260 illa
619 1211 841 1260 aeterna
891 1222 964 1261 ex
1014 1207 1178 1260 omni
1213 1207 1477 1260 hominis
1510 1210 1676 1274 parte
1708 1205 1980 1276 perfecta,
2012 1206 2138 1274 jam

486 1299 684 1350 tamen
717 1295 1067 1350 desinamus
1117 1311 1245 1350 esse
1286 1295 1397 1349 sub
1430 1295 1602 1364 Lege,
1653 1294 1750 1348 ubi
1791 1295 2140 1364 praevarica-

488 1384 664 1439 tionis
689 1399 789 1438 rea
823 1399 992 1438 mens
1025 1389 1274 1446 tenetur,
1310 1384 1457 1438 dum
1488 1399 1622 1438 eam
1657 1384 2140 1454 concupiscentia

493 1473 688 1527 carnis
721 1473 778 1527 in
832 1474 1285 1528 consensionem
1319 1475 1544 1544 peccati
1594 1473 1893 1542 captivam
1925 1473 2090 1528 ducit
2122 1491 2134 1540 ;

489 1561 676 1616 simus
706 1567 904 1616 autem
930 1561 1041 1616 sub
1069 1563 1277 1631 gratia,
1309 1563 1410 1618 ubi
1434 1561 1594 1617 nulla
1612 1562 2137 1617 estcondemnatio

486 1650 556 1704 iis
595 1651 698 1721 qui
732 1657 868 1705 sunt
897 1651 953 1705 in
990 1652 1215 1708 Christo
1257 1653 1393 1707 Jcsu
1429 1653 1532 1724 (Id.
1566 1668 1685 1715 Vlll,
1723 1653 1768 1723 t)
1801 1674 1811 1715 ;
1839 1651 1981 1723 quia
2015 1667 2136 1707 non

485 1743 833 1805 certantem,
864 1741 965 1795 sed
994 1741 1213 1796 victum
1236 1758 1413 1813 pmna
1444 1743 1848 1813 consequitur.

558 1833 645 1886 47.
682 1829 785 1901 [lb.
820 1847 876 1895 v,
928 1831 1034 1901 18.]
1071 1832 1518 1887 Ordinatissime
1566 1832 1764 1902 itaque
1811 1831 2133 1902 subjungit,

487 1918 635 1983 Quod
653 1919 704 1972 si
730 1920 937 1989 spiritu
954 1920 1242 1988 ducimini,
1269 1938 1372 1976 non
1402 1922 1581 1975 adhuc
1605 1921 1730 1974 estis
1758 1921 1853 1974 sub
1877 1921 2009 1991 Lege
2033 1938 2049 1975 :
2076 1927 2137 1978 ut

485 2008 890 2077 intelligamus
914 2025 1015 2063 eos
1035 2025 1165 2064 esse
1190 2011 1301 2064 sub
1319 2011 1490 2078 Lege,
1519 2025 1774 2080 quorum
1797 2011 2029 2079 spiritus
2059 2011 2136 2067 ita

483 2098 1149 2167 concupiscitadversus
1178 2116 1437 2164 carnem,
1457 2104 1517 2153 ut
1535 2115 1654 2153 non
1678 2114 1749 2154 ea
1778 2115 1912 2170 qua:
1933 2100 2136 2156 volunt

486 2184 747 2256 faciant;
775 2185 831 2240 id
852 2191 958 2249 est,
979 2203 1098 2242 non
1124 2204 1184 2242 se
1213 2193 1455 2244 teneant
1485 2188 1736 2242 invictos
1758 2187 1818 2242 in
1850 2189 2134 2245 charitate

479 2275 748 2344 justitiae,
783 2277 885 2330 sed
916 2293 949 2331 a
981 2279 1439 2349 concupiscente
1471 2277 1794 2332 adversum
1843 2292 1904 2331 se
1957 2294 2134 2333 carne

483 2364 794 2420 vincantur
823 2366 905 2435 (α)
943 2382 956 2432 ;
988 2382 1108 2421 non
1135 2367 1328 2423 solum
1355 2384 1424 2423 ea
1446 2373 1819 2437 repugnante
1838 2367 1950 2436 legi
1976 2384 2135 2423 men-

482 2453 554 2507 tis
587 2470 816 2518 eorum,
847 2456 946 2509 sed
970 2457 1147 2511 etiam
1176 2458 1513 2528 captivante
1540 2457 1669 2511 illos
1701 2456 1811 2511 sub
1844 2459 1971 2526 lege
2002 2473 2135 2529 pec-

484 2542 619 2605 cati,
649 2559 785 2613 quas
819 2551 902 2596 est
931 2545 991 2598 in
1025 2546 1312 2600 membris
1349 2545 1700 2600 mortalibus
1733 2545 1844 2614 (Id.
1875 2562 1967 2600 vu.
2001 2547 2121 2615 23).

485 2629 596 2695 Qui
623 2632 781 2685 enim
815 2647 934 2686 non
966 2633 1267 2688 ducuntur
1298 2635 1529 2704 spiritu,
1565 2636 1832 2706 sequitur
1862 2639 1927 2688 ut
1956 2650 2132 2689 carne

484 2719 798 2775 ducantur.
831 2724 952 2775 Non
973 2727 1170 2776 autem
1200 2723 1317 2791 pati
1347 2723 1760 2777 adversitatem
1780 2724 2000 2791 carnis,
2030 2724 2133 2779 sed

485 2807 620 2862 duci
652 2825 686 2863 a
716 2825 914 2872 carne,
949 2810 1258 2865 damnatio
1283 2815 1386 2865 est.
1415 2813 1474 2866 Et
1503 2811 1658 2871 ideo.
1690 2813 1837 2876 Quod
1864 2813 2134 2883 sispiritu

485 2894 695 2966 inquit,
735 2896 1018 2963 ducimini,
1063 2914 1166 2952 non
1195 2898 1365 2953 adhuc
1414 2900 1540 2954 estis
1568 2900 1663 2954 sub
1701 2901 1851 2971 Lege.
1886 2904 2032 2956 Nam
2079 2906 2135 2958 et

483 2985 754 3049 superius
783 3001 903 3040 non
936 2988 1035 3054 ait,
1062 2989 1285 3059 Spiritu
1314 2989 1598 3054 ambulate,
1627 2996 1682 3045 et
1710 2991 2134 3062 concupiscen-

486 3073 599 3127 tias
655 3075 846 3128 carnis
903 3090 1023 3130 non
1073 3076 1445 3142 habueritis;
1498 3078 1621 3142 sed,
1683 3096 1744 3134 ne
1793 3081 2135 3150 perfeceritis

484 3162 687 3231 (Gatat.
711 3179 762 3228 v,
791 3165 900 3233 l6).
937 3166 1165 3237 Quippe
1195 3181 1312 3222 non
1342 3183 1440 3222 eas
1470 3168 1716 3224 omnino
1739 3169 1978 3233 habere,
2011 3185 2132 3224 non

477 3251 606 3321 jam
661 3257 988 3320 certamen,
1031 3255 1136 3310 sed
1179 3257 1519 3312 certaminis
1571 3259 1885 3328 praemium
1941 3264 2050 3322 est,
2087 3258 2132 3313 si

484 3339 924 3398 obtinuerimus
951 3344 1259 3400 victoriam
1290 3347 1729 3416 perseverando
1763 3347 1873 3401 sub
1909 3347 2124 3416 gratia.

482 3432 880 3486 Commutatio
901 3433 1061 3488 enim
1094 3437 1358 3507 corporis
1393 3435 1452 3490 in
1483 3436 1879 3490 immortalem
1913 3441 2134 3492 statum

484 3520 612 3575 sola
639 3521 835 3576 carnis
866 3524 1380 3593 concupiscentias
1419 3540 1539 3580 non
1573 3524 1838 3581 habebit.

550 3611 638 3664 48.
660 3609 772 3681 [1b.
799 3626 850 3674 v,
874 3611 1081 3684 19-21.]
1114 3613 1330 3668 Deinde
1349 3614 1553 3682 incipit
1571 3630 1751 3685 opera
1770 3615 1966 3670 carnis
1986 3631 2134 3670 cnu-

484 3713 734 3762 merare,
762 3704 822 3752 ut
851 3699 1184 3770 intelligant
1205 3719 1287 3766 se,
1324 3702 1371 3756 si
1395 3703 1471 3758 ad
1501 3704 1876 3776 operandam
1911 3705 2019 3758 ista
2036 3705 2134 3759 de-

484 3785 720 3839 sideriis
754 3788 1094 3843 carnalibus
1125 3793 1552 3858 consenserint,
1597 3797 1734 3847 tunc
1767 3793 1903 3847 duci
1931 3807 2130 3859 carne,

479 3887 599 3926 non
629 3873 854 3943 spiritu.
888 3893 918 3929 «
952 3877 1258 3933 Manifesta
1285 3885 1483 3935 autem
1512 3887 1670 3947 sunt,
1705 3881 1916 3953 inquit,
1950 3897 2133 3952 opera

479 3961 700 4028 carnis,
732 3978 865 4032 quae
898 3970 1036 4020 sunt
1084 3965 1525 4032 fornicationes,
1561 3970 1976 4035 immunditiaz,
2009 3971 2134 4027 ido-

477 4048 673 4104 lorum
707 4051 970 4117 servitus,
993 4055 1294 4120 veneﬁcia,
1321 4056 1662 4122 inimicitiae,
1698 4059 2127 4126 contentiones,

478 4138 904 4205 animositates,
940 4143 1370 4208 aemulationes,
1401 4145 1823 4212 dissensiones,
1857 4148 2126 4215 htPl‘eseS,

481 4228 740 4294 invidiae,
774 4230 1108 4297 ebrietates,
1142 4236 1630 4300 comessationes,
1660 4240 1716 4290 et
1750 4237 1839 4290 his
1872 4238 2084 4293 similia
2114 4258 2126 4302 ;

477 4334 612 4388 quae
658 4319 919 4389 praedico
959 4320 1150 4390 vobis,
1185 4323 1335 4378 sicut
1385 4323 1651 4394 prmdixi,
1686 4326 1976 4394 quoniam
2027 4327 2128 4397 qui

477 4407 620 4462 talia
652 4414 855 4478 agunt,
875 4426 1130 4480 regnum
1156 4412 1253 4466 Dei
1277 4427 1394 4468 non
1429 4413 1842 4484 possidebunt.
1874 4434 1900 4464 »
1933 4418 2132 4483 Agunt

474 4501 674 4552 autem
705 4499 831 4554 hac
861 4501 963 4570 qui
1012 4502 1442 4571 cupiditatibus
1473 4503 1816 4559 carnalibus
1873 4519 2129 4561 consen-

477 4586 688 4642 tientes
727 4589 1002 4644 facienda
1041 4605 1172 4645 esse
1203 4592 1551 4659 decernunt,
1585 4593 1763 4649 etiam
1817 4593 1861 4648 si
1909 4593 1985 4648 ad
2019 4595 2128 4648 im-

474 4675 763 4745 plendum
791 4677 1040 4732 facultas
1071 4695 1190 4734 non
1218 4681 1412 4736 datur.
1448 4683 1737 4737 Caeterum
1756 4683 2129 4754 quitangun-

473 4766 568 4816 tur
595 4763 939 4832 hujusmodi
994 4768 1276 4834 motibus,
1309 4775 1365 4824 et
1411 4769 1750 4825 immobiles
1805 4771 1862 4826 in
1900 4773 2128 4842 majore

474 4851 764 4907 charitate
791 4855 1142 4925 consistunt,
1167 4873 1286 4912 non
1311 4858 1504 4912 solum
1530 4875 1651 4913 non
1680 4860 1763 4912 eis
1780 4860 2127 4916 exhibentes

473 4941 750 4998 membra
781 4945 1046 5014 corporis
1076 4945 1151 5000 ad
1187 4945 1339 5000 male
1366 4947 1764 5017 operandam,
1797 4949 1900 5002 sed
1933 4965 2126 5020 neque

471 5035 619 5086 nutu
653 5033 1064 5086 consensionis
1096 5033 1172 5088 ad
1205 5033 1613 5089 exhibendum
1647 5036 2084 5092 consentientes
2112 5056 2124 5104 ;

472 5136 593 5176 non
609 5121 735 5176 haec
750 5128 956 5190 agunt,
973 5127 1026 5176 et
1040 5121 1176 5177 ideo
1190 5137 1442 5192 regnum
1463 5123 1557 5178 Dei
1573 5124 1981 5196 possidebunt.
2000 5128 2124 5182 Non

473 5211 778 5282 enimjam
811 5219 1020 5281 regnat
1059 5216 1374 5283 peccatum
1413 5213 1471 5268 in
1498 5230 1706 5269 eorum
1739 5214 1973 5270 mortali
2003 5231 2128 5270 cor-

472 5315 636 5370 pore,
653 5302 729 5357 ad
744 5301 1039 5358 obediend
1053 5318 1152 5357 um
1166 5301 1473 5358 desideriis
1499 5305 1654 5372 ejus;
1673 5305 1947 5375 quamvis
1964 5304 2129 5360 habi-

473 5392 549 5442 tet
587 5391 645 5443 in
679 5406 883 5445 eorum
919 5391 1150 5446 mortali
1204 5406 1449 5462 corpore
1494 5397 1829 5463 peccatum,
1864 5393 2123 5449 nondum

473 5478 761 5533 exstincto
789 5479 1015 5551 impetu
1032 5481 1480 5535 consuetudinis
1510 5481 1819 5550 naturalis,
1836 5499 1958 5554 qua
1972 5499 2124 5538 mor-

473 5561 796 5620 taliternati
810 5583 1040 5634 sumus,
1058 5576 1112 5624 et
1127 5570 1383 5641 proprias
1399 5571 1527 5626 vitae
1545 5576 1931 5637 nostrae,cum
1946 5577 2000 5627 et
2015 5586 2123 5627 nos

542 5712 614 5777 (α)
638 5713 657 5762 Ι
689 5713 917 5766 Retract.
943 5731 1059 5783 cap.
1095 5719 1175 5778 24,
1199 5732 1256 5770 n.
1285 5721 1332 5770 2.

1505 185 1878 242 EPISTOL/E
1917 184 2013 241 AD
2051 185 2396 254 GALATAS,
2436 185 2494 241 S.
2539 183 2915 242 AUGUSTINI

3757 188 3909 248 ,2140

2252 311 2364 384 ipsi
2392 311 2699 384 peccando
2731 312 3007 368 auximus
3031 310 3192 382 quod
3206 311 3284 368 ab
3303 310 3531 382 origine
3551 313 3913 384 peccatihu-

2253 402 2415 456 mani
2445 402 2970 473 damnationisque
2995 401 3402 458 trahebamus.
3435 401 3607 458 Aliud
3632 408 3724 459 est
3743 403 3911 460 enim

2251 507 2370 546 non
2386 491 2973 562 peccare;aliud,non
2986 489 3208 547 habere
3221 494 3694 562 peccatum.Nam
3708 492 3769 546 in
3783 509 3912 564 quo

2250 585 2563 652 peccatum
2605 597 2724 636 non
2756 586 2984 649 regnat,
3021 596 3141 636 non
3175 586 3391 652 peccat,
3424 581 3483 636 id
3515 588 3626 646 est,
3655 581 3757 653 qui
3791 597 3916 638 non

2249 671 2450 726 obedit
2479 669 2788 725 desideriis
2827 669 2991 741 ejus:
3027 670 3084 725 in
3117 686 3236 742 quo
3267 676 3466 726 autem
3491 685 3612 726 non
3642 671 3916 727 existunt

2249 759 2498 815 omnino
2528 759 2644 814 ista
2669 758 3122 825 desideria,non
3149 759 3346 815 solum
3383 775 3504 815 non
3530 763 3765 832 peccat,
3800 761 3912 816 sed

2249 850 2426 905 etiam
2447 865 2568 904 non
2598 848 2778 905 habet
2798 853 3128 919 peccatum.
3156 849 3326 914 Quod
3351 848 3532 904 etiam
3547 847 3598 903 si
3613 865 3683 904 ex
3702 849 3910 906 multis

2250 939 2516 1010 partibus
2534 938 2715 994 inista
2730 938 2847 993 vita
2860 938 3048 1009 possit
3065 937 3239 1004 efﬁci,
3255 954 3325 994 ex
3343 939 3508 993 omni
3523 944 3727 994 tamen
3741 945 3913 1009 parte

2248 1044 2368 1084 non
2388 1028 2500 1083 nisi
2515 1027 2572 1082 in
2587 1028 3012 1082 resurrectione
3025 1027 3220 1082 carnis
3233 1033 3412 1099 atque
3431 1029 3910 1084 commutatione

2248 1116 2618 1189 sperandum
2631 1121 2734 1172 est.
2757 1119 2947 1172 Potest
2976 1121 3177 1172 autem
3204 1131 3442 1172 movere
3462 1117 3627 1188 quod
3646 1117 3751 1182 ait,
3773 1117 3907 1183 ρυκ

2245 1208 2480 1279 pradico
2505 1207 2670 1269 vobis,
2702 1206 2840 1261 sicut
2852 1205 3119 1276 praedixi,
3145 1205 3403 1275 quoniam
3423 1205 3519 1277 qui
3541 1205 3680 1260 talia
3711 1212 3903 1275 agunt,

2246 1313 2468 1366 regnum
2494 1297 2599 1350 Dei
2627 1293 3104 1364 nonpossidebunt,
3131 1295 3494 1364 siquaeratur
3508 1294 3741 1349 ubiista
3758 1310 3906 1364 prm-

2245 1386 2482 1452 dixerit;
2516 1401 2656 1440 nam
2705 1385 2764 1439 in
2794 1384 2908 1439 hac
2930 1383 3189 1454 Epistola
3218 1399 3340 1438 non
3379 1383 3700 1440 invenitur.
3753 1385 3905 1452 Ergo

2245 1481 2345 1530 aut
2374 1489 2637 1546 praesens
2660 1489 2797 1528 cum
2813 1477 2988 1537 esset,
3012 1472 3126 1527 hoc
3147 1472 3524 1542 praedixerat;
3546 1477 3650 1527 aut
3669 1487 3904 1543 cogno-

2245 1568 2404 1620 verat
2429 1563 2771 1634 pervenisse
2801 1561 2878 1616 ad
2906 1561 3030 1616 illos
3061 1560 3383 1632 Epistolam
3416 1576 3553 1632 quas
3596 1561 3788 1617 missa
3817 1567 3906 1616 est

2245 1653 2322 1711 ad
2374 1652 2724 1708 Corinthios.
2785 1650 2860 1705 lbi
2908 1651 3066 1706 enim
3096 1651 3175 1705 sic
3205 1651 3286 1706 ait
3316 1667 3332 1704 ε
3363 1669 3392 1700 ς(
3433 1650 3622 1706 Nolite
3656 1666 3899 1716 errare;

2244 1759 2438 1815 neque
2469 1742 2874 1806 fornicatores,
2911 1755 3102 1810 neque
3127 1739 3298 1794 idolis
3338 1741 3679 1804 servientes,
3701 1755 3902 1811 neque

2244 1832 2516 1896 adulteri,
2543 1845 2735 1902 neque
2766 1829 2996 1889 molles.
3023 1845 3218 1900 neque
3240 1828 3648 1884 masculorum
3669 1845 3900 1884 concu-

2245 1922 2480 1986 bitores,
2511 1935 2704 1992 neque
2735 1919 2912 1981 fures,
2942 1933 3136 1991 neque
3191 1918 3374 1982 avari,
3411 1933 3605 1988 neque
3651 1918 3896 1977 ebriosi.

2243 2027 2436 2083 neque
2468 2009 2761 2072 maledici,
2789 2023 2978 2080 neque
3019 2023 3266 2079 rapaces
3291 2022 3543 2077 regnum
3579 2008 3679 2062 Dei
3703 2008 3895 2078 possi-

2242 2101 2470 2156 debunt
2503 2121 2529 2152 »
2558 2099 2602 2170 (Ι
2630 2099 2750 2153 Cor.
2780 2114 2857 2162 vr,
2889 2101 2941 2166 9,
2973 2098 3085 2164 10).

2240 2243 2260 2254 -
2312 2211 2398 2262 49.
2428 2207 2531 2277 [lb.
2550 2222 2603 2270 v,
2621 2209 2711 2274 22,
2728 2204 2838 2274 23.]
2861 2203 2957 2258 Hic
2970 2219 3112 2273 ergo
3126 2207 3901 2274 cumenumerassetopera

2242 2297 2453 2361 carnis,
2489 2294 2710 2367 quibus
2741 2291 3017 2349 clausum
3049 2298 3136 2350 est
3176 2309 3429 2362 regnum
3483 2293 3602 2357 Dei,
3648 2293 3901 2361 subiecit

2241 2386 2415 2442 etiam
2444 2400 2624 2456 opera
2657 2382 2920 2456 spiritus,
2979 2399 3132 2454 quos
3159 2383 3400 2455 spiritus
3440 2382 3667 2437 fructus
3701 2389 3898 2438 vocat.

2243 2477 2478 2531 Fructus
2503 2478 2679 2528 autem
2709 2471 2942 2542 spiritus
2965 2479 3058 2537 est,
3089 2473 3302 2544 inquit,
3321 2471 3580 2536 charitas,
3614 2471 3898 2540 gaudium,

2236 2581 2365 2636 pax,
2403 2562 2806 2633 longanimitas,
2841 2561 3161 2633 benignitas,
3196 2561 3425 2626 bonitas,
3480 2561 3628 2632 ﬁdes,
3653 2577 3900 2615 mansue-

2241 2654 2386 2717 tudo,
2439 2651 2808 2708 continentia:
2871 2657 2926 2706 et
2955 2651 3206 2716 addidit,
3259 2650 3536 2705 Adversus
3587 2649 3901 2720 hujusmodi

2240 2760 2345 2798 non
2370 2749 2444 2796 est
2473 2742 2593 2806 lex;
2621 2746 2684 2796 ut
2701 2739 3248 2809 intelligamusillos
3263 2740 3376 2795 sub
3395 2741 3546 2809 Lege
3568 2740 3816 2809 positos,
3836 2740 3898 2794 in

2239 2831 2458 2904 quibus
2492 2831 2600 2886 ista
2625 2845 2744 2885 non
2789 2834 3060 2898 regnant.
3095 2832 3242 2884 Nam
3268 2829 3326 2884 in
3381 2829 3602 2900 quibus
3629 2827 3762 2884 haec
3813 2844 3900 2883 re-

2241 2927 2448 2990 gnant,
2474 2920 2585 2992 ipsi
2618 2920 2766 2988 Lege
2794 2917 3056 2988 legitime
3088 2923 3352 2981 utuntur,
3377 2916 3653 2990 quianon
3683 2921 3773 2972 est
3790 2916 3901 2972 illis

2242 3011 2357 3066 Lex
2393 3009 2469 3065 ad
2502 3007 2896 3065 coercendum
2927 3007 3150 3078 posita:
3177 3007 3540 3077 majorenim
3555 3010 3615 3061 et
3640 3006 3903 3077 praepolo

2243 3099 2456 3155 lentior
2486 3097 2796 3154 delectatio
2828 3111 3036 3152 eorum
3079 3096 3307 3165 justitia
3359 3101 3467 3151 est.
3503 3095 3594 3151 Sic
3627 3095 3793 3151 enim
3824 3094 3903 3150 ad

2241 3188 2614 3244 Timotheum
2641 3186 2781 3242 dicit
2807 3203 2819 3242 :
2851 3204 2878 3235 «
2896 3185 3125 3241 Scimus
3139 3184 3299 3240 enim
3314 3186 3456 3256 quia
3477 3185 3642 3240 bona
3655 3185 3901 3249 estLex,

2243 3279 2290 3332 si
2322 3277 2459 3350 quis
2493 3292 2562 3331 ea
2583 3275 2840 3344 legitime
2875 3274 3315 3330 utaturzsciens
3330 3274 3598 3346 hocquia
3617 3274 3736 3329 Lex
3743 3275 3904 3345 justo

2243 3366 2438 3438 posita
2471 3381 2592 3420 non
2645 3368 2772 3428 est;
2810 3362 3046 3433 injustis
3093 3368 3317 3429 autem,
3350 3368 3405 3418 et
3438 3378 3560 3418 non
3621 3362 3901 3427 subditis,

2243 3456 2438 3526 impiis
2469 3459 2526 3510 et
2545 3453 2981 3524 peccatoribus,
3002 3452 3356 3516 etscelestis,
3379 3459 3433 3507 et
3452 3452 3900 3516 contaminatis,

2244 3544 2566 3616 patricidis,
2602 3549 2658 3598 et
2680 3542 3024 3610 matricidis,
3056 3541 3395 3604 homicidis,
3420 3542 3902 3606 fornicatoxibus,

2243 3633 2648 3690 masculorum
2681 3631 3190 3695 concubitoribus,
3227 3630 3550 3702 plagiariis,
3596 3631 3905 3686 mendaci-

2241 3723 2374 3787 bus,
2412 3722 2680 3794 perjuris,
2723 3726 2779 3776 et
2810 3722 2856 3775 si
2887 3720 3034 3791 quid
3075 3720 3239 3775 aliud
3273 3735 3430 3775 sanas
3480 3719 3772 3775 doctrinm
3798 3721 3903 3776 ad-

2243 3819 2510 3868 versatur
2531 3831 2558 3862 »
2593 3811 2637 3881 (l
2668 3811 2805 3864 Tim.
2833 3827 2867 3878 ι,
2899 3811 3083 3880 8-10);
3128 3809 3500 3872 subauditur,
3534 3808 3628 3864 his
3658 3809 3781 3865 Lex
3798 3826 3901 3881 po-

2242 3901 2351 3957 sita
2380 3908 2485 3956 est.
2520 3903 2788 3968 Regnent
2836 3915 2977 3968 ergo
3038 3897 3380 3968 spirituales
3421 3897 3516 3954 isti
3551 3897 3786 3954 fructus
3844 3900 3899 3954 in

2240 3991 2504 4054 homine,
2555 3991 2612 4044 in
2656 4005 2777 4059 quo
2832 3993 3078 4059 peccata
3133 4003 3255 4043 non
3305 3993 3576 4058 regnant.
3631 3990 3902 4057 Regnant

2241 4079 2565 4136 autemista
2586 4078 2767 4141 bona,
2791 4077 2840 4132 si
2861 4082 3090 4133 tantum
3104 4077 3420 4142 delectant,
3438 4077 3651 4147 utipsa
3666 4081 3903 4133 teneant

2241 4170 2513 4225 animum
2544 4169 2601 4222 in
2632 4165 3056 4223 tentationibus
3094 4183 3162 4222 ne
3205 4167 3264 4222 in
3305 4167 3532 4237 peccati
3561 4167 3904 4223 consentio-

2239 4275 2377 4314 nem
2409 4262 2556 4313 ruat.
2590 4256 2760 4322 Quod
2783 4255 2943 4311 enim
2963 4255 3224 4326 amplius
3247 4271 3358 4311 nos
3382 4255 3662 4322 delectat,
3684 4272 3906 4311 secun-

2240 4349 2386 4403 dum
2429 4348 2487 4402 id
2543 4360 2862 4417 operemur
2919 4360 3160 4400 necesse
3193 4349 3318 4400 est:
3363 4349 3427 4400 ut
3476 4345 3644 4400 verbi
3689 4345 3903 4414 gratia.

2240 4437 2496 4491 occurrit
2522 4435 2716 4491 forma
2744 4435 3028 4506 speciosae
3055 4434 3319 4500 feminae,
3341 4439 3397 4490 et
3412 4434 3703 4489 movetad
3719 4435 3905 4490 delec-

2242 4525 2522 4581 tationem
2555 4524 2996 4580 fornicationis:
3023 4523 3127 4578 sed
3156 4522 3204 4578 si
3228 4522 3360 4594 plus
3377 4522 3904 4594 delectatpulchri-

2241 4616 2383 4670 tudo
2415 4614 2512 4669 illa
2551 4615 2760 4670 intima
2786 4618 2839 4669 et
2879 4614 3115 4668 sincera
3170 4612 3400 4681 species
3440 4611 3753 4676 castitatis,
3804 4627 3904 4683 per
4005 4627 4009 4632 ·

2239 4704 2488 4775 gratiam
2521 4720 2656 4775 quae
2688 4709 2773 4758 est
2816 4703 2875 4756 in
2919 4701 3036 4756 ﬁde
3085 4701 3316 4766 Christi,
3379 4701 3716 4756 secundum
3748 4701 3903 4756 hanc

2239 4795 2510 4858 vivimus,
2562 4797 2619 4848 et
2670 4791 3000 4848 secundum
3047 4791 3202 4846 hanc
3250 4805 3574 4861 operamur
3618 4807 3632 4855 ;
3671 4797 3733 4845 ut
3784 4805 3901 4846 non

2238 4889 2524 4951 regnante
2552 4884 2608 4936 in
2635 4882 2810 4936 nobis
2844 4887 3090 4952 peccato
3129 4880 3207 4935 ad
3233 4878 3642 4935 obediendum
3673 4879 3901 4935 deside-

2239 4972 2339 5025 riis
2372 4972 2516 5040 ejus,
2541 4971 2646 5026 sed
2674 4968 3208 5040 regnantejustitia
3243 4983 3346 5039 per
3367 4967 3726 5024 charitatem
3765 4984 3900 5024 cum

2239 5075 2460 5129 magna
2486 5060 2878 5115 delectatione
2903 5059 3192 5114 faciamus
3221 5057 3519 5129 quidquid
3570 5057 3630 5112 in
3673 5073 3745 5114 ea
3787 5058 3902 5112 Deo

2240 5150 2470 5220 placere
2483 5149 2927 5218 cognoscimus.
2948 5148 3119 5212 Quod
3139 5151 3343 5204 autem
3361 5146 3435 5202 de
3458 5148 3735 5203 castitate
3759 5148 3903 5203 etde

2239 5239 2626 5294 fornicatione
2657 5239 2796 5295 dixi,
2823 5237 2936 5292 hoc
2953 5237 3028 5292 de
3046 5237 3276 5291 caeteris
3301 5236 3546 5305 intelligi
3571 5235 3756 5291 volui.

2310 5359 2395 5408 50.
2423 5357 2619 5425 Neque
2650 5351 3012 5416 moveat,vel
3038 5353 3202 5423 quod
3234 5367 3353 5407 non
3368 5353 3619 5406 omnino
3643 5352 3721 5406 ad
3737 5367 3902 5407 eum-

2236 5443 2372 5498 dem
2409 5460 2723 5498 numerum
2754 5449 2809 5497 et
2831 5442 3300 5511 ordinemopera
3326 5443 3523 5496 carnis
3552 5441 3610 5495 in
3631 5441 3747 5497 hac
3775 5441 3901 5513 Epi-

2237 5533 2389 5589 stola
2419 5533 2810 5600 enumeravit,
2846 5536 3023 5602 atque
3053 5530 3110 5584 in
3143 5531 3241 5586 illa
3272 5530 3348 5586 ad
3378 5530 3713 5586 Corinthios
3759 5545 3772 5583 :
3807 5530 3902 5585 vel

2235 5622 2398 5696 quod
2433 5621 2764 5693 spiritualia
2792 5621 2952 5676 bona
2983 5621 3287 5693 pauciora,
3340 5618 3616 5691 pluribus
3640 5618 3902 5674 carnali-

2239 5711 2353 5769 bus
2375 5710 2529 5766 vitiis
2552 5711 2833 5785 opposuit
2857 5725 2872 5779 ;
2895 5726 3090 5784 neque
3116 5711 3195 5774 ita
3216 5726 3246 5766 e
3279 5709 3576 5767 contrario
3625 5714 3690 5766 ut
3713 5708 3907 5768 forni-
