4120 6202
226 222 367 282 Si“

225 348 566 406 cationibus
599 347 866 414 castitas,
897 348 1294 406 immunditiis
1341 353 1659 418 munditia,
1705 357 1886 428 atque

224 437 309 495 ita
338 438 558 493 caateris
591 443 803 494 caetera
825 444 1220 496 occurrerent.
1263 441 1392 496 Non
1423 443 1582 498 enim
1606 443 1720 499 hoc
1757 460 1886 497 sus-

224 527 380 599 cepit
430 531 491 582 ut
515 526 753 583 doceret
781 532 926 600 quot
959 528 1100 588 sint.
1146 529 1250 585 sed
1281 529 1341 584 in
1372 546 1494 602 quo
1540 547 1755 602 genere
1788 532 1886 588 illa

221 615 494 682 vitanda,
517 615 616 671 illa
628 631 768 672 vero
789 618 1123 687 expetenda
1153 619 1268 675 sint
1287 634 1301 687 ;
1319 635 1456 676 cum
1479 621 1674 676 carnis
1700 621 1887 693 etspi-

221 705 370 761 ritus
397 704 747 761 nominibus
781 721 816 760 a
848 722 1026 777 poena
1066 708 1293 778 peccati
1324 713 1506 781 atque
1532 714 1775 782 peccato
1807 710 1885 766 ad

223 795 482 864 gratiam
498 794 729 849 Domini
761 798 938 867 atque
954 795 1250 865 justitiam
1283 813 1394 854 nos
1420 800 1685 854 converti
1714 815 1885 871 opor-

220 887 343 940 tere
371 883 738 954 praediceret:
757 898 830 938 ne
841 883 1174 942 deserendo
1189 888 1441 956 gratiam
1467 888 1879 959 temporalem,

219 973 651 1046 quapronobis
670 975 956 1031 Dominus
974 981 1245 1031 mortuus
1280 981 1388 1041 est,
1420 992 1541 1033 non
1571 979 1881 1049 pervenia-

221 1081 360 1120 mus
421 1063 500 1118 ad
562 1068 845 1120 aeternam
902 1065 1186 1136 quietem,
1253 1067 1314 1121 in
1362 1082 1481 1138 qua
1554 1083 1658 1139 pro
1707 1067 1883 1124 nobis

219 1154 508 1209 Dominus
537 1153 712 1219 vivit;
756 1169 952 1226 neque
1002 1154 1385 1226 intelligendo
1436 1171 1680 1227 poenam
1741 1158 1908 1213 tem?

220 1242 486 1314 poralem
537 1242 596 1296 in
649 1258 771 1314 qua
816 1258 926 1299 nos
1003 1244 1289 1299 Dominus
1346 1245 1703 1302 mortalitate
1752 1262 1882 1301 car-

221 1332 316 1387 nis
340 1331 653 1388 1edomare
685 1332 960 1402 dignatus
973 1337 1080 1398 est,
1115 1335 1172 1388 in
1192 1349 1434 1404 pcenam
1451 1336 1879 1406 sempiternam

215 1420 577 1487 incidamus,
605 1436 742 1492 quin
773 1422 1170 1490 perseveranti
1203 1423 1525 1479 adversum
1561 1426 1879 1482 Dominum

218 1510 514 1582 superbiae
537 1515 872 1582 praeparata
893 1515 1000 1566 est.
1033 1513 1177 1567 Cum
1202 1513 1361 1567 enim
1393 1515 1881 1569 commemoratis

218 1599 426 1655 multis
455 1599 739 1672 operibus
763 1600 982 1666 carnis,
1014 1600 1262 1670 addidit,
1287 1608 1334 1656 et
1359 1602 1440 1656 his
1465 1603 1677 1658 similia
1698 1620 1717 1668 ;
1738 1604 1880 1660 satis

220 1688 617 1746 ostenditnon
633 1705 694 1744 se
706 1689 824 1746 ista
842 1689 1261 1746 examinatiore
1274 1707 1517 1747 numero
1535 1692 1877 1758 collocasse,

219 1778 326 1834 sed
352 1779 629 1834 liberiore
656 1794 928 1835 sermone
959 1781 1248 1851 pesuisse.
1301 1783 1418 1836 Hoc
1457 1782 1630 1838 etiam
1662 1783 1735 1838 de
1767 1784 1882 1854 spi-

217 1867 537 1924 ritualibus
561 1867 852 1924 fructibus
885 1868 1036 1925 fecit.
1083 1872 1210 1924 Non
1242 1869 1402 1925 enim
1443 1870 1546 1933 ait,
1577 1871 1882 1927 Adversus

218 1957 351 2013 hinc
382 1973 486 2011 non
511 1964 585 2012 est
615 1958 732 2012 Lea:
759 1975 777 2012 .’
805 1957 930 2025 sed,
955 1958 1231 2014 Adversus
1257 1959 1567 2029 hujusmodi
1585 1977 1609 2026 ,°
1633 1960 1746 2017 hoc
1770 1965 1876 2027 est,

223 2046 348 2101 sive
378 2046 510 2110 ista,
539 2046 661 2102 sive
691 2047 870 2104 etiam
902 2051 1112 2102 caetera
1140 2047 1512 2117 hujusmodi.

294 2136 384 2189 51.
413 2135 525 2190 Sed
551 2140 751 2192 tamen
781 2135 1093 2204 diligenter
1111 2137 1635 2194 considerantibus
1656 2156 1774 2196 non
1791 2141 1883 2196 hic

224 2225 389 2280 omni
432 2225 612 2280 modo
672 2224 1004 2281 carnalium
1054 2225 1575 2300 spiritualiumque
1628 2245 1881 2300 operum

223 2314 525 2385 oppositio
584 2314 925 2370 inordinata
957 2319 1133 2387 atque
1174 2316 1426 2372 confusa
1474 2324 1578 2373 est.
1637 2318 1725 2376 Ob
1767 2319 1881 2374 hoc

222 2407 421 2457 autem
454 2402 611 2468 latet,
645 2403 788 2474 quia
808 2404 1110 2474 pauciora,
1135 2403 1226 2460 vel
1253 2404 1491 2476 singula
1512 2407 1877 2478 quibusdam

219 2491 494 2564 pluribus
532 2497 940 2564 opponuntur.
975 2496 1121 2549 Nam
1154 2509 1224 2548 ex
1255 2510 1323 2550 eo
1355 2495 1518 2567 quod
1548 2497 1879 2552 carnalium

219 2581 496 2636 vitiorum
528 2581 587 2636 in
620 2582 812 2652 capite
845 2583 1047 2653 posuit
1096 2583 1544 2652 fornicationes,
1577 2585 1637 2640 in
1687 2587 1881 2658 capite

215 2675 418 2725 autem
434 2671 716 2727 virtutum
735 2671 1131 2741 spiritualium
1147 2673 1498 2732 charitatem
1516 2694 1531 2746 ;
1552 2691 1731 2747 quem
1759 2691 1881 2731 non

216 2758 560 2815 divinarum
588 2760 939 2817 Litterarum
970 2762 1310 2819 studiosum
1369 2764 1546 2820 faciat
1586 2766 1879 2821 intentum

215 2847 294 2903 ad
328 2849 762 2920 perscrutanda
809 2851 1071 2907 caetera?
1121 2853 1176 2908 Si
1226 2853 1384 2908 enim
1439 2854 1747 2910 fornicatio
1795 2859 1882 2912 est

212 2942 387 2992 amor
412 2953 446 2993 a
468 2938 730 3007 legitimo
750 2940 1052 2996 connubio
1074 2941 1304 2996 solutus
1321 2947 1378 2997 et
1402 2959 1614 3013 vagus.
1640 2943 1883 3014 explen-

212 3026 308 3081 dae
341 3026 603 3083 libidinis
629 3029 1033 3085 consectando
1063 3029 1356 3085 licentiam
1387 3048 1399 3097 ;
1430 3032 1575 3102 quid
1598 3038 1720 3088 tam
1741 3033 1883 3103 legi-

215 3116 355 3171 time
368 3116 440 3172 ad
459 3116 829 3189 spiritualem
845 3117 1267 3174 fecunditatem
1283 3121 1416 3192 conj
1430 3122 1665 3191 ungitur
1692 3138 1880 3193 quam

213 3205 423 3262 anima
454 3206 612 3261 Deo?
641 3207 742 3263 Cui
774 3213 1001 3280 quanto
1032 3208 1205 3263 ﬁxius
1237 3209 1558 3278 inhaeserit,
1606 3215 1763 3268 tanto
1796 3216 1885 3268 est

212 3294 632 3365 incorruptior.
666 3296 917 3351 Inhaeret
938 3301 1136 3351 autem
1166 3297 1468 3354 charitate.
1504 3301 1674 3355 Recte
1706 3299 1884 3371 igitur

208 3382 584 3438 fornicationi
604 3385 930 3456 opponitur
957 3387 1237 3450 charitas,
1263 3387 1322 3441 in
1349 3403 1470 3458 qua
1493 3387 1620 3444 sola
1644 3394 1731 3443 est
1753 3405 1883 3444 cus-

211 3471 378 3529 todia
393 3475 698 3529 castitatis.
713 3475 1117 3530 Immunditiie
1136 3481 1337 3531 autem
1362 3482 1499 3531 sunt
1523 3493 1732 3533 omnes
1753 3494 1880 3549 per-

213 3562 588 3617 turbationes
619 3563 692 3618 de
726 3563 825 3619 illa
858 3563 1247 3620 fornicatione
1301 3571 1628 3638 conceptae,
1662 3566 1883 3639 quibus

210 3650 506 3721 gaudium
525 3651 966 3723 tranquillitatis
990 3654 1332 3724 opponitur.
1354 3654 1656 3710 ldolorum
1683 3661 1881 3710 autem

213 3740 492 3802 servitus,
530 3740 738 3796 ultima
761 3741 1068 3797 fornicatio
1083 3749 1169 3797 est
1183 3744 1422 3806 animas,
1442 3750 1882 3816 propterquam

213 3826 400 3882 etiam
430 3827 655 3884 bellum
693 3828 980 3885 adversus
1018 3830 1406 3899 Evangelium
1444 3848 1582 3886 cum
1616 3833 1881 3887 reconci-

214 3915 376 3971 liatis
410 3917 529 3973 Deo
555 3916 1023 3974 furiosissimum
1047 3924 1279 3988 gestum
1308 3924 1413 3987 est,
1434 3920 1602 3991 cujus
1620 3922 1883 3993 reliquias

232 4008 518 4076 quamvis
541 4008 687 4063 tritas
715 4008 838 4072 diu,
862 4007 1060 4064 adhuc
1091 4013 1288 4064 tamen
1313 4009 1588 4064 recalent.
1627 4011 1885 4068 lluicita-

220 4109 343 4165 que
383 4112 500 4168 pax
543 4097 842 4154 contraria
885 4102 988 4163 est,
1068 4113 1191 4170 qua
1235 4098 1692 4154 reconciliamur
1745 4102 1880 4165 Deo,

218 4184 556 4257 eademque
582 4202 730 4257 pace
769 4187 945 4242 etiam
993 4202 1130 4242 cum
1174 4187 1520 4242 hominibus
1560 4189 1880 4254 custodita,

221 4273 1157 4344 veneﬁciorum,inimicitiarum,
1192 4276 1665 4340 contentionum,
1700 4294 1882 4333 aemu~

213 4362 533 4430 lationum,
575 4366 1049 4430 animositatum,
1119 4365 1691 4438 dissensionumque
1741 4367 1882 4422 vitia

217 4458 511 4508 sanantur
542 4455 600 4508 in
634 4455 808 4509 nobis
832 4470 843 4502 :
868 4460 928 4510 ut
950 4458 1151 4509 autem
1178 4454 1239 4508 in
1272 4455 1420 4518 aliis,
1450 4455 1600 4510 inter
1627 4471 1781 4526 quos
1806 4457 1883 4510 vi-

219 4542 614 4613 vimus,justa
647 4543 1058 4599 moderatione
1122 4547 1461 4609 tractentur,
1509 4551 1561 4600 et
1592 4547 1669 4600 ad
1711 4546 1883 4600 susti-

219 4631 488 4686 nendum
518 4631 1036 4702 longanimitas,et
1057 4632 1131 4687 ad
1160 4634 1497 4689 curandum
1515 4633 1879 4704 benignitas,

221 4726 276 4775 et
309 4720 388 4775 ad
422 4720 860 4791 ignoscendum
888 4721 1125 4776 bonitas
1159 4723 1388 4778 militat.
1416 4725 1545 4778 lam
1596 4739 1736 4779 vero
1763 4724 1882 4779 hae-

215 4808 447 4864 resibus
469 4808 644 4875 ﬁdes,
683 4810 922 4865 invidiae
957 4813 1379 4875 mansuetudo,
1413 4812 1800 4868 ebrietatibus
1823 4818 1878 4868 et

215 4899 764 4955 comessationibus
796 4899 1157 4954 continentia
1189 4900 1528 4955 reluctatur.

287 4987 375 5042 5'2.
410 4988 493 5042 Ne
537 4988 673 5060 quis
702 5004 846 5044 sane
894 4989 1210 5044 arbitretur
1256 4989 1370 5044 hoc
1417 5004 1547 5044 esse
1583 4989 1874 5044 invidiam

216 5077 386 5149 quod
419 5082 506 5133 est
535 5078 839 5134 aemulatio
869 5097 880 5133 :
925 5078 1122 5132 vicina
1145 5079 1304 5133 enim
1349 5082 1505 5140 sunt,
1550 5082 1606 5132 et
1638 5085 1879 5149 propter

211 5167 412 5236 ipsam
465 5166 831 5223 vicinitatem
879 5167 1229 5239 plerumque
1273 5166 1613 5221 utrumlibet
1660 5166 1876 5233 horum

214 5271 330 5327 pro
353 5256 559 5322 altero,
581 5255 673 5311 vel
693 5255 999 5311 aemulatio
1017 5272 1124 5326 pro
1147 5256 1388 5318 invidia,
1411 5255 1499 5309 vel
1526 5255 1747 5310 invidia
1769 5271 1878 5325 pro

216 5346 604 5402 aemulatione
645 5347 906 5416 ponitur.
938 5345 1050 5402 Sed
1082 5346 1225 5416 quia
1255 5350 1576 5415 utrumque
1605 5345 1698 5399 hic
1729 5343 1875 5400 locis

216 5437 347 5490 suis
376 5435 606 5489 dictum
636 5441 742 5501 est,
771 5434 974 5507 utique
1007 5434 1448 5488 distinctionem
1478 5433 1551 5487 de
1582 5433 1753 5487 nobis
1777 5433 1877 5488 ﬂa-

216 5524 436 5594 gitant.
472 5527 614 5579 Nam
657 5524 949 5579 aemulatio
990 5531 1076 5578 est
1101 5522 1272 5576 dolor
1320 5522 1526 5586 animi,
1561 5538 1697 5576 cum
1728 5522 1876 5576 alius

215 5615 489 5686 pervenit
517 5613 594 5668 ad
620 5629 743 5668 rem
767 5629 946 5685 quam
978 5613 1100 5667 duo
1117 5611 1390 5682 pluresve
1420 5610 1802 5681 appetebant,
1823 5615 1878 5668 et

207 5773 218 5822 ί
281 5754 296 5786 ³
331 5751 462 5802 Tres
498 5750 645 5812 Mss,
676 5751 734 5800 in
764 5765 865 5817 qua
892 5749 1141 5800 Dominus
1162 5747 1529 5799 mortalitatem
1546 5747 1736 5799 carnis.

1439 226 1949 298 EXPOSITIONIS
1991 226 2206 284 LIBER
2247 227 2458 288 UNUS-

3517 234 3549 290 2
3567 237 3662 292 {42

2003 353 2122 409 nisi
2138 353 2216 409 ab
2234 369 2354 410 uno
2380 353 2592 410 haberi
2618 370 2739 412 non
2760 358 2972 424 potest.
2989 358 3163 413 istam
3193 362 3365 414 sanat
3380 375 3520 431 pax,
3539 376 3660 432 qua

1994 441 2054 498 id
2087 443 2444 513 appetimus,
2478 445 2643 515 quod
2694 460 2904 500 omnes
2943 447 3044 516 qui
3078 450 3390 517 appetunt,
3425 448 3471 502 si
3503 464 3660 504 asse-

1993 537 2273 602 quantur,
2310 548 2496 587 unum
2529 532 2586 587 in
2617 549 2686 588 eo
2717 534 2884 589 ﬁunt.
2912 535 3142 591 Invidia
3166 551 3307 591 vero
3340 537 3511 592 dolor
3533 538 3655 591 ani-

1987 622 2194 688 miest,
2219 637 2356 676 cum
2384 621 2670 691 indignus
2685 623 2914 679 videtur
2935 624 3150 695 aliquis
3179 625 3446 696 assequi,
3471 626 3654 682 etiam

1992 710 2155 781 quod
2185 713 2242 766 tu
2272 725 2392 766 non
2423 711 2773 782 appetebas.
2814 715 2972 768 Hanc
3019 719 3192 769 sanat
3230 714 3652 781 mansuetudo,

1992 815 2128 854 cum
2152 799 2407 870 quisque
2424 800 2805 870 adjudicium
2828 802 2924 856 Dei
2947 818 3238 858 revocans
3261 805 3300 871 1,
3332 819 3454 858 non
3479 803 3654 858 resis-

1993 888 2056 944 tit
2083 888 2371 944 voluntati
2402 889 2550 959 ejus,
2575 895 2630 945 et
2649 891 2839 960 magis
2858 891 2906 946 ei
2928 891 3111 947 credit
3134 897 3287 947 recte
3316 891 3540 947 factum
3567 908 3654 946 es-

1991 992 2072 1042 se,
2101 992 2288 1048 quam
2313 977 2422 1032 sibi
2443 978 2609 1050 quod
2640 980 3240 1050 putabatindignum.

2063 1069 2148 1120 53.
2185 1067 2290 1133 [1b.
2320 1082 2377 1135 v,
2422 1067 2534 1133 24.]
2603 1068 3004 1138 Cruci/ﬁxerunt
3031 1078 3207 1124 autem
3245 1085 3461 1124 carnem
3503 1086 3654 1125 suam

1989 1170 2104 1209 cum
2134 1155 2474 1224 passionibus
2498 1164 2545 1210 et
2564 1158 3023 1227 concupiscentiis,
3052 1160 3655 1231 sicutconsequenter

1989 1243 2256 1315 dicit,qui
2284 1251 2407 1298 sunt
2428 1244 2488 1298 in
2513 1245 2728 1300 Christo
2763 1247 2909 1301 Jesu.
2938 1247 3101 1302 Unde
3121 1253 3323 1303 autem
3349 1248 3655 1304 cruciﬁxe-

1989 1337 2147 1397 runt,
2184 1332 2298 1387 nisi
2321 1333 2528 1388 timore
2549 1333 2646 1388 illo
2667 1340 2834 1390 casto
2866 1341 3256 1406 permanente
3287 1337 3346 1391 in
3363 1337 3646 1393 saeculum

1976 1422 2554 1493 .steculi(Psal.xv1u,
2585 1423 2830 1494 lO),quo
2853 1440 3133 1480 cavemus
3160 1426 3462 1480 oﬁendere
3481 1426 3646 1481 illum

1988 1528 2169 1584 quem
2233 1517 2352 1568 toto
2393 1512 2592 1579 corde,
2626 1517 2750 1569 tota
2777 1513 3006 1577 anima,
3066 1519 3186 1570 tota
3217 1519 3414 1569 mente
3451 1514 3651 1584 diligi-

1988 1601 2167 1657 mus?
2199 1604 2322 1657 Non
2354 1603 2512 1656 enim
2541 1605 2654 1657 hoc
2683 1603 2894 1658 timore
2919 1602 3085 1657 timet
3106 1602 3398 1661 adultera.
3422 1619 3494 1658 ne
3515 1619 3653 1658 cus-

1989 1691 2251 1746 todiatur
2272 1707 2308 1746 a
2338 1691 2478 1754 viro,
2509 1707 2630 1762 quo
2661 1691 2825 1747 timet
2870 1697 3031 1747 casta
3063 1708 3138 1746 ne
3185 1693 3495 1748 deseratur
3528 1710 3539 1747 :
3575 1691 3655 1747 illi

1987 1779 2340 1836 enimtristis
2367 1780 2782 1851 estprinsentia
2796 1780 2926 1846 viri,
2953 1781 3086 1835 huic
3115 1781 3411 1836 absentia.
3434 1781 3496 1836 Et
3516 1781 3651 1837 ideo

1989 1870 2167 1924 timor
2197 1869 2290 1924 ille
2344 1873 2650 1940 corruptus
2683 1873 2791 1933 est,
2845 1875 2901 1924 et
2952 1871 3204 1924 transire
3233 1885 3354 1924 non
3381 1870 3508 1924 vult
3538 1870 3652 1925 hoc

1989 1958 2276 2014 saeculum
2309 1974 2322 2012 :
2349 1958 2453 2013 iste
2481 1963 2680 2014 autem
2710 1963 2912 2013 castus
2942 1964 3252 2029 permanet
3283 1960 3341 2013 in
3363 1959 3652 2014 saeculum

1987 2047 2205 2104 saeculi.
2223 2049 2300 2102 De
2321 2063 2442 2119 quo
2457 2047 2664 2102 timore
2678 2048 2938 2119 cruciﬁgi
2965 2054 3130 2119 optat
3151 2049 3464 2119 propheta,
3513 2063 3651 2103 cum

1987 2138 2160 2192 dicit:
2198 2136 2406 2207 Con/Ege
2431 2136 2596 2190 clavis
2638 2155 2672 2191 a
2702 2139 2892 2192 timore
2941 2146 3032 2194 tuo
3060 2154 3249 2192 carnes
3300 2153 3445 2191 meas
3474 2136 3647 2208 (Psal.

1987 2241 2181 2293 cxvni,
2228 2225 2368 2296 420).
2405 2229 2516 2280 Ista
2545 2241 2683 2280 crux
2736 2233 2826 2281 est
2873 2225 2947 2281 de
2975 2243 3098 2297 qua
3145 2226 3433 2280 Dominus
3464 2225 3645 2281 dicit:

1989 2315 2127 2370 Tolle
2154 2331 2359 2370 crucem
2383 2321 2552 2378 tuam,
2575 2320 2625 2368 et
2648 2331 2865 2385 sequere
2895 2333 2974 2371 me
3003 2316 3224 2385 (Matth.
3266 2331 3381 2379 xw,
3407 2315 3518 2384 24).

2059 2405 2146 2459 54.
2183 2403 2292 2476 [1b.
2323 2420 2376 2468 v,
2403 2403 2521 2476 25].
2556 2405 2623 2459 Si
2650 2405 2880 2474 spiritu,
2913 2405 3124 2476 inquit,
3157 2404 3411 2469 vivimus,
3439 2403 3646 2474 spiritu

1984 2502 2035 2552 et
2059 2500 2337 2548 sectemur.
2364 2493 2729 2550 Manifestum
2754 2499 2840 2549 est
2870 2497 3026 2548 certe
3086 2493 3418 2548 secundum
3452 2492 3512 2547 id
3539 2507 3651 2546 nos

1977 2583 2181 2639 .vivere
2230 2582 2394 2654 quod
2435 2583 2635 2638 sectati
2671 2583 2996 2647 fuerimus;
3036 2582 3400 2637 sectabimur
3451 2585 3652 2636 autem

1989 2672 2152 2745 quod
2193 2671 2595 2726 dilexerimus.
2645 2674 2845 2743 Itaque
2887 2671 2936 2724 si
2991 2687 3062 2726 ex
3114 2671 3364 2726 adverso
3390 2671 3655 2725 existant

1989 2763 2132 2826 duo,
2157 2767 2522 2832 praeceptum
2545 2761 2804 2830 justitim,
2829 2763 2887 2815 et
2903 2759 3277 2815 consuetudo
3298 2758 3576 2824 carnalis,
3598 2761 3653 2813 et

1991 2855 2311 2922 utrumque
2337 2848 2618 2920 diligitur,
2653 2849 2713 2904 id
2768 2849 3136 2904 sectabimur
3179 2848 3344 2920 quod
3391 2847 3650 2918 amplius

1989 2939 2410 2993 dilexerimus:
2442 2939 2489 2994 si
2523 2938 2897 2994 tantumdem
2929 2942 3247 3009 utrumque
3265 2935 3547 3005 diligitur,
3568 2935 3650 2989 ni-

1989 3028 2070 3082 hil
2101 3028 2317 3082 horum
2352 3027 2750 3092 sectabimur;
2775 3027 2879 3080 sed
2907 3033 3008 3081 aut
3053 3027 3282 3089 timore,
3339 3030 3440 3080 aut
3479 3023 3648 3080 inviti

1991 3116 2298 3172 trahemur
2327 3115 2386 3169 in
2418 3115 2760 3171 alterutram
2794 3120 3020 3186 partem
3070 3130 3082 3179 ;
3114 3120 3216 3170 aut
3246 3115 3292 3168 si
3323 3118 3648 3185 utrumque

1990 3204 2300 3278 aequaliter
2328 3205 2507 3260 etiam
2541 3205 2842 3267 timemus,
2893 3203 2952 3257 in
2985 3203 3247 3274 periculo
3281 3203 3408 3257 sine
3462 3202 3648 3257 dubio

1976 3294 2458 3361 «remanebimus,
2501 3293 2686 3347 ﬂuctu
2716 3291 3047 3346 dilectionis
3101 3294 3157 3344 et
3197 3289 3422 3344 timoris
3479 3289 3651 3344 alter-

1990 3392 2170 3440 nante
2190 3384 2482 3456 quassati.
2519 3381 2630 3438 Sed
2654 3397 2771 3453 pax
2812 3381 3018 3436 Christi
3049 3380 3244 3434 vincat
3274 3380 3332 3432 in
3364 3379 3648 3433 cordibus

1990 3475 2208 3530 nostris
2236 3473 2449 3541 (Coloss.
2485 3489 2564 3536 ιιι,
2597 3474 2702 3539 15).
2736 3473 2896 3526 Tunc
2946 3471 3102 3524 enim
3137 3469 3436 3524 orationes
3470 3472 3526 3522 et
3547 3482 3646 3535 ge-

1991 3565 2190 3626 mitus,
2217 3569 2272 3618 et
2320 3562 2379 3616 in
2420 3561 2709 3617 auxilium
2736 3561 3014 3614 invocata
3045 3557 3287 3612 dextera
3321 3556 3651 3611 misericor-

1992 3654 2104 3708 diae
2127 3650 2616 3717 Dei,sacriﬁcium
2632 3647 3008 3704 contribulati
3025 3646 3221 3701 cordis
3239 3661 3360 3700 non
3375 3644 3651 3715 despicit,

1991 3743 2462 3810 charitatemque
2493 3740 2582 3793 sui
2613 3737 2966 3808 ampliorem
2993 3733 3520 3790 commendatione
3554 3749 3652 3804 pe-

1991 3830 2175 3896 riculi,
2210 3830 2283 3884 de
2309 3844 2430 3901 quo
2462 3827 2754 3894 liberavit,
2779 3825 3115 3881 exsuscitat.
3149 3826 3210 3879 In
3243 3839 3314 3879 eo
3345 3826 3546 3878 autem
3569 3821 3649 3877 illi

1992 3918 2371 3982 fallebantur,
2406 3917 2565 3988 quod
2610 3929 2827 3986 negare
2881 3913 3127 3985 quidem
3184 3928 3306 3968 non
3351 3916 3647 3982 poterant,

1993 4007 2343 4063 sectandum
2363 4006 2469 4061 sibi
2500 4021 2632 4060 esse
2657 4003 2938 4075 Spiritum
2965 4007 3259 4066 sanctum,
3291 4006 3648 4057 assertorem

1991 4114 2061 4154 ac
2090 4098 2306 4152 ducem
2329 4095 2616 4150 libertatis
2639 4109 2762 4148 suae
2788 4111 2800 4161 ;
2826 4092 2930 4148 sed
2957 4091 3032 4147 ad
3055 4107 3243 4162 opera
3269 4090 3500 4146 servilia
3520 4105 3647 4146 car-

1991 4187 2199 4242 naliter
2223 4184 2515 4249 conversi,
2539 4188 2867 4238 retrorsum
2898 4197 2960 4235 se
2991 4181 3193 4236 conari
3216 4195 3337 4234 non
3360 4178 3646 4249 intellige-

1990 4277 2157 4332 bant.
2180 4275 2506 4345 Propterea
2523 4288 2644 4329 non
2667 4272 2766 4335 ait,
2789 4270 2849 4325 Si
2863 4271 3069 4340 spiritu
3084 4269 3341 4335 vivimus,
3369 4266 3644 4337 spiritum

1992 4372 2321 4435 sectemur;
2355 4366 2480 4427 sed,
2507 4363 2713 4433 spiritu
2733 4368 3011 4422 sectemur,
3047 4358 3258 4428 inquit.
3287 4356 3647 4413 Fatebantur

1990 4456 2149 4511 enim
2183 4454 2419 4526 Spiritui
2452 4457 2659 4507 sancto
2682 4450 2902 4504 servire
2928 4452 3200 4518 oportere
3226 4462 3238 4500 :
3269 4451 3324 4501 et
3353 4461 3490 4501 eum
3519 4459 3644 4500 non

1991 4545 2201 4616 spiritu
2232 4559 2361 4610 suo,
2385 4541 2490 4596 sed
2515 4554 2693 4595 carne
2725 4537 3005 4592 volebant
3037 4535 3249 4590 sectari
3273 4550 3286 4599 ;
3315 4549 3438 4588 non
3466 4534 3644 4601 spiri-

1991 4633 2222 4689 tualiter
2234 4631 2569 4686 obtinentes
2585 4627 2836 4696 gratiam
2857 4625 2978 4689 Dei,
2996 4624 3100 4678 sed
3115 4624 3173 4677 in
3187 4621 3642 4678 circumcisione

1987 4720 2208 4777 carnali
2245 4724 2299 4775 et
2354 4716 2581 4773 caeteris
2633 4713 2976 4786 hujusmodi
3007 4728 3174 4785 spem
3219 4711 3643 4767 constituentes

1990 4811 2221 4867 salutis.

2057 4901 2146 4955 55.
2180 4899 2287 4972 [1b.
2337 4914 2394 4964 v,
2423 4900 2534 4968 26].
2565 4895 2688 4953 Non
2718 4895 3046 4965 efﬁciamur,
3081 4891 3294 4964 inquit,
3321 4890 3507 4947 inanis
3532 4891 3641 4961 glo-

1984 4990 2086 5046 riae
2116 4989 2320 5061 cupidi,
2353 4987 2582 5042 invicem
2597 4985 2916 5049 invidentes,
2951 4991 2998 5038 et
3025 4983 3249 5038 invicem
3277 4986 3637 5052 provocantes.

1985 5082 2228 5138 Prorsus
2246 5075 2565 5146 magniﬁce
2592 5075 2910 5131 etomnino
2939 5072 3140 5127 divino
3159 5071 3387 5133 ordine,
3410 5072 3641 5140 postea-

1985 5181 2170 5237 quam
2203 5183 2307 5221 eos
2340 5165 2618 5220 instruxit
2647 5164 2932 5219 adversus
2964 5161 3094 5216 illos
3126 5177 3161 5216 a
3189 5157 3487 5230 quibusin
3524 5170 3640 5211 ser-

1984 5258 2231 5312 vitutem
2261 5255 2428 5323 Legis
2463 5253 2924 5313 seducebantur,
2961 5250 3072 5304 hoc
3130 5247 3189 5302 in
3221 5247 3305 5301 eis
3340 5249 3521 5300 cavet.
3563 5259 3637 5300 ne

1984 5344 2391 5400 instructiores
2419 5341 2574 5410 facti,
2611 5348 2666 5395 et
2697 5340 2965 5394 volentes
2991 5339 3121 5408 jam
3154 5334 3474 5392 calumniis
3507 5349 3636 5390 car-

1983 5434 2210 5489 nalium
2270 5430 2650 5502 respondere,
2706 5425 3185 5482 contentionibus
3231 5424 3527 5488 studeant,
3584 5428 3638 5480 et

1983 5523 2250 5594 appetitu
2272 5519 2468 5576 inanis
2492 5517 2714 5587 gloriae,
2746 5515 2913 5584 Legis
2935 5515 3220 5571 oneribus
3235 5529 3358 5570 non
3379 5512 3635 5571 servien-

1984 5617 2092 5676 tes,
2127 5611 2296 5666 vanis
2335 5607 2762 5679 cupiditatibus
2787 5603 3066 5660 serviant.

2043 5747 2058 5778 ¹
2088 5746 2233 5798 Tres.
2261 5745 2415 5813 Mss...
2443 5757 2493 5795 se
2534 5755 2797 5793 revocans.
