4120 6202
491 208 629 263 2143

557 338 644 390 56.
681 334 791 409 [1b.
826 350 899 399 vx,
927 338 994 404 i].
1024 333 1172 390 Nihil
1195 338 1392 392 autem
1417 335 1497 390 sic
1524 336 1729 407 probat
1767 335 2138 408 spiritualem

476 422 694 488 virum,
733 439 919 495 quam
951 424 1179 494 peccati
1210 424 1387 480 alieni
1435 425 1723 491 tractatio,
1764 441 1903 481 cum
1928 425 2139 481 libera-

480 512 702 567 tionem
723 512 850 582 ejus
878 514 1070 584 potius
1101 530 1285 585 quam
1315 512 1787 579 insultationem,
1821 514 2139 586 potiusque

478 600 700 656 auxilia
721 617 905 672 quam
934 602 1204 657 convicia
1225 602 1562 667 meditatur,
1578 608 1632 659 et
1649 602 2141 675 quantumfacul-

481 690 576 743 tas
608 688 885 745 tribuitur
913 691 1175 762 suscipit.
1227 694 1292 745 Et
1323 692 1457 746 ideo
1510 692 1685 747 dicit:
1740 694 1991 758 Fratres,
2040 691 2142 746 etsi

477 785 880 849 praeoccupatus
922 781 1094 849 [uerit
1144 781 1294 835 homo
1350 782 1411 835 in
1450 782 1628 854 aliquo
1671 782 1884 846 delicto,
1926 799 2012 837 vos
2047 783 2142 853 qui

479 867 790 937 spirituales
812 870 958 933 estis,
1010 870 1268 924 instruite
1313 870 1635 941 hujusmodi.
1671 871 1894 927 Deinde
1924 886 1997 926 ne
2028 869 2139 926 sibi

480 956 653 1026 quisq
665 972 733 1010 ue
754 957 1343 1024 videaturinstruere,
1368 959 1547 1015 etiam
1566 976 1701 1015 cum
1729 966 2000 1031 proterve
2013 974 2143 1014 exa-

481 1044 625 1112 gitat
652 1044 971 1118 irridetque
1016 1054 1390 1119 peccantem,
1435 1057 1534 1104 aut
1566 1049 1821 1120 superbe
1854 1053 2141 1119 tanquam

479 1133 879 1190 insanabilem
907 1136 1255 1203 detestatur,
1283 1138 1342 1192 in
1370 1140 1596 1209 spiritu,
1641 1138 1853 1209 inquit,
1895 1153 2143 1191 mansue-

485 1222 711 1287 tudinis,
741 1224 1021 1279 intendens
1041 1227 1289 1297 teipsum,
1314 1243 1380 1281 ne
1399 1235 1446 1281 et
1464 1228 1776 1282 tutenteris.
1813 1226 1963 1282 Nihil
1982 1226 2141 1280 enim

481 1311 560 1366 ad
592 1312 1057 1370 misericordiam
1088 1315 1171 1369 sic
1203 1315 1467 1380 inclinat,
1505 1332 1691 1388 quam
1726 1316 1947 1387 proprii
1992 1314 2145 1385 peri-

481 1400 599 1454 culi
628 1401 928 1469 cogitatio.
950 1407 1032 1458 lta
1059 1419 1160 1459 eos
1192 1420 1299 1458 nec
1322 1404 1531 1460 deesse
1550 1405 1732 1461 voluit
1755 1405 2006 1460 fratrum
2020 1418 2151 1459 cor-

482 1490 757 1558 reptioni,
780 1506 887 1545 nec
907 1492 1141 1547 studere
1160 1494 1486 1548 certamini.
1518 1494 1671 1550 Multi
1690 1494 1847 1549 enim
1870 1493 2144 1548 homines

482 1592 623 1631 cum
640 1593 676 1633 a
708 1594 915 1635 somno
931 1581 1287 1647 excitantur,
1313 1582 1540 1653 litigare
1564 1583 1766 1638 volunt
1788 1599 1801 1648 ;
1824 1586 2142 1639 autrursus

482 1666 767 1731 dormire,
805 1684 940 1723 cum
972 1669 1205 1737 litigare
1264 1672 1677 1742 prohibentur.
1714 1672 1832 1727 Pax
1887 1671 2064 1741 igitur
2088 1680 2146 1731 et

483 1754 739 1822 dilectio,
770 1758 1113 1813 communis
1146 1760 1389 1830 periculi
1422 1761 1803 1831 cogitatione,
1860 1761 1919 1816 in
1966 1761 2145 1816 corde

480 1848 787 1899 serventur
817 1848 833 1881 ³
863 1862 874 1899 :
909 1848 1123 1902 modus
1152 1854 1352 1904 autem
1413 1850 1736 1920 sermonis,
1771 1851 1895 1905 sive
1926 1849 2142 1914 acrius,

482 1932 601 1988 sive
631 1932 911 1989 blandius
940 1936 1294 2007 proferatur,
1313 1938 1473 1994 sicut
1496 1938 1657 1994 salus
1679 1940 1807 2008 ejus
1821 1954 2001 2011 quem
2021 1954 2148 1995 cor-

477 2022 621 2091 rigis
647 2025 939 2093 postulare
957 2026 1206 2096 videtur,
1226 2028 1637 2083 moderandus
1659 2033 1765 2083 est.
1784 2032 1931 2084 Nam
1958 2034 2014 2083 et
2028 2027 2145 2084 alio

479 2126 613 2182 loco
643 2112 783 2167 dicit
813 2114 1070 2170 :Servum
1091 2124 1267 2171 autem
1294 2117 1509 2171 Domini
1530 2118 1750 2188 litigare
1780 2134 1885 2171 non
1900 2124 2102 2188 oportet
2122 2133 2147 2183 ,'

480 2200 569 2255 Sed
601 2202 784 2256 mitem
816 2220 919 2258 esse
948 2204 1019 2259 ad
1065 2222 1263 2271 omnes,
1295 2206 1595 2275 docibilem,
1620 2208 1936 2279 patientem.
1972 2209 2035 2261 Et
2071 2222 2145 2263 ne

480 2290 807 2362 quisquam
839 2308 909 2348 ex
934 2309 1005 2349 eo
1050 2301 1214 2366 putet
1245 2296 1613 2351 cessandum
1656 2295 1767 2351 sibi
1793 2310 1924 2351 esse
1958 2312 1993 2351 a
2020 2311 2145 2351 cor-

476 2380 742 2450 reptione
767 2384 983 2437 erroris
1012 2383 1272 2449 alterius,
1330 2384 1468 2440 vide
1500 2385 1646 2457 quid
1688 2384 1983 2457 adjungat
2012 2400 2023 2438 :
2073 2385 2145 2441 In

480 2469 1368 2544 modestia,inquit,corripientem
1380 2475 1594 2528 diversa
1608 2476 1893 2529 sententies
1910 2475 1977 2542 (ll
2002 2473 2141 2529 Tim.

480 2574 540 2621 ιι,
562 2558 772 2627 24-25).
791 2561 1100 2624 Quomodo
1116 2562 1175 2615 in
1200 2563 1478 2627 modestia,
1502 2564 1812 2635 quomodo
1838 2562 2151 2632 corripienti

481 2652 605 2711 tem,
627 2646 739 2701 nisi
764 2663 899 2703 cum
915 2649 1211 2705 lenitatem
1237 2651 1413 2705 corde
1430 2652 1777 2717 retinemus,
1798 2656 1850 2706 et
1878 2651 2143 2722 aliquam

480 2735 901 2792 medicamenti
916 2738 1306 2793 acrimoniam
1330 2738 1512 2794 verbo
1532 2740 1922 2810 correptionis
1946 2756 2144 2811 asper-

483 2824 847 2892 gimus?Nec
865 2825 1032 2879 aliter
1050 2826 1471 2897 accipiendum
1489 2827 1662 2882 video
1680 2830 1842 2900 quod
1859 2829 1913 2883 in
1932 2829 2142 2883 eadem

482 2911 743 2981 Epistola
766 2914 1031 2983 positum
1065 2920 1182 2969 est:
1214 2915 1463 2971 Prwdica
1512 2916 1746 2982 verbum,
1775 2917 1921 2972 insta
1950 2934 2142 2988 oppor-

482 3006 627 3064 tune,
655 3008 997 3072 importune;
1024 3020 1209 3074 argue,
1241 3004 1482 3074 hortare,
1510 3008 1727 3078 increpa
1771 3006 1830 3061 in
1858 3009 2004 3061 omni
2036 3006 2147 3062 lon-

479 3090 797 3161 ganimitate
827 3098 876 3147 et
904 3092 1156 3148 doctrina
1182 3095 1295 3165 (Id.
1331 3111 1409 3161 ιν,
1429 3097 1503 3167 2).
1542 3096 1965 3164 Importunitas
1985 3099 2145 3153 enim

477 3182 904 3251 opportunitati
920 3183 1122 3256 utique
1136 3186 1434 3241 contraria
1449 3192 1563 3242 est:
1582 3202 1775 3258 neque
1800 3187 2047 3243 omnino
2062 3186 2145 3242 ul-

473 3267 603 3324 lum
618 3270 1096 3328 medicamentum
1112 3279 1307 3340 sanat,
1326 3275 1434 3329 nisi
1450 3277 1613 3347 quod
1626 3281 1963 3347 opportune
1980 3275 2153 3330 adhi-

474 3357 1052 3433 bueris.Quanquam
1065 3379 1206 3433 ergo
1220 3365 1368 3419 etsic
1384 3365 2035 3435 possitdistingui,[nsta
2048 3382 2136 3437 ap-

474 3455 729 3518 portune,
758 3453 822 3504 ut
841 3451 992 3506 alius
1020 3452 1096 3507 sit
1121 3468 1358 3517 sensus,
1381 3454 1692 3524 Importune
1712 3471 1898 3524 argue,
1931 3454 2151 3509 deinde

477 3543 688 3593 cratera
701 3545 1114 3607 contexantur,
1148 3544 1413 3597 Hortare.
1434 3545 1653 3614 increpa
1664 3559 1783 3598 cum
1802 3544 1950 3598 omni
1958 3542 2136 3615 longa-

475 3627 723 3683 nimitate
743 3636 792 3683 et
812 3629 1065 3685 doctrina
1087 3646 1108 3686 .'
1145 3636 1206 3686 ut
1260 3636 1401 3686 tunc
1430 3637 1805 3703 opportunus
1838 3634 2134 3695 sentiaris,

473 3716 812 3773 cuminstas
827 3718 1182 3775 aediﬁcando
1200 3743 1218 3789 ,-
1236 3736 1266 3775 c
1280 3737 1379 3776 um
1402 3726 1601 3777 autem
1615 3721 1869 3776 destruis
1888 3738 2139 3793 arguen-

478 3803 576 3868 do,
606 3820 727 3859 non
754 3821 923 3862 cures
954 3808 1188 3863 etiamsi
1215 3810 1603 3881 importunus
1638 3810 1917 3875 videaris,
1951 3812 1998 3866 si
2024 3811 2137 3867 hoc

478 3896 566 3945 est
592 3892 809 3946 talibus
840 3895 1251 3964 importunum
1293 3914 1305 3951 :
1337 3898 1419 3953 ita
1448 3898 1570 3953 duo
1601 3914 1736 3969 quae
1783 3905 2132 3972 sequuntur,

479 3978 557 4034 ad
585 3979 708 4035 duo
739 3983 1049 4052 superiora
1076 3991 1328 4055 possunt
1359 3986 1706 4054 singillatim
1738 3988 1961 4051 referri,
1996 3988 2139 4043 Hor-

482 4074 602 4125 tare
640 4083 776 4123 cum
815 4077 1111 4141 opportune
1148 4075 1357 4140 instas,
1394 4075 1613 4144 increpa
1657 4092 1796 4131 cum
1832 4078 2137 4147 importune

479 4158 719 4228 arguis;
752 4158 969 4214 deinde
990 4167 1205 4218 caetera
1238 4162 1360 4217 duo
1388 4162 1674 4228 similiter,
1710 4165 1816 4219 sed
1846 4181 2137 4222 converso

475 4247 705 4311 ordine,
738 4248 1090 4316 referuntur,
1126 4252 1419 4307 Cumomni
1441 4252 1862 4322 longanimitate,
1881 4256 1956 4309 ad
1970 4256 2138 4310 susti-

476 4336 707 4392 nendas
737 4337 1179 4408 indignationes
1204 4356 1413 4396 eorum
1443 4357 1599 4412 quos
1632 4341 1921 4407 destruis;
1955 4350 2005 4397 et
2022 4343 2138 4398 doc-

480 4426 652 4491 trina,
686 4425 763 4482 ad
794 4428 1147 4486 instruenda
1173 4445 1382 4486 eorum
1410 4430 1602 4487 studia
1630 4446 1785 4502 quos
1829 4430 2095 4487 mdiﬁcas
2122 4448 2136 4486 :

479 4519 681 4571 tamen
713 4516 944 4573 etiamsi
976 4517 1076 4573 illo
1130 4519 1434 4576 usitatiore
1479 4520 1663 4575 modo
1712 4520 2136 4591 distinguatur,

478 4605 633 4660 Insta
660 4611 960 4676 opportune
994 4626 1016 4672 ;
1045 4609 1211 4680 quod
1259 4609 1306 4664 si
1336 4609 1452 4665 hoc
1483 4610 1665 4666 modo
1711 4625 1831 4666 non
1875 4610 2135 4681 proﬁcis,

480 4693 786 4763 importune
817 4711 835 4748 :
862 4697 941 4752 ita
966 4696 1415 4767 intelligendum
1451 4704 1558 4764 est,
1586 4704 1666 4755 'ut
1705 4704 1766 4755 tu
1793 4700 2142 4771 opportuni-

482 4786 660 4837 tatem
680 4785 929 4841 omnino
947 4801 1067 4841 non
1093 4786 1367 4852 deseras,
1387 4793 1441 4843 et
1459 4789 1541 4843 sic
1563 4790 1821 4859 accipias
1834 4789 1999 4862 quod
2023 4790 2141 4845 dic-

480 4875 609 4927 tum
630 4877 741 4936 est,
765 4872 1088 4942 importune,
1133 4880 1194 4929 ut
1217 4875 1295 4931 illi
1317 4876 1571 4931 videaris
1593 4879 1997 4948 importunus,
2036 4880 2139 4951 qui

480 4976 602 5018 non
634 4960 885 5017 libenter
915 4964 1083 5019 audit
1108 4980 1240 5036 quae
1261 4964 1543 5021 dicuntur
1572 4966 1632 5020 in
1650 4980 1788 5021 eum
1811 4982 1824 5032 ;
1847 4972 1907 5021 tu
1940 4971 2139 5023 tamen

480 5051 634 5107 scias
665 5052 779 5108 hoc
810 5051 895 5105 illi
924 5068 1055 5108 esse
1085 5058 1513 5124 opportunum,
1546 5059 1600 5110 et
1631 5054 2013 5112 dilectionem
2040 5074 2146 5113 cu.

479 5156 732 5214 ramque
764 5141 1035 5198 sanitatis
1065 5143 1193 5214 ejus
1237 5144 1440 5199 animo
1482 5149 1682 5201 teneas
1715 5150 2051 5214 mansueto,
2085 5146 2143 5205 et

478 5231 780 5298 modesto,
812 5237 868 5288 et
894 5232 1175 5289 fraterno.
1204 5232 1360 5289 Multi
1397 5234 1556 5289 enim
1586 5238 1787 5305 postea
1809 5236 2138 5307 cogitantes

483 5335 617 5392 quis
635 5322 951 5389 audierint,
981 5327 1036 5377 et
1055 5338 1242 5395 quam
1264 5323 1432 5393 justa
1461 5324 1776 5392 audierint,
1797 5326 1906 5395 ipsi
1930 5339 1993 5379 se
2011 5340 2139 5395 gra-

483 5410 612 5464 vius
629 5416 684 5466 et
700 5412 961 5467 severius
986 5415 1345 5483 arguerunt;
1371 5417 1424 5468 et
1446 5413 1725 5485 quamvis
1749 5413 2141 5485 perturbatio-

490 5509 583 5551 res
611 5514 647 5552 a
678 5500 909 5556 medico
929 5501 1270 5557 viderentur
1293 5502 1638 5568 abscedere,
1668 5502 1954 5575 paulatim
1976 5503 2139 5559 verbi

553 5665 577 5740 ⁸.
598 5666 850 5740 λέλιῐι¹;.Ει·τι
883 5679 928 5717 et
948 5673 1226 5740 communis
1243 5673 1466 5740 periculi
1485 5674 1725 5737 cogitatio
1742 5674 1797 5723 in
1819 5674 1966 5725 corde
1987 5689 2141 5727 reser-

526 5732 661 5779 etur.
685 5726 767 5778 Sic
784 5731 945 5781 etiam
965 5734 1087 5783 Mss.
1124 5726 1469 5786 uno-tantum
1502 5726 1739 5801 excepto.

1481 209 1859 267 EPISTOLE
1896 210 1993 268 AD
2034 209 2381 278 GALA'I‘AS,
2419 213 2480 270 δ.
2517 180 2901 271 AUGUSTINI

3759 196 3905 267 2144

2243 339 2444 410 vigore
2474 339 2535 395 in
2564 336 2860 395 medullas
2891 338 3256 409 penetrante,
3285 334 3478 392 sanati
3507 337 3648 390 sunt
3683 348 3699 388 :
3739 332 3910 405 quod

2244 443 2366 484 non
2388 427 2574 497 ﬁeret,
2597 428 2645 483 si
2685 440 2921 497 semper
2950 427 3438 496 exspectaremus
3464 422 3911 495 periclitantem

2245 517 2720 588 putrescentibus
2757 514 3062 582 membris,
3094 513 3341 584 quando
3371 529 3512 569 eum
3550 512 3766 568 liberet
3808 516 3912 568 aut

2245 605 2335 660 uri
2365 606 2689 661 autsecari.
2715 604 2885 670 Qudd
2912 619 3022 659 nec
3052 602 3168 674 ipsi
3191 602 3457 674 corporis
3480 600 3697 657 medici
3724 604 3915 656 atten-

2245 694 2413 761 dunt,
2445 695 2547 767 qui
2581 700 2825 750 terrente
2843 691 3136 747 mercedis
3168 690 3385 747 intuitu
3407 695 3641 746 curant.
3672 691 3913 755 Quotus

2244 784 2404 840 enim
2415 783 2671 855 quisque
2688 782 2993 854 reperitur,
3010 781 3114 852 qui
3128 778 3345 835 ferrum
3358 794 3568 835 eorum
3582 784 3687 835 aut
3703 780 3913 849 ignem

2246 886 2368 927 non
2388 871 2604 942 ligatus
2616 875 2894 942 expertus
2908 870 2980 925 sit
3003 869 3031 925 ‘t
3052 884 3190 923 cum
3213 872 3269 923 et
3288 867 3368 923 illi
3390 868 3647 923 rariores
3670 866 3915 938 sintqui

2246 960 2511 1016 volentes
2540 960 2704 1029 ligati
2745 959 2982 1015 fuerint.
3016 957 3221 1013 Plures
3264 956 3423 1011 enim
3457 955 3823 1021 resistentes,
3859 956 3914 1010 et

2249 1051 2398 1105 mori
2426 1065 2488 1104 se
2520 1049 2695 1105 malle
2725 1048 3076 1113 clamantes,
3105 1062 3290 1119 quam
3322 1045 3421 1101 illo
3465 1046 3664 1101 curari
3698 1043 3908 1108 modo,

2248 1140 2343 1195 vix
2371 1138 2576 1210 lingua
2603 1138 2739 1210 ipsa
2753 1152 2960 1193 eorum
2980 1135 3185 1191 relicta
3202 1134 3391 1191 libera
3410 1134 3700 1190 omnibus
3724 1149 3915 1189 mem-

2247 1227 2370 1283 bris
2400 1227 2874 1283 constrinxerunt
2914 1244 2931 1297 ;
2965 1240 3160 1298 neque
3212 1224 3290 1280 ad
3327 1239 3525 1288 suum,
3578 1238 3777 1295 neque
3830 1221 3911 1277 ad

2247 1316 2610 1381 reluctantis,
2642 1315 2748 1371 sed
2771 1315 2848 1371 ad
2873 1314 3058 1386 ipsius
3090 1313 3229 1369 artis
3256 1312 3608 1369 arbitrium:
3642 1326 3911 1383 quorum

2248 1410 2449 1461 tamen
2472 1404 2719 1460 vocibus
2731 1404 3134 1476 conviciisque
3147 1402 3479 1458 dolentium
3506 1416 3617 1456 nec
3632 1415 3910 1456 commo-

2248 1500 2418 1551 vetur
2446 1494 2708 1550 curantis
2729 1495 2988 1557 animus,
3034 1508 3144 1547 nec
3180 1491 3434 1564 quiescit
3457 1506 3701 1547 manus.
3736 1488 3914 1546 Medi-

2252 1584 2399 1639 cinae
2423 1588 2625 1639 autem
2654 1582 2902 1639 cmlestis
2938 1581 3208 1652 ministri,
3242 1586 3343 1637 aut
3364 1596 3470 1653 per
3490 1579 3773 1635 odiorum
3801 1583 3921 1634 tra-

2253 1673 2388 1728 bem
2418 1688 2659 1728 cernere
2681 1671 3034 1743 stipulamin
3057 1670 3233 1726 oculo
3245 1668 3440 1726 fratris
3462 1668 3669 1725 velunt
3685 1666 3913 1738 (Matth.

2252 1777 2349 1827 vu,
2372 1762 2449 1831 3),
2502 1766 2603 1818 aut
2633 1760 2999 1817 tolerabilius
3052 1763 3305 1815 mortem
3346 1758 3545 1813 videre
3579 1755 3912 1828 peccantis,

2251 1866 2437 1923 quam
2466 1850 2715 1907 verbum
2756 1848 3125 1919 indignantis
3178 1847 3384 1905 audire
3416 1863 3429 1901 ε
3474 1846 3640 1918 quod
3675 1860 3801 1900 non
3835 1844 3917 1901 ita

2251 1941 2581 2009 accidisset,
2609 1941 2657 1995 si
2686 1946 2807 1997 tam
2831 1955 3050 1995 sanum
3078 1938 3349 1993 animum
3370 1935 3641 1991 curando
3661 1934 3914 1991 alterius

2252 2029 2455 2085 animo
2484 2028 2928 2091 adhiberemus,
2953 2042 3140 2099 quam
3168 2024 3331 2081 sanis
3362 2023 3648 2081 manibus
3678 2022 3765 2078 illi
3784 2038 3911 2079 me-

2251 2118 2367 2174 dici
2398 2117 2592 2174 aliena
2620 2117 2893 2173 membra
2924 2120 3309 2188 pertractant.

2324 2238 2410 2289 57.
2452 2236 2770 2305 Nunquam
2812 2233 3010 2304 itaque
3063 2231 3240 2287 alieni
3273 2228 3498 2301 peccati
3540 2226 3911 2300 objurgandi

2252 2322 2701 2394 suscipiendum
2723 2321 3148 2392 estnegotium,
3172 2320 3282 2375 nisi
3305 2335 3443 2375 cum
3461 2318 3713 2373 internis
3740 2317 3913 2372 inter-

2251 2411 2667 2482 rogationibus
2695 2411 3111 2466 examinantes
3141 2414 3408 2464 nostram
3454 2408 3907 2471 conscientiam,

2252 2500 2481 2572 liquido
2504 2501 2678 2555 nobis
2693 2516 2896 2555 coram
2914 2502 3029 2555 Deo
3049 2498 3561 2570 responderimus,
3599 2495 3913 2551 dilectione

2253 2605 2364 2644 nos
2396 2589 2609 2645 facere.
2628 2590 2799 2655 Quod
2822 2588 2869 2643 si
2898 2589 3257 2649 convicium,
3298 2587 3604 2649 velminze,
3627 2584 3913 2640 veletiam

2253 2678 2693 2749 persecutiones
2714 2678 2841 2748 ejus
2858 2692 3037 2749 quem
3056 2676 3343 2746 argueris,
3375 2674 3773 2730 laceraverint
3787 2674 3915 2727 ani-

2253 2782 2421 2822 mum
2446 2784 2459 2828 ;
2486 2768 2530 2821 si
2561 2766 2756 2822 adhuc
2781 2765 2876 2821 ille
2909 2781 3013 2837 per
3043 2770 3096 2821 te
3136 2763 3335 2820 sanari
3367 2778 3543 2836 posse
3592 2761 3913 2827 videbitur,

2254 2855 2399 2911 nihil
2420 2855 2788 2927 respondeas
2821 2855 3012 2910 donec
3042 2854 3268 2910 saneris
3290 2853 3489 2925 prior:
3516 2867 3588 2907 ne
3608 2850 3759 2906 forte
3791 2866 3915 2905 car-

2255 2945 2494 3001 nalibus
2517 2944 2805 3000 mortibus
2846 2944 2959 2999 tuis
2982 2943 3059 2998 ad
3100 2942 3441 2998 nocendum
3464 2940 3834 3003 consentias,
3862 2944 3916 2994 et

2256 3034 2542 3090 exhibeas
2572 3034 2841 3104 linguam
2882 3039 3049 3089 tuam
3085 3048 3259 3088 arma
3288 3032 3617 3103 iniquitatis
3664 3033 3916 3101 peccato

2257 3124 2431 3195 (Rom.
2458 3139 2528 3189 v1,
2567 3123 2651 3194 t3)
2692 3122 2768 3177 ad
2790 3122 3164 3177 reddendum
3190 3120 3417 3176 malum
3454 3135 3562 3190 pro
3595 3118 3781 3183 malo,
3815 3121 3917 3173 aut

2258 3212 2641 3268 maledictum
2674 3228 2778 3283 pro
2811 3211 3133 3268 maledicto
3159 3210 3364 3277 (lPetr.
3391 3209 3567 3280 111,9).
3604 3206 3916 3279 Quidquid

2259 3302 2417 3357 enim
2442 3302 2695 3356 lacerato
2717 3300 2920 3355 animo
2938 3299 3176 3364 dixeris,
3199 3298 3503 3371 punientis
3522 3303 3611 3353 est
3629 3297 3915 3368 impetus,

2260 3406 2380 3446 non
2411 3390 2669 3444 charitas
2694 3390 3054 3459 corrigentis.
3097 3387 3297 3459 Dilige,
3327 3394 3381 3443 et
3407 3386 3502 3441 dic
3518 3386 3686 3459 quod
3721 3385 3913 3442 voles:

2262 3478 2423 3534 nullo
2460 3479 2637 3533 modo
2666 3478 3049 3533 maledictum
3077 3477 3185 3533 erit
3209 3476 3373 3549 quod
3388 3476 3586 3547 specie
3611 3472 3919 3530 maledicti

2249 3566 2528 3630 sonuerit,
2548 3568 2595 3622 si
2623 3567 2964 3622 memineris
2980 3566 3353 3638 senserisque
3378 3570 3430 3621 te
3446 3567 3504 3619 in
3533 3563 3740 3633 gladio
3757 3561 3917 3617 verbi

2247 3656 2371 3722 Dei,
2395 3656 2776 3712 liberatorem
2806 3655 3071 3711 hominis
3105 3670 3232 3710 esse
3287 3654 3433 3709 velle
3478 3653 3555 3708 ab
3606 3651 3917 3708 obsidione

2247 3746 2546 3800 vitiorum.
2582 3745 2753 3810 Quod
2785 3744 2832 3799 si
2857 3744 3024 3810 forte,
3067 3749 3131 3799 ut
3170 3744 3524 3816 plerumque
3552 3740 3791 3807 accidit,
3829 3739 3911 3794 di-

2246 3832 2496 3889 lectione
2510 3833 2755 3906 quidem
2771 3832 2947 3888 talem
2971 3832 3229 3901 suscipis
3248 3832 3564 3897 actionem,
3597 3834 3656 3885 et
3678 3828 3759 3885 ad
3779 3843 3909 3884 eam

2249 3922 2425 3978 corde
2439 3923 2769 3978 dilectionis
2783 3922 3034 3988 accedis,
3053 3922 3152 3978 sed
3172 3923 3319 3977 inter
3332 3920 3637 3991 agendum
3665 3919 3910 3989 subrep

2249 4010 2387 4067 serit
2416 4010 2667 4082 aliquid,
2704 4010 2849 4065 dum
2880 4009 2982 4065 tibi
3015 4010 3325 4073 resistitur,
3373 4008 3536 4081 quod
3581 4014 3636 4063 te
3680 4006 3915 4063 auferat

2248 4101 2320 4156 ab
2339 4100 2598 4155 hominis
2628 4100 2765 4155 vitio
2790 4100 3190 4171 percutienda,
3234 4104 3290 4155 et
3316 4099 3428 4170 ipsi
3458 4097 3694 4153 homini
3732 4096 3914 4152 faciat

2248 4188 2568 4255 infestum;
2596 4194 2803 4259 postea
2835 4195 2886 4243 te
2904 4188 3187 4259 lacrymis
3218 4187 3523 4244 lavantem
3556 4183 3910 4255 hujusmodi

2249 4278 2573 4350 pulverem,
2622 4277 2801 4333 multo
2861 4277 3159 4333 salubrius
3211 4276 3551 4332 meminisse
3595 4273 3911 4346 oportebit,

2248 4382 2435 4438 quam
2458 4382 2576 4421 non
2603 4365 2936 4421 debeamus
2964 4381 3144 4437 super
3166 4365 3419 4422 aliorum
3445 4363 3766 4435 superbire
3786 4378 3917 4434 pec-

2250 4461 2400 4520 cata,
2418 4455 2662 4527 quando
2675 4456 2733 4509 in
2754 4456 2884 4526 ipsa
2909 4469 3117 4510 eorum
3133 4453 3550 4524 objurgatione
3565 4467 3915 4523 peccamus,

2250 4560 2387 4599 cum
2421 4544 2650 4599 facilius
2681 4560 2791 4599 nos
2821 4543 2907 4598 ira
2937 4544 3239 4615 peccantis
3273 4543 3471 4608 iratos,
3502 4556 3696 4613 quam
3740 4541 3917 4595 mise-

2248 4632 2337 4689 ria
2364 4632 2779 4688 misericordes
2802 4632 2966 4689 facit.

2321 4751 2408 4805 58.
2442 4749 2541 4820 [1b.
2586 4764 2661 4814 vn,
2694 4748 2775 4822 2.]
2807 4748 2965 4803 Alter
3011 4748 3244 4804 alterius
3283 4763 3449 4802 onera
3477 4752 3715 4819 portate,
3758 4751 3810 4801 et
3838 4747 3913 4801 sic

2249 4838 2617 4910 adimplebitis
2633 4840 2821 4909 Legem
2843 4837 3092 4893 Christi:
3116 4836 3332 4907 Legem
3359 4836 3563 4909 utique
3586 4835 3914 4891 charitatis.

2252 4929 2308 4983 Si
2335 4932 2535 4984 autem
2563 4927 2768 4999 implet
2798 4930 3007 4996 Legem
3032 4926 3129 4999 qui
3154 4926 3345 4995 diligit
3367 4924 3741 4997 proximum,
3774 4924 3917 4980 dile-

2252 5017 2487 5090 ctioque
2510 5018 2763 5088 proximi
2785 5017 3036 5072 etiamin
3067 5016 3363 5071 veteribus
3386 5013 3709 5085 Scripturis
3736 5013 3921 5069 maxi-

2254 5122 2347 5161 me
2374 5105 2832 5161 commendatur
2854 5104 3051 5176 (Levit.
3083 5120 3203 5174 xix,
3233 5104 3341 5175 t8),
3367 5104 3428 5157 in
3458 5119 3583 5175 qua
3601 5102 3919 5159 dilectione

2251 5194 2390 5250 dicit
2436 5194 2551 5250 alio
2578 5193 2704 5249 loco
2736 5193 2895 5249 idem
2917 5192 3245 5265 apostolus,
3279 5189 3657 5263 recapitulari
3714 5191 3921 5246 omnia

2250 5284 2539 5340 mandata
2578 5283 2747 5353 Legis
2792 5283 2969 5352 (Rom.
2999 5296 3119 5345 xm,
3165 5282 3216 5343 8,
3248 5281 3301 5350 9)
3332 5295 3343 5333 :
3403 5278 3802 5335 manifestum
3834 5284 3924 5335 est

2251 5373 2428 5428 etiam
2446 5372 2612 5429 illam
2629 5369 3013 5442 Scripturam,
3040 5384 3177 5441 quas
3192 5367 3373 5439 priori
3398 5366 3626 5439 populo
3641 5366 3790 5423 data
3814 5372 3921 5433 est,

2250 5461 2466 5531 Legem
2498 5459 2711 5515 Christi
2736 5474 2888 5524 esse,
2912 5473 3098 5530 quam
3132 5456 3287 5511 venit
3334 5454 3581 5526 implere
3634 5456 3926 5511 charitate

2250 5549 2469 5622 (Matth.
2505 5565 2560 5617 v,
2597 5548 2703 5619 t7),
2736 5563 2871 5620 quae
2903 5561 3023 5603 non
3048 5544 3411 5617 implebatur
3436 5543 3670 5599 timore.
3698 5544 3928 5601 Eadem

2250 5639 2427 5709 igitur
2443 5638 2746 5710 Scriptura
2760 5642 2814 5693 et
2830 5636 2986 5692 idem
3006 5634 3385 5697 mandatum,
3402 5648 3539 5688 cum
3552 5632 3733 5688 bonis
3750 5638 3931 5690 terre-

2261 5728 2355 5785 nis
2380 5727 2675 5785 inhiantes
2700 5726 2916 5800 premit
2945 5740 3167 5792 servos,
3200 5726 3642 5783 Testamentum
3702 5722 3929 5793 Vetus;
