4120 6202
223 148 372 216 sits

223 300 358 342 cum
390 286 451 340 in
466 283 623 340 bona
636 285 859 339 aeterna
880 280 1204 351 ﬂagrantes
1224 282 1394 353 erigit
1410 285 1652 357 liberos,
1680 286 1883 345 Testa-

227 379 500 430 mentum
530 375 764 428 Novum
793 376 1053 426 vocatur.

298 459 384 511 59.
417 453 526 525 [1b.
560 468 638 529 vi,
670 450 809 525 3-5.]
842 450 899 505 Si
937 452 1080 506 enim
1139 451 1362 523 aliquis,
1405 455 1615 526 inquit,
1671 456 1887 512 videtur

223 560 333 600 esse
354 542 585 614 aliquid,
618 557 737 597 cum
764 540 908 595 nihil
931 541 1022 607 sit,
1054 541 1284 613 seipsum
1313 543 1535 601 seducit.
1567 545 1692 603 Non
1722 545 1882 601 enim

223 648 363 691 eum
384 631 678 687 seducunt
699 631 1042 686 laudatores
1055 632 1205 701 ejus,
1227 631 1329 687 sed
1353 633 1480 704 ipse
1494 634 1692 705 potius
1713 652 1727 701 ;
1742 636 1886 707 quia

226 738 365 779 cum
396 720 509 776 sibi
541 722 615 775 sit
640 720 759 792 ipse
781 720 1129 791 praesentior
1149 735 1335 792 quam
1361 722 1464 788 illi,
1494 723 1797 779 mavultse
1824 724 1885 779 in

225 811 338 867 illis
355 824 641 882 querere,
658 809 914 880 quamin
942 808 1157 878 seipso.
1176 808 1290 864 Sed
1312 810 1459 882 quid
1484 811 1619 867 dicit
1641 816 1885 882 Aposto-

221 897 357 955 lus?
396 898 542 969 Opus
569 904 747 951 autem
777 912 932 951 suum
958 896 1143 967 probet
1172 899 1551 969 unusquisque,
1577 907 1625 954 et
1668 906 1792 955 tunc
1824 901 1884 955 in

223 988 393 1059 seipso
419 994 631 1042 tantum
655 985 887 1058 gloriam
908 984 1138 1050 habebit,
1169 993 1221 1041 et
1251 1003 1356 1042 non
1382 989 1440 1042 in
1462 989 1649 1059 altero,
1680 988 1739 1044 id
1770 994 1882 1054 est,

224 1078 386 1134 intus
408 1076 467 1131 in
489 1075 853 1131 conscientia
875 1090 1015 1133 sua:
1040 1080 1088 1127 et
1112 1091 1220 1129 non
1246 1076 1305 1129 in
1325 1077 1515 1144 altero,
1545 1078 1606 1133 id
1624 1083 1727 1143 est,
1742 1094 1882 1135 cum

225 1182 365 1222 eum
390 1164 537 1222 alter
556 1163 783 1220 laudat.
813 1162 1180 1234 Unusquisque
1200 1164 1341 1219 enim
1369 1165 1580 1237 inquit,
1595 1168 1884 1238 proprium

224 1272 358 1311 onus
386 1253 641 1325 portabit.
674 1253 807 1307 Non
838 1268 978 1323 ergo
1006 1251 1350 1308 laudatores
1377 1255 1559 1309 nostri
1607 1256 1887 1312 minuunt

226 1359 413 1401 onera
432 1342 804 1399 conscientiae
822 1347 1074 1397 nostrae:
1109 1347 1287 1413 atque
1309 1344 1538 1399 utinam
1561 1360 1681 1400 non
1703 1346 1883 1403 etiam

224 1430 623 1501 accumulent,
652 1446 789 1485 cum
821 1430 1174 1501 plerumque
1205 1446 1278 1485 ne
1302 1430 1417 1485 illis
1463 1431 1705 1487 offensis
1751 1432 1884 1489 laus

223 1525 435 1577 nostra
465 1520 788 1585 minuatur,
816 1522 918 1575 aut
950 1518 1367 1589 objurgatione
1393 1520 1523 1576 illos
1549 1537 1758 1577 curare
1787 1538 1887 1578 ne-

222 1609 527 1680 gligimus,
561 1614 662 1664 aut
683 1608 980 1680 jactanter
1005 1607 1089 1662 eis
1121 1607 1339 1679 aliquid
1369 1613 1638 1665 nostrum
1688 1619 1888 1667 osten-

220 1706 447 1764 tamus,
467 1698 666 1770 potius
692 1713 879 1771 quam
892 1701 1234 1753 constanter
1255 1698 1648 1753 ostendimus.
1666 1700 1885 1756 Omitto

221 1804 295 1861 ea
314 1804 449 1861 quas
478 1788 713 1858 ﬁngunt
728 1792 783 1842 et
798 1786 1247 1842 mentiunturde
1272 1802 1332 1841 se
1350 1788 1625 1843 homines
1644 1794 1887 1859 propter

219 1857 543 1934 hominum
562 1857 796 1931 laudes.
819 1876 973 1941 Quid
997 1875 1158 1931 enim
1181 1877 1296 1930 ista
1313 1876 1577 1931 caecitate
1611 1857 1887 1933 tenebro-

223 1967 372 2030 sius,
400 1966 478 2022 ad
494 1964 887 2021 obtinendam
907 1964 1326 2020 inanissimam
1345 1964 1598 2035 gloriam
1626 1981 1885 2022 errorem

218 2056 483 2112 hominis
508 2054 817 2124 aucupari,
847 2058 904 2108 et
919 2054 1104 2108 Deum
1128 2058 1335 2108 testem
1351 2055 1409 2108 in
1426 2053 1604 2109 corde
1624 2059 1887 2111 contem-

219 2160 365 2199 nere
384 2143 411 2197 ?
429 2142 611 2209 Quasi
640 2157 775 2198 vero
799 2140 916 2197 ullo
940 2139 1123 2197 modo
1151 2142 1601 2212 comparandus
1627 2144 1701 2199 sit
1721 2159 1885 2200 error

222 2232 381 2288 illius
409 2232 513 2304 qui
543 2236 597 2286 te
620 2231 850 2287 bonum
882 2234 1071 2301 putat,
1110 2229 1300 2285 errori
1343 2235 1443 2287 tuo
1496 2231 1604 2303 qui
1653 2232 1885 2288 homini

222 2323 300 2378 de
316 2320 468 2378 falso
484 2322 647 2377 bono
670 2319 902 2391 placere
922 2318 1147 2385 studes,
1171 2318 1246 2374 de
1264 2334 1404 2375 vero
1422 2319 1583 2376 malo
1602 2319 1884 2393 displices

225 2414 395 2548 D8636.
433 2487 626 2562 [1b.v1,
657 2486 734 2558 6.]
757 2488 889 2544 Jam
920 2492 1125 2545 caetera
1151 2487 1510 2560 planissima
1540 2505 1666 2546 esse
1692 2489 1887 2547 existi-

226 2596 351 2635 mo.
384 2582 533 2635 Nam
560 2584 617 2633 et
644 2577 790 2633 illud
820 2578 1105 2633 usitatum
1135 2584 1511 2649 praeceptum
1536 2584 1600 2635 ut
1620 2586 1724 2645 est,
1755 2595 1899 2652 prae-

223 2668 478 2725 dicatori
509 2666 668 2722 verbi
699 2665 803 2722 Dei
843 2666 1111 2739 praebeat
1148 2668 1508 2737 necessaria,
1566 2664 1660 2723 cui
1690 2670 1901 2740 praedi-

223 2763 415 2815 catur.
445 2756 532 2812 Ad
551 2756 711 2812 bona
722 2755 881 2811 enim
903 2771 1087 2827 opera
1107 2754 1385 2811 hortandi
1409 2772 1512 2811 era
1526 2762 1611 2825 nt,
1635 2763 1697 2813 ut
1718 2760 1898 2814 etiam

221 2846 420 2917 egenti
461 2845 685 2901 Christo
730 2845 1158 2909 ministrarent,
1205 2846 1415 2900 staturi
1460 2846 1535 2901 ad
1594 2846 1900 2903 dexteram

225 2951 369 2992 cum
399 2934 571 3003 agnis
595 2951 609 3000 ;
642 2939 705 2989 ut
733 2933 866 3006 plus
897 2934 957 2988 in
981 2934 1065 2989 eis
1095 2939 1448 3005 operaretur
1468 2934 1707 2991 dilectio
1739 2936 1900 3002 fidei,

224 3040 416 3096 quam
454 3022 622 3093 Legis
663 3027 864 3094 posset
910 3020 1106 3077 timor.
1151 3024 1353 3093 Neque
1409 3022 1523 3078 hoc
1578 3024 1901 3095 quisquam

226 3113 463 3183 majore
489 3111 705 3167 ﬁducia
729 3110 907 3167 debet
928 3110 1273 3183 praecipere,
1303 3126 1489 3182 quam
1531 3110 1633 3166 hic
1662 3118 1905 3183 aposto-

226 3201 344 3267 lus,
373 3203 477 3273 qui
498 3199 783 3256 manibus
810 3199 934 3254 suis
960 3199 1181 3255 victum
1209 3200 1541 3271 transigens
1569 3200 1715 3271 (Act.
1741 3217 1901 3267 xvm,

227 3296 260 3349 3
288 3314 300 3359 ;
335 3307 437 3357 xx,
470 3290 576 3356 34;
609 3290 628 3343 Ι
658 3289 785 3345 Cor.
815 3304 892 3356 1v,
923 3290 1027 3360 l2;
1070 3289 1091 3343 Ι
1136 3288 1312 3343 Thess.
1346 3304 1405 3355 ιι,
1437 3288 1507 3355 9;
1538 3290 1583 3344 ll
1616 3290 1789 3345 Thess.
1824 3308 1903 3357 ιιι,

227 3381 309 3453 8),
352 3381 478 3436 haec
529 3380 589 3435 in
640 3395 704 3435 se
755 3377 997 3435 nolebat
1044 3377 1193 3443 ﬁeri,
1226 3384 1289 3434 ut
1336 3379 1564 3450 majore
1618 3380 1905 3451 pondere,

229 3474 483 3544 propter
510 3484 717 3525 eorum
767 3468 962 3537 magis
1007 3466 1323 3523 utilitatem
1357 3470 1459 3540 qui
1499 3468 1630 3524 haec
1667 3470 1906 3525 exhibe-

227 3566 381 3626 rent,
421 3574 607 3631 quam
648 3561 892 3629 propter
931 3572 1139 3613 eorum
1178 3557 1402 3629 quibus
1436 3557 1781 3615 exhiberent
1810 3574 1908 3625 ea,

237 3666 303 3707 se
334 3664 579 3705 monere
600 3647 883 3704 omnibus
912 3646 1368 3702 demonstraret.

310 3731 402 3785 61.
442 3727 557 3802 [1b.
595 3744 673 3792 vi,
705 3727 879 3797 7-lO.]
910 3727 1084 3792 Quod
1108 3732 1305 3782 autem
1327 3727 1545 3783 deinde
1578 3726 1908 3799 subjungit,

256 3818 451 3875 Nolite
467 3834 676 3882 errare,
698 3818 843 3871 Deus
864 3832 969 3870 non
986 3815 1349 3871 subsannatur
1370 3833 1390 3872 :
1419 3816 1557 3887 quod
1573 3819 1719 3873 enim
1749 3818 1909 3873 semi-

249 3908 472 3963 naverit
488 3907 657 3973 homo,
680 3906 775 3961 hoc
797 3912 847 3961 et
870 3912 1060 3975 metet;
1086 3906 1243 3962 novit
1265 3906 1413 3961 inter
1432 3922 1563 3979 qua:
1578 3907 1760 3962 verba
1778 3922 1908 3979 per-

236 3996 510 4052 ditorum
540 3996 857 4051 hominum
891 3994 1186 4065 laborent,
1213 3994 1316 4066 qui
1348 3994 1790 4051 constituuntur
1842 3996 1906 4051 in

234 4084 360 4141 ﬁde
392 4100 589 4140 rerum
620 4099 829 4140 earum
856 4100 1011 4155 quas
1038 4098 1161 4139 non
1203 4083 1430 4139 vident.
1484 4082 1697 4139 Vident
1743 4085 1905 4141 enim

231 4174 696 4230 seminatiouem
719 4189 969 4243 operum
1004 4188 1273 4238 suorum,
1307 4172 1410 4227 sed
1469 4188 1726 4228 messem
1782 4188 1903 4229 non

230 4263 464 4320 vident.
502 4265 618 4319 Nec
647 4262 778 4318 talis
810 4263 895 4318 eis
929 4262 1146 4318 messis
1167 4261 1560 4333 promittitur,
1589 4262 1784 4332 qualis
1808 4261 1905 4318 hic

231 4352 411 4407 reddi
449 4350 597 4409 solet
624 4368 637 4419 ;
665 4352 811 4424 quia
834 4352 1034 4423 justus
1060 4366 1132 4406 ex
1156 4348 1275 4405 ﬁde
1306 4350 1450 4406 vivit
1472 4349 1700 4421 (Habac.
1734 4366 1791 4417 ιι,
1820 4351 1902 4423 4).

236 4440 382 4506 Quia
403 4442 507 4512 qui
540 4442 912 4507 seminaverit,
956 4438 1173 4512 inquit,
1212 4439 1272 4493 in
1303 4456 1463 4494 carne
1489 4456 1607 4504 sua,
1649 4457 1714 4495 ea:
1742 4457 1903 4496 carne

232 4536 395 4585 metet
423 4531 841 4601 corruptionem.
875 4532 991 4585 Hoc
1020 4528 1163 4585 dicit
1192 4529 1266 4584 de
1295 4529 1667 4585 amatoribus
1700 4529 1903 4603 volup-

236 4625 429 4676 tatum
458 4620 653 4689 magis
675 4635 859 4691 quam
886 4619 1006 4674 Dei.
1032 4621 1095 4673 ln
1118 4635 1295 4673 carne
1313 4618 1471 4674 enim
1498 4635 1606 4675 sua
1625 4620 1900 4686 seminat,

233 4709 341 4780 qui
368 4709 574 4764 omnia
598 4724 732 4780 quae
760 4707 916 4774 facit,
933 4707 1168 4763 etiamsi
1192 4708 1355 4764 bona
1375 4708 1709 4775 videantur,
1726 4724 1903 4781 prop-

236 4802 613 4854 tereatamen
631 4797 789 4863 facit,
816 4796 1207 4853 utcarualiter
1234 4797 1285 4851 ei
1316 4797 1467 4851 bene
1491 4798 1584 4852 sit.
1608 4798 1710 4865 Qui
1725 4806 1904 4853 autem

232 4886 584 4941 seminaverit
604 4888 660 4940 in
682 4885 909 4957 spiritu,
937 4885 999 4940 de
1022 4884 1229 4957 spiritu
1253 4891 1405 4940 metet
1424 4885 1593 4940 vitam
1615 4892 1901 4942 etei-nam.

236 4975 567 5031 Seminatio
592 4976 651 5030 in
679 4975 890 5047 spiritu
925 4980 1034 5039 est,
1064 4990 1135 5029 ex
1165 4974 1283 5029 ﬁde
1305 4990 1442 5029 cum
1468 4974 1754 5030 charitate
1783 4990 1905 5030 ser-

234 5064 362 5119 vire
396 5064 661 5135 justitite,
703 5069 760 5120 et
804 5079 926 5119 non
956 5063 1247 5119 obaudire
1293 5063 1605 5118 desideriis
1651 5064 1900 5134 peccati,

232 5154 520 5225 quamvis
531 5152 605 5207 de
620 5152 855 5208 mortali
876 5168 1053 5209 carne
1066 5150 1471 5208 existentibus.
1488 5151 1687 5208 Messis
1700 5157 1902 5207 autem

235 5242 368 5298 vitm
419 5246 655 5298 aeternae
712 5258 850 5297 cum
907 5241 1150 5297 inimica
1196 5241 1522 5297 novissima
1568 5240 1905 5296 destruetur

234 5347 420 5394 mors,
466 5336 523 5387 et
550 5330 973 5387 absorbebitur
1000 5331 1251 5386 mortale
1292 5346 1328 5386 a
1365 5330 1498 5394 vita,
1532 5334 1588 5385 et
1617 5332 1905 5402 corrupti-

234 5420 354 5477 bile
382 5421 500 5477 hoc
530 5420 737 5476 induet
765 5421 1296 5492 incorruptionem.
1331 5421 1394 5473 ln
1420 5420 1535 5474 hoc
1561 5433 1702 5489 ergo
1736 5421 1904 5477 tertio

234 5510 456 5582 gradu,
483 5525 607 5583 quo
633 5510 746 5566 sub
774 5510 965 5580 gratia
990 5525 1219 5574 sumus,
1245 5508 1614 5563 seminamus
1635 5508 1695 5563 in
1712 5507 1904 5580 lacry-

236 5600 372 5669 mis,
416 5616 557 5656 cum
598 5602 855 5657 existunt
882 5598 1179 5656 desideria
1218 5598 1291 5654 de
1328 5596 1569 5653 animali
1613 5614 1901 5670 corpore;

235 5691 461 5767 quibus
512 5705 632 5747 non
664 5690 1093 5748 consentiendo
1124 5687 1456 5757 renitimur,
1497 5686 1642 5744 utin
1672 5687 1897 5759 gaudio

1426 144 1926 218 EXPOSITIONIS
1969 161 2180 218 LIBER
2230 144 2437 221 unus.

3494 153 3647 228 2146

1989 294 2309 355 metamus,
2338 305 2476 345 cum
2514 290 2694 347 etiam
2731 290 3053 348 reformato
3078 307 3341 365 corpore,
3379 312 3451 353 ex
3484 298 3649 355 nulla.

1990 383 2157 449 parte
2176 378 2457 444 hominis,
2473 378 2593 433 ulla
2614 394 2723 434 nos
2740 380 3078 436 sollicitabit
3097 382 3365 439 molestia
3384 385 3651 443 ullumve

1995 465 2334 521 tentationis
2375 467 2723 537 periculum.
2758 471 2906 524 Nam
2946 469 3123 525 etiam
3154 471 3351 543 ipsum
3391 474 3648 530 animale

1991 569 2210 625 corpus
2230 554 2550 625 deputatur
2578 556 2638 611 in
2662 556 2908 614 semine.
2941 558 3252 615 Seminatur
3277 562 3434 617 enim
3460 579 3650 633 corpus

1990 643 2254 707 animale,
2275 643 2355 699 ait
2376 643 2494 699 alio
2520 643 2653 699 loco
2678 663 2691 712 ;
2716 652 2780 700 ut
2804 646 2882 701 ad
2907 663 3161 703 messem
3181 650 3470 720 pertineat
3489 650 3653 723 quod

1990 732 2283 804 adjunxit,
2310 740 2492 803 surget
2516 749 2708 805 corpus
2730 736 3023 805 spirituale
3049 738 3093 806 (ι
3124 740 3256 794 Cor.
3289 755 3384 805 xv,
3417 741 3502 805 26,
3532 743 3646 809 44).

1995 823 2135 877 Huic
2165 838 2306 892 ergo
2340 825 2639 879 sententiae
2665 825 2957 895 propheta
2981 827 3257 892 concinit,
3287 828 3512 893 dicens,
3543 829 3655 894 Qui

1988 912 2215 966 seminat
2248 912 2307 965 in
2340 912 2612 983 lacrymis,
2652 913 2712 967 in
2741 913 2941 985 gaudio
2976 922 3131 970 metet
3161 916 3331 987 (Psal.
3368 933 3537 986 CXXV,
3572 923 3652 989 5).

1990 1002 2140 1056 Bene
2154 1006 2355 1057 autem
2373 1003 2687 1068 seminare,
2706 1003 2766 1058 id
2799 1011 2904 1070 est,
2939 1003 3130 1076 begne
3147 1008 3403 1076 operari,
3422 1006 3655 1065 facilius

1990 1094 2099 1155 est,
2130 1105 2318 1161 quam
2348 1090 2409 1145 in
2448 1106 2518 1145 eo
2563 1106 2961 1162 perseverare.
3008 1095 3247 1150 Fructus
3299 1096 3460 1152 enim
3509 1098 3656 1154 solet

1989 1177 2261 1234 laborem
2305 1179 2599 1235 consolari
2633 1203 2644 1233 :
2680 1181 2890 1235 messis
2939 1187 3138 1237 autem
3179 1192 3382 1241 nostra
3434 1186 3496 1241 in
3536 1186 3654 1242 ﬁne

1990 1266 2349 1337 promittitur
2367 1286 2380 1336 ;
2396 1272 2451 1321 et
2466 1266 2599 1322 ideo
2617 1270 3056 1339 perseverantia
3070 1286 3224 1342 opus
3241 1279 3346 1329 est.
3368 1274 3475 1339 Qui
3494 1276 3655 1332 enim

1989 1358 2409 1426 perseveraverit
2450 1372 2609 1426 usque
2642 1357 2700 1411 in
2729 1358 2907 1427 ﬁnem,
2960 1359 3044 1413 hic
3085 1361 3264 1416 salvus
3294 1364 3397 1417 erit
3429 1366 3653 1431 (Matth.

1991 1460 2049 1514 x,
2074 1445 2196 1514 22):
2230 1450 2286 1500 et
2311 1446 2604 1516 propheta
2630 1444 2866 1511 clamat,
2898 1448 3125 1503 Sustine
3148 1449 3454 1517 Dominum,
3474 1452 3658 1506 virili-

1994 1539 2078 1587 ter
2104 1550 2200 1603 age
2225 1554 2235 1597 ς
2272 1541 2319 1588 et
2358 1534 2698 1603 confortetur
2728 1552 2819 1589 cor
2849 1542 3017 1600 tuum,
3055 1542 3103 1591 et
3130 1539 3335 1593 sustine
3364 1540 3653 1595 Dominum

1992 1621 2163 1692 (Psal.
2196 1638 2348 1690 xxv1,
2392 1624 2503 1693 14).
2538 1623 2710 1689 Quod
2740 1639 2902 1679 nunc
2940 1627 3260 1696 Apostolus
3300 1629 3399 1693 ait,
3445 1631 3654 1684 Bonum

1991 1718 2170 1766 autem
2186 1712 2465 1781 facientes,
2485 1713 2695 1784 inquit,
2728 1730 2832 1767 non
2858 1714 3197 1784 inﬁrmemur
3223 1738 3240 1775 :
3268 1719 3495 1789 proprio
3513 1718 3657 1773 enim

1993 1807 2223 1872 tempore
2274 1806 2530 1856 metemus
2586 1802 2979 1873 infatigabiles.
3030 1804 3222 1875 Itaque
3271 1806 3398 1860 dum
3454 1814 3659 1879 tempus

1991 1890 2257 1956 habemus,
2281 1906 2564 1960 operemur
2592 1889 2783 1946 bonum
2809 1892 2880 1945 ad
2899 1908 3093 1958 omnes,
3118 1896 3347 1949 maxime
3375 1905 3551 1951 autem
3581 1895 3657 1952 ad

1991 1978 2297 2035 domesticos
2352 1978 2498 2049 ﬁdei.
2560 1980 2719 2044 Quos
2775 1995 2912 2036 eum
2961 1982 3330 2039 credendum
3379 1989 3488 2050 est,
3544 1985 3662 2041 nisi

1994 2068 2355 2124 Christianos
2385 2068 2766 2140 signiﬁcare?
2806 2069 3101 2125 Omnibus
3133 2072 3292 2128 enim
3324 2074 3455 2144 pari
3480 2073 3659 2129 dilec-

1995 2158 2149 2215 tione
2178 2158 2300 2213 vita
2325 2162 2548 2213 aeterna
2588 2157 2855 2213 obtenda
2892 2163 3022 2226 est;
3063 2161 3170 2215 sed
3208 2176 3328 2217 non
3366 2162 3655 2219 omnibus

1993 2246 2205 2303 eadem
2238 2249 2491 2318 possunt
2519 2245 2780 2301 exhiberi
2810 2246 3143 2304 dilectionis
3174 2248 3392 2306 ofﬁcia.

2063 2386 2282 2459 62.[Ib.
2312 2404 2385 2454 vi,
2419 2388 2625 2454 ll-M.]
2658 2388 2880 2445 Deinde
2908 2406 3049 2446 cum
3107 2390 3432 2457 docuisset,
3467 2408 3659 2464 opera

2001 2478 2131 2549 ipsa
2141 2477 2330 2549 Legis,
2344 2494 2478 2548 quae
2503 2482 2641 2532 sunt
2658 2478 2925 2534 salubria
2936 2485 2991 2535 et
3004 2478 3082 2535 ad
3099 2481 3293 2536 bonos
3312 2497 3509 2538 mores
3524 2498 3662 2553 per-

2006 2566 2216 2631 tinent,
2240 2566 2554 2622 dilectione
2594 2567 2730 2622 ﬁdei
2755 2583 2930 2638 posse
2969 2570 3381 2625 tantummodo
3402 2571 3658 2643 impleri,

2008 2672 2129 2712 non
2161 2655 2371 2710 timore
2395 2656 2594 2713 servili
2626 2656 2809 2721 ;redit
2841 2655 2919 2712 ad
2949 2658 3094 2712 illud
3130 2661 3287 2715 unde
3318 2664 3440 2716 tota
3470 2676 3660 2718 causa

2009 2744 2226 2815 agitur.
2265 2743 2514 2809 Vidistis,
2543 2743 2754 2815 inquit,
2788 2744 3036 2815 qualibus
3063 2745 3267 2802 litteris
3292 2748 3434 2803 vobis
3462 2750 3662 2820 scripsi

2010 2850 2318 2889 manumea.
2343 2834 2602 2888 Cavetne
2632 2834 2957 2905 quisquam
2981 2836 3093 2891 sub
3124 2837 3366 2891 nomine
3390 2836 3660 2909 Epistolm

2011 2922 2141 2990 ejus
2173 2922 2334 2978 fallat
2364 2923 2661 2977 incautos.
2707 2922 2818 2987 Qui
2861 2923 3066 2988 volunt,
3117 2925 3328 2996 inquit,
3353 2926 3570 2996 placere
3597 2929 3658 2981 in

2010 3010 2256 3073 carne,hi
2267 3016 2456 3081 cogunt
2468 3026 2553 3064 vos
2568 3010 3121 3074 circumcidi,tantum
3134 3019 3195 3067 ut
3216 3015 3276 3068 in
3287 3031 3443 3070 cruce
3458 3015 3662 3072 Christi

2011 3098 2423 3171 persecutionem
2442 3115 2548 3153 non
2563 3100 2880 3168 patiantur.
2904 3101 3147 3157 Multum
3167 3105 3325 3158 enim
3345 3120 3663 3178 perseque-

2014 3188 2233 3245 bantur
2254 3188 2445 3242 Judaei
2474 3203 2575 3242 eos
2595 3188 2699 3258 qui
2726 3187 3086 3244 videbantur
3115 3191 3385 3247 deserere
3410 3197 3659 3251 traditas

2014 3276 2364 3349 hujusmodi
2394 3275 2836 3332 observationes
2866 3293 2879 3332 :
2912 3293 3065 3349 quos
3086 3279 3215 3350 ipse
3241 3296 3425 3352 quam
3449 3298 3571 3338 non
3597 3285 3664 3338 ti-

2016 3371 2173 3423 meat
2186 3366 2328 3421 satis
2339 3364 2755 3431 ostendit,cum
2771 3364 2917 3422 tales
2928 3367 3148 3423 litteras
3161 3369 3341 3425 etiam
3356 3387 3465 3427 sua
3480 3387 3666 3428 manu

2015 3456 2270 3512 scribere
2298 3454 2501 3511 voluit.
2536 3457 2714 3511 Docet
2742 3470 2882 3526 ergo
2907 3458 3181 3513 timorem
3210 3459 3411 3515 adhuc
3441 3459 3502 3515 in
3530 3461 3661 3516 istis

2015 3545 2270 3617 operari,
2305 3550 2593 3617 tanquam
2627 3545 2742 3600 sub
2762 3545 2914 3616 Lege
2945 3546 3298 3612 constitutis,
3321 3548 3425 3619 qui
3456 3549 3531 3603 ad
3556 3551 3667 3604 cir-

2017 3633 2450 3689 cumcisionem
2483 3636 2691 3689 Gentes
2718 3641 3018 3704 cogerent.
3040 3637 3219 3707 Neque
3244 3638 3389 3693 enim
3426 3638 3519 3710 qui
3543 3638 3667 3709 ξείν-

2015 3723 2235 3778 cumcisi
2262 3729 2407 3787 sunt,
2443 3722 2506 3778 hi
2530 3724 2717 3794 Legem
2745 3724 3078 3780 custodiunt.
3117 3726 3281 3782 [llam
3330 3728 3488 3783 enim
3522 3727 3663 3784 dicit

2015 3813 2468 3868 custoditionem
2503 3812 2693 3883 Legis,
2743 3829 2861 3869 non
2891 3814 3180 3881 occidere,
3214 3831 3332 3873 non
3356 3818 3665 3884 mcechari,

2015 3917 2137 3958 non
2164 3900 2381 3957 falsum
2412 3901 2822 3959 testimonium
2869 3904 3064 3959 dicere
3098 3920 3110 3971 ;
3145 3909 3200 3960 et
3232 3906 3280 3960 si
3311 3922 3433 3979 qua
3457 3907 3666 3978 hujus-

2017 3991 2181 4047 modi
2229 3990 2308 4048 ad
2339 3991 2534 4048 bonos
2560 4008 2759 4048 mores
2791 3995 3083 4065 pertinere
3110 3995 3496 4052 manifestum
3528 4002 3619 4053 est
3646 4012 3663 4056 :

2014 4097 2151 4154 qua:
2181 4080 2294 4137 nisi
2325 4082 2606 4139 charitate
2650 4087 2707 4138 et
2731 4098 2836 4153 spe
2867 4084 3168 4140 bonorum
3199 4091 3503 4157 aeternum,
3531 4102 3669 4159 quae

2016 4186 2122 4242 per
2149 4171 2323 4226 ﬁdem
2353 4171 2746 4242 accipiuntur,
2780 4172 3013 4242 impleri
3047 4189 3165 4228 non
3200 4175 3516 4244 possejam
3542 4175 3669 4229 dico

2014 4263 2145 4315 tum
2167 4265 2272 4316 est.
2293 4260 2395 4316 Sed
2406 4260 2589 4315 volunt
2608 4276 2695 4315 vos
2712 4260 3049 4327 circumcidi,
3074 4261 3287 4332 inquit,
3312 4268 3369 4317 ut
3401 4262 3461 4315 in
3489 4268 3668 4318 vestra

2012 4349 2322 4420 glorientur
2344 4349 2610 4405 carne:id
2628 4355 2735 4414 est,
2762 4354 2823 4404 ut
2846 4364 2964 4405 non
2994 4348 3191 4404 solum
3215 4365 3336 4404 non
3362 4350 3668 4421 patiantur

2017 4438 2494 4509 persecutionem
2528 4454 2564 4493 a
2588 4437 2834 4503 Judaeis,
2874 4438 2976 4509 qui
2997 4436 3161 4492 nullo
3191 4438 3372 4493 modo
3396 4438 3670 4495 ferebant

2014 4526 2442 4583 incircumcisis
2486 4527 2699 4595 Legem
2734 4525 2927 4595 prodi,
2977 4525 3083 4582 sed
3113 4525 3293 4581 etiam
3341 4526 3670 4598 glorientur

2016 4616 2176 4687 apud
2209 4632 2334 4681 eos,
2371 4614 2534 4687 quod
2551 4619 2671 4669 tam
2698 4614 2918 4670 multos
2959 4615 3292 4686 proselytos
3318 4614 3558 4672 faciunt.
3598 4616 3671 4675 Ut

2016 4706 2171 4761 enim
2188 4720 2375 4759 unum
2395 4703 2760 4775 proselytum
2784 4702 2976 4758 Judaei
3000 4704 3279 4769 facerent,
3305 4721 3467 4761 mare
3489 4710 3673 4762 etter-

2014 4809 2145 4850 ram
2159 4809 2261 4849 eos
2286 4793 2532 4847 circuire
2545 4793 2751 4857 solere,
2778 4792 3064 4849 Dominus
3084 4792 3232 4850 dixit
3255 4794 3475 4866 (Matth.
3500 4811 3668 4863 xxm,

2020 4884 2124 4954 l5).
2174 4882 2321 4939 Mihi
2348 4888 2526 4938 autem
2550 4881 2689 4937 absit
2717 4882 2954 4954 gloriari
2990 4883 3103 4939 nisi
3129 4885 3189 4939 in
3238 4900 3394 4941 cruce
3444 4885 3671 4941 Domini

2013 4974 2193 5027 nostri
2210 4973 2338 5028 Jesu
2366 4973 2600 5038 Christi,
2640 4989 2740 5043 per
2762 4990 2914 5044 quem
2944 4974 3079 5028 mihi
3103 4974 3333 5030 mundus
3368 4974 3663 5045 cruciﬁxus

2014 5069 2110 5129 est,
2142 5068 2190 5116 et
2228 5078 2319 5133 ego
2367 5061 2582 5117 mundo.
2628 5061 2866 5118 Mundus
2910 5062 3053 5117 mihi
3100 5063 3390 5133 cruciﬁxus
3420 5070 3514 5127 est,
3559 5062 3667 5130 ait,

2016 5157 2081 5208 ut
2120 5168 2214 5206 me
2247 5167 2369 5207 non
2398 5156 2589 5207 teneat
2621 5168 2634 5218 ;
2666 5159 2715 5206 et
2768 5167 2864 5223 ego
2896 5152 3119 5218 mundo,
3154 5158 3217 5207 ut
3248 5167 3384 5206 eum
3427 5167 3547 5207 non
3582 5156 3669 5207 te-

2014 5256 2194 5296 neam
2227 5255 2239 5305 ;
2270 5240 2328 5294 id
2342 5246 2452 5304 est,
2468 5246 2733 5311 utneque
2756 5241 3020 5296 mundus
3044 5240 3189 5295 mihi
3216 5254 3429 5295 nocere
3446 5242 3662 5312 possit,

2016 5344 2211 5400 neque
2236 5344 2347 5401 ego
2394 5328 2468 5383 de
2502 5328 2729 5384 mundo
2769 5328 2995 5400 aliquid
3022 5327 3284 5399 cupiam.
3306 5328 3415 5393 Qui
3464 5335 3667 5387 autem

2014 5418 2075 5473 in
2106 5432 2279 5473 cruce
2324 5416 2531 5473 Christi
2559 5416 2862 5486 gloriatur,
2894 5431 3016 5472 nou
3045 5416 3171 5471 vult
3192 5416 3427 5488 placere
3452 5418 3509 5473 in
3538 5434 3670 5476 car-

2014 5521 2118 5573 ne;
2142 5506 2285 5578 quia
2309 5506 2754 5578 persecutiones
2786 5505 3112 5562 carnalium
3142 5521 3267 5561 non
3300 5507 3482 5573 timet,
3514 5525 3668 5581 quas

2012 5597 2178 5670 prior
2208 5600 2269 5651 ut
2320 5594 2761 5665 cruciﬁgeretur
2795 5594 2888 5650 ille
2949 5594 3246 5661 sustinuit,
3302 5602 3361 5654 ut
3418 5598 3666 5672 vestigia.

2013 5702 2125 5744 sua
2165 5684 2525 5742 sectantibus
2555 5684 2846 5760 praeberet
2870 5683 3232 5759 exemplum.
