2056 3096
287 70 357 101 2147

324 137 368 164 63.
387 135 438 171 [1b.
451 143 491 170 VI,
507 136 552 167 15,
570 134 628 171 16.]
640 134 731 170 Neque
745 133 816 161 enim
825 132 995 161 circumcisio
1009 132 1117 168 aliquid

288 182 426 216 est,neque
438 180 617 216 prmputium.
630 180 732 208 Servat
740 177 872 213 usquein
885 177 975 205 ﬁnem
984 176 1066 205 illam
1074 177 1118 204 in-

288 223 498 255 differentiam.
513 232 551 253 ne
566 225 634 260 quis
649 232 718 252 eum
731 225 848 259 putaret
865 221 911 249 vel
924 221 955 249 in
969 222 1116 249 Timothei

289 269 514 297 circumcisione
528 268 666 297 simulate
675 267 789 303 aliquid
800 266 907 301 egisse,
917 266 962 294 vel
973 266 1004 294 in
1016 266 1116 301 cujus-

288 321 381 349 quam
397 322 495 349 agere,
517 314 541 341 si
557 313 631 341 forte
647 312 750 348 aliqua
766 311 832 339 talis
847 319 941 339 causa
964 311 1115 339 extitisset.

289 358 421 387 Ostendit
440 357 520 385 enim
536 365 596 385 non
616 357 716 393 ipsam
736 356 995 384 circumcisionem
1011 355 1116 383 obesse

289 402 402 438 aliquid
431 402 632 435 credentibus,
660 401 712 429 sed
729 409 814 437 spem
831 400 935 428 salutis
949 399 978 428 in
1005 399 1115 428 talibus

288 446 549 475 observationibus
575 446 779 474 constitutam.
796 445 870 473 Nam
897 447 925 472 et
943 444 973 472 in
993 444 1116 472 Actibus

286 492 498 527 Apostolorum
512 491 569 519 hoc
586 490 676 519 modo
691 490 884 518 inveniuntur
899 489 940 517 illi
963 489 1115 517 circumci-

287 536 402 564 sionem
410 535 603 572 persuadere,
612 538 642 564 ut
652 535 737 564 aliter
743 543 794 563 e0s
801 535 851 570 qui
860 542 894 562 ex
903 533 1044 562 Gentibus
1056 542 1117 562 cre-

287 580 435 613 diderant,
451 580 550 608 salvos
564 580 628 608 ﬁeri
640 582 748 616 negent
759 587 846 616 posse
853 579 926 614 (Act.
938 587 987 611 xv,
1002 579 1038 613 1).
1051 578 1115 606 Non

285 633 356 661 ergo
378 625 471 661 ipsius
499 625 611 661 operis,
628 625 680 652 sed
704 624 792 661 hujus
820 624 928 651 erroris
953 623 1115 659 perniciem

286 670 391 699 refellit
401 670 571 706 Apostolus.
578 670 669 705 Neque
679 669 850 697 circumcisio
859 676 941 704 ergo,
951 668 1113 704 atiquidest,

286 723 368 750 neque
381 715 557 750 prwputium,
578 714 623 742 sed
634 722 712 746 nova,
727 713 833 750 inquit,
849 717 986 741 creatura.
1000 714 1114 741 Novam

286 762 454 787 creaturam
461 759 533 787 dicit
539 759 631 787 vitam
638 767 749 787 novam
759 766 810 793 per
816 758 907 786 ﬁdem
913 759 926 786 J
930 766 984 785 esu
991 757 1113 785 Christi:

287 806 315 832 et
329 804 496 832 notandum
511 804 637 832 verbum
657 806 710 831 est.
729 802 849 831 Difﬁcile
864 803 944 830 enim
969 801 1115 830 inveneris

286 850 454 876 creaturam
466 848 565 876 vocari
578 848 669 876 etiam
683 856 745 879 eos,
762 848 809 875 cui
832 847 896 882 jam
918 846 1069 875 credendo
1084 846 1114 874 in

287 893 481 929 adoptionem
497 893 626 921 filiorum
642 894 796 920 venerunt.
815 892 886 919 Dicit
901 894 1001 920 tamen
1018 891 1114 919 etalio

285 937 353 966 loco
365 945 372 965 :
384 937 414 965 Si
427 946 480 973 qua
495 938 583 973 igitur
596 938 626 965 in
641 938 749 965 Christo
772 945 838 964 nova
862 940 1001 968 creatura,
1024 939 1115 963 cetera

287 983 468 1015 transierunt,
484 991 537 1010 ecce
545 983 618 1018 facta
635 985 697 1009 sunt
710 982 802 1009 omnia
814 989 882 1009 nova
895 990 905 1009 .-
918 981 1009 1009 omnia
1025 983 1114 1008 autem

286 1035 321 1056 es:
331 1028 385 1055 Deo
397 1027 432 1062 (Il
448 1027 513 1055 Cor.
529 1035 555 1060 ν,
570 1028 601 1054 Π
617 1030 642 1054 et
658 1027 710 1062 t8).
724 1027 778 1054 Ubi
793 1028 895 1054 autem
909 1026 989 1059 dicit,
1000 1026 1038 1053 Et
1054 1027 1114 1061 ipsa

284 1076 412 1100 creatura
434 1071 596 1099 liberabitur
607 1080 625 1099 α
635 1071 764 1098 servitute
788 1070 920 1098 intetirus
932 1081 944 1106 ,-
959 1072 987 1098 et
1007 1072 1114 1106 postea

286 1116 368 1150 dicit,
382 1116 444 1145 Non
458 1116 544 1144 solum
557 1119 658 1148 autem,
673 1115 718 1143 sed
729 1119 754 1143 et
766 1123 813 1143 nos
826 1115 881 1151 ipsi
893 1115 1035 1151 primitias
1049 1115 1113 1151 Spi-

286 1162 358 1189 ritus
378 1160 500 1188 habentes
517 1161 604 1197 (Rom.
629 1169 688 1194 vui,
705 1161 750 1195 2t,
766 1160 821 1196 23).
837 1160 975 1188 discernit
990 1168 1041 1188 eos
1061 1160 1112 1196 qui

285 1205 476 1234 crediderunt
501 1206 540 1234 ab
564 1205 764 1241 appellatione
786 1206 929 1233 creaturae
956 1204 1112 1241 quomodo

285 1250 409 1279 eosdem
424 1250 588 1285 aliquando
603 1250 751 1282 homines,
762 1249 926 1285 aliquando
941 1256 1001 1276 non
1017 1249 1112 1277 homi-

285 1302 339 1323 nes
353 1295 433 1322 dicit.
451 1296 523 1323 Nam
540 1294 724 1330 exprobrans
739 1293 848 1329 objecit
864 1293 1022 1321 Corinthiis
1037 1301 1112 1329 quo-

285 1340 357 1368 dam
372 1339 448 1372 loeo,
465 1338 545 1375 quod
571 1339 670 1366 adhuc
687 1338 823 1366 homines
840 1340 948 1372 essent,
976 1337 1026 1365 ubi
1051 1338 1110 1368 ait:

284 1384 381 1413 Nonne
393 1384 510 1411 homines
524 1383 598 1415 estis,
614 1386 638 1410 et
657 1382 799 1410 secundum
820 1382 951 1409 hominem
966 1382 1112 1410 ambulatis

286 1429 307 1465 (Ι
337 1428 401 1456 Cor.
427 1436 465 1463 ιιι,
480 1430 505 1460 3,
523 1428 549 1462 lt)
566 1426 580 1454 7
595 1426 752 1460 Quomodo
779 1427 919 1455 eumdem
950 1426 1111 1456 Dominum

285 1473 375 1501 etiam
391 1475 457 1508 post
476 1473 735 1504 resurrectionem,
751 1470 858 1499 alicubi
874 1478 934 1499 non
954 1470 1110 1500 hominem

286 1517 424 1553 appellat,
435 1517 511 1544 sicut
523 1516 552 1544 in
561 1516 803 1552 principiohujus
819 1515 967 1551 Epistolas,
980 1524 1049 1544 cum
1059 1516 1108 1550 ait,

284 1563 346 1590 Non
357 1561 389 1589 ab
404 1561 567 1594 hominibus,
581 1569 663 1596 neque
672 1569 722 1596 per
736 1560 878 1593 hominem,
893 1560 938 1587 sed
956 1569 1005 1596 per
1019 1561 1111 1589 Jesum

285 1605 424 1634 Christum
438 1606 540 1642 (Gatat.
557 1614 575 1638 ι,
589 1605 613 1640 1)
629 1613 636 1638 ;
650 1605 758 1633 alicubi
774 1613 835 1633 non
857 1605 1020 1638 hominem,
1035 1605 1111 1633 sicut

284 1650 334 1680 illo
348 1651 413 1680 loco
436 1650 486 1679 ubi
502 1650 553 1684 ait,
572 1650 647 1678 Unus
661 1651 733 1678 enim
752 1651 833 1683 Deus,
856 1657 926 1678 unus
940 1653 963 1677 et
979 1649 1110 1677 mediator

564 62 750 100 EPISTOL/E
769 71 816 98 AD
837 69 1012 102 GALATAS,
1034 70 1064 97 s.
1085 61 1279 98 AUGUSTINI
1301 70 1464 99 EXPOSIT.
1486 62 1594 99 LIBER
1614 66 1715 100 UNUS.

1905 72 1956 106 2m

1172 133 1225 160 Dei
1238 136 1263 160 et
1276 133 1413 161 hominum
1426 134 1501 162 homo
1510 134 1636 162 Christus
1649 134 1722 163 Iesus
1732 135 1754 170 (Ι
1770 136 1834 165 Tim.
1853 145 1880 172 ιι,
1893 141 1922 175 5).
1932 141 1959 169 Et

1171 178 1336 213 quicumque,
1349 179 1456 214 inquit,
1472 179 1540 206 hanc
1555 180 1677 215 regulam
1691 183 1831 215 sectantur,
1845 191 1960 221 ραεευρετ

1171 222 1234 250 illos
1241 226 1266 250 et
1276 223 1474 255 misericordia,
1491 227 1517 251 et
1530 231 1610 259 super
1625 224 1714 252 Israel
1727 226 1779 253 Dei
1792 234 1802 254 :
1818 226 1846 254 id
1865 231 1910 261 est,
1924 238 1961 258 eos

1171 267 1222 302 qui
1239 275 1306 295 vere
1326 267 1364 295 ad
1393 268 1539 296 visionem
1556 268 1605 296 Dei
1622 272 1834 305 praeparantur,
1850 280 1902 300 non
1924 275 1961 309 qui

1171 315 1314 340 vocantur
1326 312 1383 340 hoc
1402 312 1535 345 nomine,
1551 316 1578 340 et
1594 313 1704 341 carnali
1735 315 1861 344 cecitate
1885 317 1961 347 videre

1172 356 1331 384 Dominum
1345 356 1465 392 nolunt,
1474 356 1598 393 quando
1605 358 1731 393 gratiam
1744 359 1807 394 ejus
1820 364 1961 397 respuentes

1172 400 1250 428 servi
1266 409 1331 428 esse
1348 403 1516 437 temporum
1532 402 1666 438 cupiunt.

1205 445 1249 472 64.
1277 445 1330 481 [1b.
1350 454 1387 478 γι,
1402 445 1461 482 ιη
1473 446 1512 473 De
1538 449 1642 479 cetera,
1659 446 1763 484 inquit,
1792 448 1894 477 laborem
1906 459 1962 479 nemo

1170 489 1240 516 mihi
1252 493 1373 525 prazstet.
1384 491 1447 518 Non
1457 490 1517 518 vult
1529 498 1582 527 per
1593 491 1780 520 turbulentas
1793 495 1961 523 contentiones

1170 534 1292 562 taedium
1307 534 1363 562 sibi
1370 534 1432 562 ﬁeri
1440 535 1477 562 de
1484 543 1525 567 re,
1537 538 1683 571 quantum
1693 537 1763 565 satis
1771 540 1960 574 erat,exposita,

1171 579 1235 606 etin
1244 579 1373 615 Epistola
1381 587 1474 615 quam
1484 579 1521 607 ad
1529 581 1680 609 Romanos
1689 581 1960 619 scripsit,ethacipsa.

1169 624 1227 658 Ego
1239 624 1311 651 enim
1323 624 1449 660 stigmata
1460 624 1575 653 Domini
1588 625 1651 653 Iesu
1665 625 1770 654 Christi
1777 627 1805 653 in
1816 635 1911 663 corpore
1920 636 1961 655 meo

1168 671 1247 704 porto
1257 677 1265 696 :
1274 668 1302 696 id
1309 669 1465 701 est,habeo
1472 669 1546 697 alios
1555 669 1709 698 conﬂictus
1720 673 1748 698 et
1755 673 1903 700 certamina
1910 680 1960 699 cum

1169 720 1258 741 carne
1274 721 1352 746 mea,
1365 721 1436 749 quae
1461 713 1490 741 in
1514 714 1769 749 persecutionibus
1792 724 1863 751 quas
1877 717 1961 752 patior,

1169 765 1283 785 mecum
1291 757 1594 793 dimicant.Stigmata
1600 759 1680 787 enim
1687 759 1962 796 dicunturnotaaqua-

1168 801 1240 830 dam
1255 810 1414 838 poenarum
1428 802 1579 830 servilium
1592 811 1598 831 :
1614 804 1678 831 utsi
1693 804 1771 841 quis,
1791 804 1868 833 verbi
1878 804 1961 840 gratia,

1169 854 1273 874 servus
1284 846 1312 874 in
1324 846 1522 883 compedibus
1533 846 1622 875 fuerit
1635 851 1756 884 propter
1770 857 1883 881 noxam,
1893 849 1917 877 id
1930 852 1961 877 est

1167 891 1475 927 propterculpam,vel
1482 891 1656 927 hujusmodi
1663 892 1775 929 aliquid
1782 893 1962 929 passusfnerit,

1168 935 1309 971 stigmata
1315 935 1426 963 habere
1433 935 1550 963 dicatur
1557 944 1564 969 ;
1572 936 1674 965 etideo
1682 937 1710 964 in
1716 937 1781 973 jure
1788 938 1962 965 manumissio-

1168 980 1222 1015 nis,
1241 980 1387 1008 inferioris
1400 983 1442 1008 est
1452 980 1574 1008 ordinis.
1595 981 1678 1009 Nunc
1692 989 1762 1017 ergo
1776 982 1918 1019 Apostolus
1926 983 1962 1010 sti-

1167 1026 1269 1060 gmatu
1282 1024 1375 1052 voluit
1388 1024 1549 1060 appellare,
1568 1026 1658 1061 quasi
1671 1029 1759 1055 notas
1780 1034 1919 1063 poenarum
1934 1026 1961 1054 de

1166 1069 1422 1106 persecutionibus
1436 1077 1514 1105 quas
1529 1070 1712 1106 patiebatur.
1739 1072 1853 1107 Propter
1865 1071 1961 1107 culpam

1166 1113 1247 1142 enim
1260 1114 1474 1150 persecutionis
1498 1122 1557 1150 qua
1573 1118 1749 1151 persecutus
1762 1119 1822 1145 erat
1845 1116 1960 1144 Ecclesias

1166 1159 1280 1191 Christi,
1296 1159 1360 1187 haec
1375 1158 1431 1187 sibi
1443 1159 1563 1188 retribui
1577 1164 1773 1196 cognoverat:
1789 1162 1900 1189 sicutab
1911 1161 1958 1197 ipso

1165 1204 1291 1232 Domino
1304 1203 1416 1232 dictum
1432 1206 1477 1232 est
1492 1205 1625 1239 Ananiae,
1641 1213 1712 1233 cum
1728 1206 1806 1234 idem
1819 1206 1894 1234 illum
1903 1209 1959 1234 Ana-

1166 1249 1231 1276 nias
1243 1251 1389 1284 tanquam
1401 1252 1621 1284 persecutorem
1637 1250 1865 1279 Christianorum
1883 1250 1959 1279 formi-

1165 1293 1259 1325 daret,
1270 1294 1325 1329 Ego
1341 1293 1387 1321 illi
1395 1293 1541 1330 ostendam,
1549 1294 1727 1331 inquit,quz
1735 1300 1905 1332 oporteatcum
1914 1295 1960 1330 pati

1162 1346 1218 1373 pro
1233 1338 1338 1365 nomine
1355 1346 1408 1365 meo
1423 1338 1496 1373 (Act.
1510 1346 1551 1371 ιι,
1570 1339 1623 1375 t6).
1640 1339 1849 1368 Verumtamen
1864 1342 1959 1376 propter

1164 1382 1370 1410 remissionem
1387 1385 1583 1418 peccatorum,
1601 1384 1631 1412 in
1646 1392 1709 1420 qua
1726 1384 1881 1421 baptizatus
1902 1386 1957 1414 erat,

1164 1435 1268 1455 omnes
1284 1427 1339 1455 ilice
1356 1427 1557 1456 tribulationes
1572 1436 1633 1456 non
1649 1429 1675 1457 ei
1694 1429 1872 1457 valebantad
1885 1428 1958 1465 pemi-

1164 1472 1250 1506 ciem,
1265 1471 1316 1499 sed
1332 1472 1371 1500 ad
1385 1479 1526 1500 coronam
1539 1473 1669 1501 victorias
1686 1474 1882 1510 proﬁciebant.

1199 1517 1242 1545 65.
1259 1516 1313 1552 [lb.
1330 1524 1367 1551 v1,
1382 1516 1436 1552 18.]
1446 1516 1602 1545 Conclusio
1617 1518 1754 1554 Epistolm
1765 1521 1895 1555 tanquam
1904 1517 1957 1545 subi

1163 1561 1283 1597 scriptio
1307 1560 1468 1589 manifesta
1490 1565 1552 1595 est;
1569 1570 1640 1590 nam
1660 1566 1691 1591 et
1714 1563 1743 1591 in
1759 1563 1897 1592 nonnullis
1910 1561 1956 1590 aliis

1163 1605 1298 1641 Epistolis
1309 1613 1345 1633 ea
1360 1606 1450 1633 utitur
1466 1614 1472 1633 :
1489 1606 1587 1634 Gratia
1596 1607 1708 1635 Domini
1719 1608 1808 1636 nostri
1819 1608 1877 1636 Iesu
1891 1606 1958 1635 Chri-

1161 1650 1198 1678 sti
1211 1658 1270 1678 cum
1281 1650 1385 1686 spiritu
1399 1654 1496 1684 vestro,
1512 1651 1625 1687 fratres.
1641 1652 1742 1681 Amen.

925 2147 940 2167 ιε
