4120 6202
492 160 627 217 2151

492 284 806 342 ὸθάἱθηῐὶω
828 281 1089 337 vindicta
1110 284 1363 333 mortem
1389 277 1581 347 ipsam
1602 276 1783 348 paulo
1808 282 1943 349 post
1968 277 2026 333 in
2045 278 2142 334 via

492 351 1130 421 saturatusinvenit(l[l
1152 350 1281 419 Reg.
1308 351 1456 419 xm).
1474 350 1755 404 Jeremias
1775 365 1916 404 vero
1942 350 2142 404 adhuc

493 444 666 500 puer,
696 441 803 480 nec
820 424 1144 500 litterarum
1163 422 1518 500 doctrinam,
1544 436 1653 500 nec
1676 421 1857 500 virilis
1886 421 2141 500 pruden-

491 493 583 554 fiae
618 498 881 563 vigorem
904 493 1171 565 (quando
1199 494 1503 565 aDomino
1530 493 1751 565 missus
1774 498 1866 547 est
1891 493 2142 563 prophe-

496 570 642 637 tare)
664 565 875 622 habuit
894 563 1039 623 {sed
1055 564 1217 635 quod
1252 568 1546 634 praecepto
1565 563 1925 637 obediverat,
1960 566 2144 637 scien-

490 635 634 694 tiam
692 652 1052 709 quamnon
1093 636 1417 709 habuerat,
1487 635 1755 709 accipere
1813 636 2141 709 promeruit

491 706 944 781 Herem—1,49).
982 708 1144 781 Unde
1158 722 1299 781 ergo
1319 721 1447 781 non
1463 722 1612 760 meae
1640 706 1868 781 exiguae
1899 707 2141 781 faculta-

489 778 560 836 tis
590 778 926 852 penuriam,
953 780 1056 852 sed
1090 780 1557 852 praecipientium
1582 778 1897 852 providam
1912 778 2137 852 aspicio

489 849 918 908 auctoritatem.
939 849 1235 916 Quoniam
1260 853 1304 903 si
1324 850 1385 903 in
1409 865 1500 903 me
1518 849 1852 916 igniculum
1874 850 2137 920 aliquem

486 924 636 979 lucis
668 938 789 979 non
821 922 1153 985 crederetis,
1196 920 1359 974 nullo
1392 921 1571 974 modo
1600 920 1745 975 mihi
1782 928 1901 975 tam
1935 921 2137 990 praeci-

490 997 588 1067 pui
608 997 805 1067 operis
826 994 1204 1067 ingeniosum
1228 991 1499 1067 laborem
1518 992 1926 1067 injungeretis.
1952 993 2015 1045 In
2045 992 2135 1047 his

490 1063 1060 1121 voluminibus'talis
1091 1063 1494 1134 dispositionis
1523 1063 2046 1134 ratiointenditur,
2073 1068 2137 1118 ut

488 1139 721 1210 primus
746 1139 819 1192 de
844 1133 1447 1210 Moysi_Pentateuc_ho,
1470 1133 1772 1188 secundus
1788 1134 1863 1188 de
1881 1134 2137 1204 Prophe-

487 1207 561 1265 tis
612 1211 710 1281 (a),
764 1209 967 1281 tertius
995 1207 1080 1281 de
1122 1210 1283 1281 Novo
1322 1207 1721 1281 Testamento,
1755 1211 2131 1281 praenotetur.

384 1342 387 1345 ἰ
489 1278 695 1337 Cuncti
727 1296 865 1335 vero
894 1278 1117 1334 laboris
1152 1278 1264 1332 hoc
1304 1292 1667 1347 magnopere
1712 1278 1956 1331 intentio
1997 1293 2135 1348 pro-

489 1358 676 1418 curat,
715 1358 775 1406 ut
800 1354 859 1406 in
882 1350 1162 1419 omnibus
1184 1349 1382 1418 rebus,
1418 1349 1476 1401 in
1503 1348 1723 1419 quibus
1754 1355 1917 1403 extra
1944 1349 2134 1419 quoti-

488 1424 733 1479 dianam
766 1421 1345 1477 administrationem
1370 1419 1597 1491 aliquid
1631 1419 1854 1475 factum
1880 1419 2128 1483 videtur,

488 1510 609 1549 non
651 1511 869 1549 novam
914 1494 993 1547 ibi
1031 1495 1211 1546 Deum
1244 1492 1435 1546 facere
1470 1496 1770 1554 naturam,
1806 1492 1913 1545 sed
1940 1493 2132 1562 ipsam

488 1582 673 1636 quam
721 1567 781 1619 in
826 1564 1116 1636 principio
1147 1562 1432 1627 condidit,
1476 1562 1810 1636 gubernare
1837 1562 2132 1618 ostendat.

489 1635 773 1691 Praeterea
804 1635 981 1691 etiam
1013 1635 1073 1689 in
1105 1636 1217 1690 hoc
1246 1649 1424 1705 opere
1456 1635 1818 1698 curavimus,
1864 1639 1926 1689 ut
1966 1649 2135 1705 sepo-

551 1788 623 1847 (a)
660 1788 823 1835 Vetus
839 1785 1005 1836 codex
1030 1786 1337 1835 monasterii
1364 1785 1414 1835 S.
1436 1785 1680 1834 Audoeni
1704 1785 2136 1848 Rotomagensis,

488 1849 547 1898 de
573 1849 871 1911 Propheiia.

1227 150 1321 208 DE
1361 142 1827 207 MIRABILIBUS
1869 152 2125 209 SACRZE
2169 144 2614 216 SCRIPTUB/E,
2661 152 2725 208 s.
2768 138 3153 209 AUGUSTINI
3224 158 3229 161 '

3768 150 3914 208 2153

2255 276 2379 332 sitis
2404 276 2601 332 adhuc
2633 276 2962 346 ﬁgurarum
2987 276 3401 343 intellectibus,
3424 293 3629 333 rerum
3654 281 3898 334 tantum

2252 348 2433 421 modo
2455 354 2757 421 gestarum
2770 349 3067 421 rationem
3083 355 3138 404 et
3150 349 3422 405 ordinem
3437 365 3912 421 exponeremus.

2250 419 2544 487 Quoniam
2568 421 2625 474 in
2659 420 2752 474 his
2767 420 2911 475 locis
2937 420 3009 476 de
3024 422 3244 491 quibus
3262 419 3542 477 historica
3562 426 3911 477 narratione

2249 496 2531 562 quaedam
2572 492 2890 560 tetigimus,
2922 492 3229 563 multiplex
3256 509 3545 548 sensuum
3574 493 3915 549 intellectus

2248 563 2499 635 habetur
2532 578 2545 628 ;
2582 568 2642 635 et
2673 565 2721 617 si
2751 564 2824 618 de
2857 564 2986 635 ipso
3023 579 3128 634 per
3155 564 3392 633 singula
3428 564 3911 634 disputaremus,

2247 634 2540 707 plurimos
2562 634 2764 707 libros
2792 639 2848 689 et
2869 634 3153 707 longioris
3175 635 3441 691 laborem
3473 636 3673 707 operis
3703 635 3915 705 legen-

2248 706 2405 761 tibus
2438 705 2860 776 praeberemus.
2891 705 3006 778 Sed
3037 708 3148 762 hoc
3171 708 3470 778 praecipue
3504 705 3915 777 negligentius

2245 780 2514 832 omittere
2542 778 2763 850 idcirco
2795 776 2903 832 rati
2950 776 3185 842 sumus,
3216 776 3503 849 quoniam
3536 776 3917 850 quicumque

2244 855 2519 923 auctores
2551 849 2694 923 haec
2718 849 2852 923 loca
2881 850 3201 923 explanare
3234 858 3610 923 curaverunt,
3646 849 3916 923 mystico

2243 920 2663 989 allegoriarum
2680 920 3142 983 inlellectui,hoc
3156 920 3506 990 est,tigurali
3520 920 3910 992 expositioni,

2243 1007 2374 1062 quae
2396 992 2454 1046 in
2470 993 2559 1046 his
2582 998 2815 1062 reperta
2829 998 2935 1056 est,
2958 993 3359 1048 adhaeserunt.
3387 996 3501 1048 Hoc
3525 1000 3731 1048 autem
3748 1009 3905 1064 opus

2244 1070 2441 1117 utrum
2477 1065 2746 1131 intereat,
2782 1079 2857 1118 an
2895 1069 3152 1127 maneat,
3184 1065 3243 1118 in
3272 1070 3466 1119 vestro
3498 1065 3721 1134 pendet
3749 1065 3908 1120 arbi-

2244 1134 2375 1189 trio.
2407 1135 2496 1189 Ab
2527 1149 2649 1188 uno
2676 1135 2838 1207 enim
2863 1140 3148 1202 vestrum,
3180 1134 3376 1207 idest,
3401 1137 3668 1191 Bathano
3699 1137 3744 1204 ί,
3772 1143 3910 1207 post

2241 1212 2473 1275 patrem
2505 1206 2965 1260 Manchiuanum
3000 1211 3018 1241 ²
3044 1207 3093 1261 si
3123 1206 3269 1276 quid
3302 1206 3702 1276 intelligentiae
3735 1206 3906 1262 addi—

2241 1222 2473 1275 patrem
2505 1222 2965 1260 mancnmanum
3000 1222 3018 1241 ι
3044 1222 3093 1261 st
3170 1222 3269 1261 uia
3302 1222 3702 1276 intelligentiae
3735 1222 3902 1262 addi-

2240 1276 2321 1349 di,
2351 1277 2499 1331 etab
2520 1276 2724 1344 altero,
2760 1283 2822 1332 ut
2850 1277 3048 1342 credo,
3079 1222 3263 1332 salva
3292 1278 3410 1333 oris
3440 1278 3569 1349 ejus
3598 1279 3790 1333 vicem
3818 1278 3902 1332 la-

2238 1347 2455 1403 borum
2487 1363 2735 1403 causam
2762 1349 3021 1419 suscepi.
3052 1349 3141 1404 Ab
3170 1350 3451 1404 omnibus
3475 1347 3621 1404 vero
3652 1350 3903 1418 legenti-

2242 1421 2351 1474 bus
2379 1419 2707 1489 generatim
2736 1420 2926 1493 oratio
2958 1426 3163 1476 nostra
3180 1425 3359 1491 atque
3381 1421 3583 1493 petitio
3596 1421 3899 1493 deplorat,

2239 1496 2538 1564 quatenus
2569 1506 2640 1546 ea
2669 1507 2805 1564 quas
2823 1491 2983 1564 dicta
3009 1497 3146 1547 sunt
3175 1496 3500 1564 antequam
3523 1491 3783 1548 decursa
3805 1494 3903 1548 in-

2242 1562 2525 1633 telligant,
2557 1563 2876 1618 occasione
2906 1563 3112 1635 aliqua
3138 1578 3259 1619 non
3289 1562 3618 1621 fastidiant.

2302 1725 2315 1755 ¹
2350 1722 2720 1772 Audoenensis
2755 1723 2871 1780 Ms.,
2902 1723 3167 1772 Barbano.
3207 1722 3466 1780 Fortasse,
3500 1723 3787 1780 Baithano,

2302 1737 2315 1755 ι
2350 1737 2720 1772 Αυαοθῐιθῐιειε
2755 1737 2871 1780 ms.,
2902 1737 3167 1772 uaroano.
3207 1737 3466 1780 Fortasse.
3500 1737 3787 1780 uaurtauo,

2240 1784 2342 1834 fuit
2375 1785 2563 1850 Scotus
2589 1788 2892 1850 episcopus,
2920 1787 3065 1850 apud
3085 1785 3299 1844 Bedam,
3328 1786 3418 1835 lib.
3437 1788 3465 1835 2
3490 1787 3647 1847 Hist.,
3670 1800 3789 1850 cap.
3813 1737 3887 1834 Ἱὲ

2305 1850 2323 1879 ²
2351 1848 2487 1897 Aud.
2512 1849 2605 1897 Ms.
2624 1848 2999 1898 ’Manchianuin
3012 1888 3022 1898 .

1726 2020 2098 2115 LIBER
2152 2020 2665 2114 PRIMUS.

1846 2169 1920 2219 De
1953 2170 2125 2233 Moysi
2161 2169 2544 2221 Pentateucho.

1773 2277 2608 2312 *ψ

492 2378 714 2437 CAPUT
735 2376 1027 2434 PRIMUM.
1062 2406 1130 2417 —
1156 2372 1233 2429 De
1262 2372 1372 2428 Deo
1399 2374 1655 2429 Creatore
1689 2380 1737 2428 et
1765 2375 2143 2430 constitutione

1107 2452 1508 2501 creaturarum.

560 2523 696 2577 Cum
715 2519 1124 2591 omnipotentis
1140 2518 1239 2571 Dei
1255 2516 1476 2572 auxilio
1488 2514 1566 2591 de_
1576 2515 1935 2591 mirabilibus
1947 2531 2137 2570 rerum

488 2593 763 2663 cupimus
806 2586 1056 2663 tractare
1070 2604 1427 2663 sermonem,
1450 2586 1605 2663 unde
1620 2588 2020 2663 repetendum
2035 2603 2137 2657 ap-

486 2658 604 2718 tiu's
632 2668 688 2717 et
718 2662 1082 2716 sumendum
1113 2661 1336 2713 videtur
1357 2658 1888 2729 exordium,quam
1909 2658 1985 2712 ab
2008 2659 2136 2729 ipso

488 2750 687 2790 rerum
722 2734 994 2789 omnium
1037 2731 1329 2793 Creatore,
1363 2730 1436 2783 de
1477 2744 1598 2798 quo
1639 2745 1799 2797 saepe
1831 2728 2139 2799 Scriptura

489 2812 801 2861 attestatur
825 2805 1028 2857 dicens
1059 2818 1070 2855 :
1108 2801 1211 2865 Qui
1235 2800 1369 2871 facit
1393 2815 1584 2871 magna
1614 2806 1660 2871 et
1684 2800 2064 2855 inscrutabilia
2086 2809 2137 2855 et

490 2875 793 2939 mirabilia,
806 2889 1036 2943 quorum
1050 2878 1241 2943 nonest
1256 2886 1507 2925 numerus
1525 2870 1644 2943 (Job
1659 2887 1734 2935 ix,
1756 2873 2137 2940 tO).Quorum

486 2946 759 3003 omnium
787 2942 1146 2999 mirabilium
1162 2942 1318 2998 velut
1345 2942 1669 3012 principale
1682 2944 1991 3013 quoddam
2009 2943 2139 2998 fun-

486 3020 839 3073 damentum
871 3015 1141 3084 instituit,
1172 3015 1419 3086 quando
1450 3028 1658 3067 omnes
1688 3029 1841 3084 quas
1872 3015 2140 3071 condidit

488 3094 816 3154 creaturas,
841 3103 909 3142 ex
944 3086 1127 3141 nihilo
1149 3084 1301 3141 fecit.
1321 3084 1595 3140 Eternus
1615 3100 1757 3157 ergo
1784 3090 1839 3141 et
1868 3088 2141 3157 omnipo-

488 3165 619 3216 tens
647 3163 884 3216 Crealor
923 3174 1143 3215 rerum.
1188 3158 1377 3211 trinus
1416 3162 1473 3212 et
1511 3156 1858 3212 individuus
1903 3156 2141 3228 semper

486 3248 764 3296 manens,
802 3231 926 3285 sine
960 3230 1076 3284 ullo
1113 3229 1390 3301 potentiae
1423 3245 1546 3301 suae
1575 3228 1950 3292 detrimento,
1981 3230 2141 3301 solus

487 3304 614 3360 sine
632 3310 897 3375 tempore
909 3299 1154 3375 cunctas
1173 3299 1475 3372 praecessit
1490 3303 1796 3375 creaturas
1812 3316 1825 3353 :
1841 3316 1910 3355 ac
1928 3300 2143 3375 deinde

487 3382 551 3432 ut
564 3370 919 3431 immensam
934 3370 1263 3428 bonitatem
1279 3388 1347 3425 ac
1368 3371 1694 3441 potentiam
1709 3378 1761 3425 et
1782 3370 2144 3426 benevolen-

488 3448 812 3515 tiam,quas
827 3448 885 3500 in
899 3462 960 3499 se
975 3444 1103 3499 solo
1118 3445 1204 3515 pri
1216 3460 1282 3497 us
1298 3441 1709 3506 habuit,etiam
1725 3458 1830 3515 per
1841 3449 2144 3498 creaturas

485 3514 834 3594 ostenderet
850 3535 865 3594 ξ
884 3532 957 3594 ex
982 3514 1218 3571 informi
1242 3514 1874 3594 materia.._quam‘ipse_
1894 3515 2056 3594 prius
2077 3530 2146 3569 ex

486 3590 672 3647 nihilo
685 3589 1331 3655 condidit,cunctarum
1347 3584 1669 3640 visibilium
1681 3590 1737 3639 et
1758 3584 2145 3640 invisibilium

487 3677 709 3727 rerum,
751 3662 864 3715 hoc
895 3665 999 3723 est,
1036 3658 1404 3713 sensibilium
1421 3655 1948 3727 etinsensibilium,
1976 3657 2148 3711 intel-

490 3733 831 3789 lectualium
859 3730 1227 3786 etintellectu
1248 3730 1596 3791 carentium,
1631 3730 1856 3799 species
1887 3729 2148 3784 multifo-

490 3821 650 3859 rmes
688 3803 901 3857 divisit.
951 3801 1144 3866 Quod,
1189 3806 1248 3855 ut
1294 3800 1428 3854 libri
1477 3802 1767 3854 Geneseos
1817 3800 2146 3855 auctoritas

490 3873 827 3937 conﬁrmat,
860 3888 965 3943 per
991 3888 1096 3926 sex
1125 3871 1841 3943 dierumalternationem
1871 3871 2148 3927 effectum

491 3945 673 4000 fuisse
688 3942 1051 3998 monstratur
1067 3960 1079 4009 ;
1094 3943 1174 3997 ita
1190 3946 1251 3995 ut
1271 3943 1329 3996 in
1348 3942 1442 3996 die
1461 3949 1623 3997 sexto
1637 3949 1849 3998 cuncta
1870 3959 2150 3999 consum-

492 4030 716 4085 masse,
737 4030 873 4085 quas
887 4013 1405 4085 adinstitutionem
1424 4014 1944 4085 etinstructiouem
1979 4015 2150 4085 perti-

491 4082 1296 4149 nentcreaturm,ﬁrmissime
1310 4082 1659 4138 declaretur.
1678 4084 1934 4139 Sicenim
1952 4082 2151 4139 scribi-

493 4165 587 4216 tur
605 4174 618 4213 :
633 4158 706 4212 Et
719 4155 1102 4211 consummavit
1117 4156 1250 4209 Deus
1261 4155 1444 4209 omnia
1454 4171 1617 4225 opera
1626 4172 1726 4209 sua
1743 4156 1799 4209 in
1814 4156 1905 4210 die
1913 4164 2079 4221 sexto,
2104 4161 2152 4210 et

494 4229 768 4287 benedixit
786 4228 922 4283 diem
947 4227 1256 4298 septimum,
1287 4225 1425 4297 quod
1438 4228 1496 4280 iu
1510 4228 1622 4296 ipso
1633 4228 1896 4297 requievit
1908 4227 1972 4280 ab
1984 4245 2063 4283 om
2072 4228 2153 4281 ni-

494 4302 589 4358 bus
616 4319 728 4372 opei
746 4300 863 4355 ibus
909 4299 1021 4354 suis
1065 4298 1220 4370 (Gen.
1268 4314 1325 4372 μ,
1368 4301 1443 4365 2).
1468 4300 1569 4372 AEx
1611 4314 1733 4370 quo
1788 4298 2150 4372 intelligitur,

491 4368 679 4430 Deum
712 4374 774 4427 in
800 4372 894 4443 die
921 4368 1086 4426 sexto
1123 4369 1327 4443 omnia
1351 4368 1690 4443 perfecisse,
1724 4373 1785 4423 ut
1819 4371 1877 4423 in
1908 4371 2002 4425 die
2024 4386 2152 4443 sep-

490 4447 641 4501 timo
670 4460 791 4499 non
820 4462 853 4499 a
874 4442 1102 4507 labore,
1132 4442 1236 4496 sed
1266 4441 1344 4496 ab
1369 4457 1546 4511 opere
1572 4441 1841 4496 videatur
1865 4441 2152 4497 cessasse.

495 4518 607 4573 Sed
626 4516 799 4587 quod
822 4516 1110 4569 Dominus
1136 4513 1548 4587 Jesus_Judaeis
1590 4513 1663 4567 de
1690 4512 1924 4567 sabbati
1950 4516 2153 4587 requie

492 4584 901 4661 qumfentibus
934 4586 1262 4661 respondit,
1286 4585 1454 4661 Pater
1475 4601 1631 4661 meus
1660 4600 1824 4655 usque
1854 4584 2002 4661 modo
2029 4602 2151 4661 ope-

492 4656 677 4727 ratur,
710 4666 759 4713 et
787 4675 877 4728 ego
900 4674 1094 4728 operor
1124 4658 1302 4726 (Joan.
1333 4673 1389 4721 v,
1417 4656 1507 4727 17)
1538 4672 1550 4721 ;
1577 4656 1743 4710 illum
1775 4656 2016 4727 quidem
2058 4657 2152 4712 die

495 4737 660 4784 sexto
698 4733 916 4784 cuncta
953 4728 1266 4799 perfecisse
1307 4733 1362 4782 et
1398 4728 1457 4781 in
1501 4729 1748 4798 septimo
1794 4728 2152 4798 requievisse

494 4802 817 4863 credimus,
850 4804 908 4854 et
939 4816 1125 4869 usque
1156 4800 1336 4854 modo
1362 4800 1595 4869 operari
1628 4814 1747 4853 non
1779 4799 2147 4854 dubitamus.

496 4816 817 4863 credimus,
850 4816 908 4854 et
939 4817 1005 4854 us
1055 4816 1125 4853 ue
1156 4816 1336 4854 moao
1362 4816 1595 4869 operari
1628 4816 1747 4853 non
1779 4816 2147 4854 dubitamus.

496 4871 609 4929 Sed
640 4816 1158 4942 quemadmogum
1190 4876 1327 4942 tunc
1372 4885 1852 4942 consummasse,
1894 4874 1951 4925 et
1992 4886 2153 4927 nunc

494 4940 929 5016 operariidem
957 4942 1111 4996 Deus
1142 4940 1503 5009 intelligitur,
1533 4940 1808 4994 subtilius
1840 4943 2153 5016 investiga-

493 5012 607 5073 tur.
622 5020 681 5071 ln
696 5012 793 5069 die
805 5014 965 5068 enim
979 5018 1146 5067 sexto
1160 5016 1717 5083 creaturaa,naturas
1733 5012 2151 5083 perfecit,quas

493 5089 830 5158 gubernare
852 5085 1029 5139 etiam
1054 5098 1213 5137 nunc
1234 5098 1353 5158 non
1368 5083 1607 5158 desinit.
1624 5085 1685 5136 Et
1703 5082 1761 5136 in
1784 5082 1878 5137 die
1898 5082 2150 5155 septimo

490 5153 784 5232 requievit
812 5158 885 5232 ab
917 5170 1095 5228 Opere
1118 5153 1451 5232 creation_is,
1479 5154 1581 5225 qui
1611 5170 1925 5226 nunquam
1957 5153 2152 5211 cessat

493 5244 528 5287 a
561 5225 1009 5297 glaubernationis
1035 5227 1337 5299 regimine.
1365 5225 1529 5299 '_I‘unc
1555 5242 1696 5298 ergo
1718 5232 1965 5299 creator,
1992 5243 2150 5282 nunc

494 5304 857 5373 gubernator
873 5302 1026 5373 Deus
1045 5297 1464 5373 intelligendus
1481 5303 1596 5373 est:
1615 5297 1686 5373 ac
1706 5297 1928 5373 perhoc
1945 5299 2152 5354 etiam-

497 5368 545 5428 si
579 5376 712 5430 novi
744 5373 971 5445 aliquid
1002 5372 1063 5428 in
1095 5369 1378 5427 creaturis
1419 5368 1632 5445 exoriri
1663 5368 1991 5445 videamus,
2029 5386 2149 5426 non

494 5459 694 5501 creare
716 5446 794 5500 ibi
822 5441 1043 5500 novam
1068 5450 1367 5507 naturam,
1390 5442 1491 5496 sed
1512 5441 1845 5510 gubernare
1866 5441 2008 5497 olim
2028 5458 2150 5497 cre-

495 5519 655 5586 atam
690 5519 840 5570 Deus
867 5516 1171 5586 putandus
1201 5519 1306 5569 est.
1332 5515 1454 5586 Sed
1477 5514 1557 5586 ita
1591 5519 1799 5586 potens
1829 5518 1917 5586 est
1947 5513 2005 5567 in
2040 5529 2151 5584 gu-

494 5584 844 5641 bernatione
860 5584 1143 5642 creaturae
1157 5586 1258 5658 qui
1282 5584 1565 5658 condidit,
1591 5584 1653 5658 ut
1680 5584 1850 5658 veluti
1871 5590 2147 5641 naturam

494 5662 719 5716 novatn
749 5672 949 5713 creare
972 5655 1266 5725 videatur,
1298 5673 1437 5713 cum
1463 5657 1542 5714 ab
1572 5655 1789 5714 abditis
1811 5660 2038 5713 natura:
2075 5657 2146 5713 sic

2251 2374 2448 2437 nibus,
2492 2374 2649 2444 quod
2700 2373 2761 2429 in
2809 2372 2909 2430 illa
2953 2373 3196 2440 latebat,
3241 2374 3559 2445 depromit.
3611 2373 3716 2431 Illa
3760 2376 3907 2445 igitu

2250 2447 2532 2501 inusitata
2552 2446 3006 2515 gubernatione,
3031 2462 3168 2517 cum
3195 2462 3286 2501 res
3303 2461 3409 2517 per
3439 2446 3807 2517 voluntatem
3830 2461 3906 2517 po

2248 2520 2491 2597 tentiam
2514 2510 2925 2597 gubernatoris
2942 2510 3920 2597 ostendunLqupdpereﬂicaciam

2245 2588 2610 2661 quotidianus
2638 2589 3173 2644 administrationis
3202 2604 3331 2661 non
3356 2588 3704 2661 faciunt,in
3733 2590 3922 2661 Scrip-

2248 2659 2390 2715 t’uris
2421 2659 2717 2716 mirabilia
2741 2666 3166 2716 memorantur.
3192 2660 3305 2715 Sed
3331 2660 3477 2714 dum
3515 2660 3591 2713 de
3617 2660 3709 2714 his
3745 2659 3922 2715 mira-

2245 2731 2467 2803 bilibus
2510 2730 2683 2785 latius
2728 2733 3139 2803 postmodum,
3169 2731 3416 2803 quando
3442 2731 3514 2785 ad
3547 2746 3754 2786 eorum
3788 2730 3923 2787 loca

2246 2801 2609 2870 venerimus,
2629 2801 3153 2869 disseremus;hoc
3184 2801 3372 2857 fixum
3412 2804 3645 2857 interim
3688 2818 3925 2873 perma-

2250 2880 2405 2938 neat,
2429 2874 2590 2944 quod
2614 2875 3046 2929 consummatis
3069 2881 3419 2930 naturarum
3432 2874 3925 2942 creationibus,in

2249 2946 2343 3000 die
2374 2944 2628 3015 septimo
2664 2949 2814 3001 Deus
2846 2947 2924 3000 ab
2955 2961 3131 3015 opere
3175 2960 3284 3001 suo
3315 2947 3621 3016 requievit,
3663 2951 3721 3000 et
3760 2962 3922 3001 nunc

2250 3017 2636 3088 postmodum
2670 3033 2775 3088 per
2812 3032 3023 3072 omnes
3055 3022 3292 3088 tempus
3336 3033 3372 3071 a
3415 3021 3699 3071 creaturae
3740 3017 3925 3074 totius

2251 3088 2688 3160 gubernatione
2711 3104 2830 3144 non
2849 3095 3063 3143 cessat.
3091 3088 3209 3143 Sed
3225 3088 3512 3160 quamvis
3532 3103 3638 3159 per
3671 3103 3780 3143 sex
3806 3093 3925 3144 die-

2251 3176 2385 3214 rum
2416 3159 2871 3215 alternationem
2911 3160 3111 3215 omnis
3142 3159 3409 3215 instituta
3438 3159 3617 3214 fuisse
3645 3166 3923 3216 creatura

2254 3230 2591 3303 perhibetur
2618 3247 2632 3296 ;
2668 3246 2787 3286 non
2829 3231 3180 3303 tamenheec
3210 3230 3442 3303 dierum
3474 3230 3786 3303 almrnatio
3820 3247 3924 3302 per

2254 3301 2519 3374 spatium
2560 3303 2843 3373 temporis
2874 3302 3215 3372 intelligitur
3247 3318 3261 3356 :
3296 3302 3401 3356 sed
3432 3303 3493 3374 in
3524 3301 3618 3357 his
3663 3301 3921 3373 operum

2255 3372 2593 3428 vicissitudo
2616 3372 2973 3430 declaratur.
2992 3377 3129 3429 Post
3149 3389 3410 3444 namque
3434 3372 3693 3428 historiae
3716 3372 3924 3430 narra-

2256 3450 2345 3499 tor
2365 3444 2563 3517 divisit
2584 3445 2643 3517 in
2659 3444 3137 3517 sermone,quod
3152 3448 3304 3500 Deus
3328 3459 3448 3500 non
3470 3444 3671 3499 divisit
3692 3444 3753 3499 in
3780 3461 3920 3517 ope-

2255 3518 2333 3570 ris
2364 3515 2744 3586 perfectione.
2782 3516 2967 3572 Simul
2990 3515 3176 3571 'enim
3205 3521 3423 3572 cuncta
3450 3531 3587 3587 quas
3625 3515 3917 3583 condidit,

2258 3587 2422 3659 Deus,
2456 3588 2675 3659 creavit
2714 3587 2917 3659 (Eccli.
2963 3603 3122 3653 xvui,
3154 3588 3229 3658 1),
3259 3587 3405 3642 dum
3453 3603 3571 3643 una
3613 3587 3919 3659 voluntate

2257 3657 2642 3729 multiplicem
2662 3657 2931 3713 omnium
2947 3657 3279 3729 specierum
3294 3659 3639 3714 varietatem
3654 3658 3779 3715 fieri
3804 3660 3921 3714 dis-

2260 3731 2551 3801 posuit,in
2573 3746 2695 3856 qua
2722 3731 3017 3786 voluntate
3040 3747 3160 3787 una
3180 3731 3386 3786 omnia
3408 3730 3589 3785 simul
3615 3731 3744 3786 sine
3782 3737 3919 3786 tem-

2260 3817 2403 3856 pore
2429 3817 2558 3856 esse
2611 3802 2741 3856 ecit.
2771 3818 2907 3856 aute
2938 3801 3015 3856 ab
3046 3803 3178 3856 inso
3215 3807 3347 3856 ortu
3380 3817 3492 3856 suo
3533 3816 3640 3856 ner
3683 3808 3918 3856 tempus

2259 3817 2403 3874 pore
2429 3817 2558 3856 esse
2589 3801 2741 3867 fecit,
2771 3818 2907 3873 quae
2938 3801 3015 3874 ab
3046 3803 3178 3873 ipso
3215 3807 3347 3857 ortu
3380 3817 3492 3857 suo
3533 3816 3640 3873 per
3683 3808 3918 3874 tempus

2258 3873 2606 3929 disnensare
2641 3888 2764 3928 non
2793 3873 3025 3929 desinit.

2261 3943 2485 4000 CAPUT
2514 3945 2579 3998 ll.
2612 3975 2680 3985 —
2716 3946 2797 4000 De
2826 3943 3241 3999 rationabilium
3276 3951 3608 4000 naturan
3652 3944 3919 4000 dissimili

3005 4022 3196 4071 eccato.

3005 4032 3196 4071 eccam.

2334 4086 2395 4140 In
2410 4086 2520 4141 hac
2534 4101 2674 4155 ergo
2687 4102 2886 4141 rerum
2901 4032 3174 4142 orgnium
3189 4086 3531 4142 conditione
3544 4086 3741 4157 primo
3757 4086 3918 4158 spiri-

2262 4158 2437 4213 tualis
2464 4166 2737 4213 creatura
2758 4159 3075 4214 invisibilis
3103 4158 3468 4227 originaliter
3499 4158 3815 4228 processit.
3851 4160 3915 4213 Et

2263 4228 2477 4284 deinde
2501 4245 2573 4285 ne
2599 4230 2762 4301 quod
2786 4231 3027 4285 interius
3049 4236 3194 4294 erat,
3213 4230 3324 4301 hoc
3346 4229 3604 4284 exterius
3625 4245 3747 4301 non
3762 4234 3919 4285 esset

2264 4301 2323 4356 in
2354 4301 2450 4373 Dei
2493 4300 2791 4372 operibus,
2824 4301 3004 4357 etiam
3035 4300 3359 4373 corporalis
3390 4306 3445 4356 et
3476 4300 3727 4373 visibilis
3761 4316 3920 4357 crea-

2265 4378 2396 4427 tura
2416 4371 2765 4442 ﬁericmpit:
2792 4374 2996 4444 inqua
3014 4371 3214 4444 utique
3239 4372 3547 4443 principali
3569 4388 3772 4427 rerum
3794 4374 3919 4428 uni-

2264 4460 2571 4498 versarum
2604 4443 2987 4515 generalique
3029 4443 3341 4512 divisione,
3388 4444 3541 4499 duas
3573 4444 3915 4509 rationales,

2263 4530 2447 4569 unam
2497 4515 2555 4570 in
2587 4515 2894 4586 spirituali,
2930 4515 3180 4570 alteram
3234 4516 3290 4586 in
3325 4515 3618 4586 corporali
3662 4516 3918 4570 instituit

2265 4593 2490 4640 creator
2521 4584 2786 4651 naturas,
2810 4588 3171 4656 Angelorum
3203 4584 3472 4641 videlicet
3494 4592 3551 4641 et
3572 4587 3915 4651 hominum,

2262 4656 2503 4728 quibus,
2533 4662 2708 4728 prout
2732 4663 3079 4714 naturarum
3106 4656 3443 4712 differentia
3462 4659 3705 4728 expetit,
3739 4660 3917 4713 etiam

2263 4727 2702 4783 habitatidnum
2730 4728 2863 4785 loca
2914 4729 3199 4784 distinxit.
3233 4728 3461 4783 Caelum
3507 4727 3773 4799 namque
3804 4732 3915 4784 An-

2264 4800 2431 4868 gelis,
2450 4806 2670 4854 terram
2693 4800 3040 4855 hominibus
3056 4799 3447 4855 habitandam
3463 4799 3759 4870 praestitit.
3785 4800 3915 4865 Qui-

2262 4871 2375 4926 bus
2407 4871 2702 4943 institutis,
2734 4874 3045 4943 utriusque
3072 4878 3297 4927 natura;
3338 4877 3679 4943 peccatum,
3731 4877 3919 4941 Ange-

2261 4943 2456 4998 lorum
2471 4942 2689 4997 scilicet
2701 4948 2755 4998 et
2772 4942 3088 4998 hominum
3102 4942 3628 5013 consequitur.Sed
3645 4944 3917 4999 mandati

2264 5015 2655 5095 transgressio
2680 5030 2817 5095 quae
2839 5013 2897 5069 in
2915 5014 3257 5095 hominibus
3288 5013 3445 5095 facta
3466 5019 3615 5079 erat,
3644 5014 3782 5070 libri
3810 5014 3918 5069 Geo

2262 5101 2470 5141 neseos
2500 5085 2747 5141 historia
2803 5092 3097 5141 narratur.
3153 5086 3551 5151 Quaestionem
3611 5102 3755 5142 vero
3796 5101 3918 5141 non

2260 5157 2575 5212 minimam
2608 5157 2975 5212 intuentibus
3006 5163 3263 5227 praestat,
3296 5172 3416 5228 qua
3444 5172 3630 5212 causa
3663 5156 3920 5228 Angelo-

2261 5245 2393 5283 rum
2408 5229 2685 5283 delictum
2701 5229 3014 5299 Scripturm
3032 5228 3401 5295 testimoniis,
3417 5228 3675 5299 qualiter
3688 5228 3914 5283 factum

2260 5306 2367 5365 est,
2399 5301 2691 5355 reticetur.
2716 5300 3000 5365 Quamvis
3015 5316 3278 5371 namque
3301 5300 3416 5353 sub
3435 5314 3703 5424 persona
3728 5300 3919 5371 Baby-

2260 5370 2433 5424 lonici
2461 5370 2616 5424 regis
2640 5371 2798 5424 illius
2817 5371 3099 5424 angelicae
3127 5371 3311 5424 ruinae
3332 5387 3430 5424 ver
3478 5386 3512 5424 a
3534 5386 3641 5424 ner
3659 5370 3919 5424 nronhe-

2258 5370 2433 5427 ionici
2461 5370 2616 5439 regis
2640 5371 2798 5425 illius
2817 5371 3099 5443 angelicae
3127 5370 3315 5443 ruinm
3332 5370 3512 5443 verba
3534 5386 3641 5441 per
3659 5370 3920 5442 prophe-

2261 5448 2383 5498 tam
2414 5442 2802 5511 declarentur,
2834 5441 3131 5498 dicentem
3168 5460 3179 5498 :
3208 5441 3406 5497 Sedabo
3432 5442 3491 5495 in
3520 5441 3702 5498 monte
3738 5441 3917 5497 Τέειαο

2258 5514 2446 5581 menti,
2479 5514 2538 5567 in
2577 5514 2838 5568 lateribus
2861 5514 3132 5585 aquilonis
3161 5534 3180 5571 :
3210 5513 3493 5568 ascendam
3523 5530 3691 5584 super
3716 5514 3925 5569 altitu-

2259 5587 2436 5639 dinem
2450 5585 2688 5651 nubium,
2705 5592 2753 5639 et
2765 5584 3038 5656 aediﬁcabo
3052 5586 3304 5640 thronum
3317 5601 3484 5639 meum
3498 5584 3916 5656 adraquilonem,

2259 5664 2311 5714 et
2338 5673 2429 5711 ero
2460 5657 2659 5713 similis
2697 5654 2977 5713 Altissimo
3008 5656 3165 5731 (Isai.
3198 5672 3321 5723 xxv,
3373 5659 3455 5724 l3,
3500 5654 3588 5729 14)
3625 5654 3643 5721 Ξ
3673 5657 3802 5714 hac
3841 5657 3924 5715 de
