4120 6202
247 192 390 254 2153

243 336 386 392 rege
403 320 727 395 Babylonis
744 319 1047 395 historica
1064 320 1432 395 expositione
1454 320 1733 395 facillime
1764 339 1901 395 pos-

248 391 665 461 suntintelligi,
698 392 811 447 nisi
839 391 986 463 forte
1016 391 1253 463 ﬁgurali
1275 394 1649 463 expositione
1678 394 1754 449 de
1767 391 1902 451 'cor-

244 480 391 537 pore
430 465 511 537 ad
540 469 720 534 caput
768 462 948 518 verba
1002 462 1108 535 per
1138 462 1486 537 allegoriam
1535 466 1901 537 transferan-

245 536 360 591 tur.
389 536 555 591 Unde
584 537 718 590 loco
758 542 1070 607 assumpta
1090 537 1346 607 quaestio
1376 537 1435 590 in
1474 536 1589 591 hoc
1619 536 1752 593 loco
1781 554 1901 594 non

242 606 767 674 dissolvitur,dum
780 605 1156 679 historialiter
1168 608 1226 661 in
1240 608 1371 679 ipso
1386 609 1706 678 Evangelio
1719 625 1905 667 causa

242 681 435 734 ruinae
467 684 524 734 et
568 678 863 734 sententia
892 684 948 733 et
980 680 1241 734 vindicta
1264 678 1399 734 non
1430 680 1898 736 mauisfestatur.

241 750 367 806 Nisi
380 751 549 823 forte,
565 749 832 823 utcmteri
846 748 1207 823 existimant,
1222 751 1508 821 originale
1523 751 1675 805 illius
1693 768 1900 823 pecca-

242 829 373 878 tum
405 822 460 876 in
496 821 840 876 seductione
863 822 1126 877 hominis
1156 838 1252 892 per
1272 827 1608 893 serpentem
1640 821 1768 878 esse
1797 824 1902 878 ali-

241 895 379 965 quis
393 893 579 959 dicat;
598 895 702 965 per
718 908 903 965 quam
917 895 1342 948 etseutentiam
1358 894 1897 949 animadversionis

241 964 576 1036 acceperat,
596 964 827 1036 dicente
846 964 1117 1033 Domino,
1132 965 1449 1020 Maledictus
1476 972 1534 1019 tu
1556 968 1703 1019 inter
1714 967 1898 1021 omnia

237 1035 551 1091 animantia
574 1042 622 1090 et
649 1035 1040 1107 bestiasiterrae
1068 1053 1270 1107 ;super
1288 1044 1480 1107 pertus
1504 1043 1652 1091 tuum
1679 1038 1899 1107 gradie-

239 1108 339 1173 ris,
370 1113 419 1162 et
450 1116 653 1162 terram
687 1106 920 1180 comedes
940 1106 1183 1162 omnibus
1220 1106 1403 1162 diebus
1432 1108 1561 1163 vitae
1588 1106 1695 1163 tuae
1726 1108 1885 1180 (Gen.

242 1196 323 1245 ιιι,
358 1181 445 1250 lli)
472 1198 485 1245 ;
520 1180 626 1233 sed
645 1178 801 1251 absit
827 1179 960 1243 hoc,
991 1187 1049 1233 ut
1075 1180 1403 1235 sentiamus
1422 1180 1705 1248 angelum
1724 1178 1896 1251 posse

241 1251 494 1306 suadere
520 1250 747 1305 homini
783 1254 1093 1320 peccatum
1135 1251 1193 1306 in
1225 1257 1397 1315 terra,
1429 1252 1541 1322 nisi
1577 1250 1739 1321 prius
1767 1253 1894 1322 ipse

240 1323 588 1393 peccaretin
603 1322 774 1387 caelo,
806 1322 1039 1393 dicente
1065 1322 1335 1386 Domino,
1352 1321 1739 1390 Vidisatanam
1759 1321 1895 1377 sicut

236 1392 432 1465 fulgur
454 1392 517 1447 de
548 1394 678 1449 caelo
701 1394 973 1465 cadentem
993 1392 1154 1465 (Luc.
1187 1410 1242 1457 x,
1270 1393 1363 1465 718)
1398 1409 1411 1459 ;
1433 1394 1588 1447 unde
1610 1394 1767 1448 enim
1793 1410 1895 1465 po-

240 1464 453 1521 tuisset
482 1470 536 1520 et
557 1467 678 1535 ipse
708 1464 971 1519 invidere
986 1464 1243 1519 felicitati
1269 1464 1567 1529 humanas,
1592 1465 1704 1519 nisi
1730 1468 1893 1535 prius

238 1537 539 1592 amisisset
562 1535 993 1592 beatitudinem
1019 1536 1324 1606 propriam
1343 1535 1370 1588 ‘I
1396 1538 1521 1590 Non
1536 1538 1731 1591 solum
1749 1552 1892 1606 ergo

236 1613 553 1679 peccatum
574 1607 836 1679 hominis
859 1608 1233 1679 praecessisse
1264 1606 1560 1679 diabolica
1583 1608 1754 1663 ruina
1771 1624 1890 1663 cre-

236 1676 443 1735 danda
454 1676 871 1743 est,sedetiam
882 1676 1301 1748 perfectionem
1321 1677 1480 1732 illam
1495 1685 1892 1734 creaturarum

235 1767 378 1822 quae
416 1752 474 1806 in
504 1750 599 1805 die
638 1750 989 1822 sextaifacla
1019 1755 1107 1804 est
1148 1766 1160 1815 ;
1202 1750 1277 1822 de
1306 1750 1670 1822 damnandis
1700 1751 1759 1804 in
1791 1766 1893 1805 no-

235 1820 485 1877 vissimo
516 1822 611 1876 die
650 1820 907 1877 Domino
938 1820 1381 1891 pronuntiante,
1420 1820 1689 1875 Discedite
1726 1838 1757 1875 a
1791 1838 1887 1884 me,

232 1893 530 1956 maledicti,
566 1894 622 1947 in
664 1894 837 1963 ignem
866 1899 1151 1955 aeternum,
1182 1909 1333 1963 quem
1353 1892 1694 1962 prmparavit
1724 1892 1892 1947 Pater

234 1982 387 2020 meus
409 1963 618 2018 diabolo
638 1970 687 2017 et
716 1964 921 2034 angelis
947 1964 1067 2034 ejus
1093 1964 1312 2034 (Matth.
1344 1979 1481 2027 xxv,
1508 1966 1617 2031 41).
1637 1965 1889 2028 Quando

236 2051 381 2104 ergo
412 2033 904 2106 praeparatus’est
931 2033 1024 2106 ille
1072 2033 1250 2106 ignis,
1286 2036 1399 2089 nisi
1428 2036 1487 2089 in
1530 2035 1889 2105 perfectione

234 2105 643 2163 creaturarum
676 2107 949 2162 omnium
960 2105 989 2157 ‘I
1000 2106 1118 2160 Nisi
1144 2105 1290 2161 forte
1302 2107 1498 2161 dicam
1509 2124 1575 2160 us
1589 2112 1722 2177 post
1740 2107 1887 2161 sexti

234 2180 355 2233 diei
403 2178 828 2250 perfectionem
874 2180 1057 2250 Deum
1108 2177 1342 2250 aliquid
1381 2193 1660 2233 creasse:
1722 2178 1888 2249 quod

232 2249 416 2314 absit,
442 2249 885 2305 nemendacem
916 2249 1299 2318 Scripturam,
1332 2249 1454 2303 imo
1486 2250 1887 2320 nosmetipsos

232 2321 546 2377 faciamus.
580 2321 685 2377 Cui
712 2336 822 2392 ego
851 2335 1060 2392 carcer
1082 2320 1141 2375 in
1184 2320 1284 2375 illa
1314 2326 1723 2376 creaturarum
1748 2336 1885 2375 con-

230 2393 456 2449 ditione
474 2390 847 2464 prmparatus
868 2390 1162 2464 est,illius
1190 2398 1501 2463 peccatum
1525 2393 1889 2461 originaliter

228 2464 364 2520 illas
384 2463 685 2521 creaturas
717 2463 1045 2533 prmcessit.
1076 2464 1392 2528 Quoniam,
1412 2465 1782 2533 utScriptura
1802 2464 1884 2517 in-

230 2537 377 2608 quit,
408 2538 527 2606 Ipse
555 2535 621 2589 ab
643 2534 809 2590 initio
828 2534 1056 2588 mendae:
1075 2540 1168 2601 est,
1196 2542 1244 2589 et
1276 2537 1333 2589 in
1360 2535 1717 2608 veritateinon
1736 2536 1885 2589 stetit

231 2606 415 2677 (Ioan.
444 2624 563 2675 vui,
602 2608 714 2678 44).
750 2609 948 2661 Restat
971 2621 1113 2675 ergo
1143 2612 1204 2661 ut
1232 2608 1405 2661 ruina
1435 2606 1728 2677 angelica,
1762 2622 1886 2677 qua

228 2694 471 2735 causaa
503 2679 758 2750 Domino
785 2679 959 2750 tacita
988 2684 1094 2743 est,
1112 2694 1509 2750 exponamus,
1539 2678 1684 2733 dum
1718 2678 1884 2733 illum

227 2758 641 2806 creaturarum
667 2749 762 2803 Dei
782 2749 1143 2820 principium
1161 2749 1441 2817 angelum
1456 2750 1741 2805 cecidisse
1763 2765 1882 2805 non

228 2822 635 2892 ambigamus.
658 2821 1003 2892 Angelicum
1023 2836 1160 2875 vero
1177 2822 1393 2892 vulnus
1416 2838 1589 2876 verus
1616 2821 1886 2876 medicus

228 2891 486 2966 qualiter
508 2893 732 2948 factum
755 2891 846 2966 sit,
872 2892 1135 2966 iudicare
1176 2891 1383 2966 noluit,
1408 2892 1554 2966 dum
1580 2892 1723 2966 illud
1752 2908 1885 2963 pos-

229 2963 327 3021 tea
356 2980 564 3020 curare
587 2979 706 3019 non
738 2963 1071 3018 destinavit.
1094 2965 1157 3016 Et
1179 2963 1432 3033 qualiter
1453 2964 1524 3017 sit
1549 2964 1769 3033 ejectus
1784 2978 1886 3034 per

229 3036 588 3092 sententiam
606 3034 1342 3104 vindictm,reticuit,quem
1360 3048 1462 3103 per
1476 3036 1886 3104 paenitentiam

229 3107 398 3164 nullo
425 3107 931 3163 modorevocavit.
960 3108 1270 3177 Peccatum
1298 3120 1438 3160 vero
1469 3106 1885 3177 hominisquo-

232 3178 422 3235 modo
476 3178 697 3234 factum
745 3178 939 3243 fuerit,
974 3176 1315 3248 profertur:
1366 3177 1564 3248 ipsum
1623 3176 1886 3248 namque

233 3250 604 3322 quandoque
636 3248 959 3322 promereri
992 3249 1226 3322 veniam
1247 3263 1379 3322 non
1411 3249 1776 3322 desperatur:
1823 3251 1888 3322 Et

232 3318 745 3394 qualiterfejectus
796 3322 886 3394 sit
920 3319 1441 3394 hiomo,indica_re_
1466 3318 1618 3394 Deus
1657 3318 1881 3384 maluit,

233 3391 417 3464 quem
448 3392 525 3447 ad
552 3397 769 3448 statum
803 3391 1119 3464 pristinum
1138 3393 1196 3447 in
1223 3391 1551 3464 novissimo
1575 3391 1787 3446 iterum
1804 3406 1889 3445 re-

234 3462 878 3535 vocavit.thuornodo
890 3462 1780 3535 animadversionissententiam
1798 3477 1890 3518 ac-

235 3537 415 3606 cepit,
448 3551 567 3590 non
587 3534 924 3600 occultavit,
957 3551 991 3590 a
1017 3550 1137 3605 quo
1167 3535 1493 3607 aliquando
1517 3550 1620 3605 per
1637 3534 1891 3589 clemen-

236 3609 331 3663 tiae
346 3623 469 3662 sum
484 3607 718 3661 veniam
738 3607 1202 3662 satisfactionem
1223 3606 1491 3677 accipere
1519 3621 1639 3661 non
1657 3621 1890 3677 recusa-

235 3679 339 3733 vit.
373 3680 532 3734 Hauc
556 3692 696 3746 ergo
718 3678 1115 3733 differentiam
1149 3678 1209 3732 in
1224 3678 1568 3733 hominibus
1588 3676 1890 3747 etAugelis

232 3749 555 3875 Apostolus
582 3749 974 3804 considerans
1004 3749 1085 3803 ait
1128 3764 1138 3803 :
1186 3749 1310 3803 Non
1340 3749 1481 3803 enim
1509 3749 1759 3819 Angelos,
1804 3747 1892 3802 sed

236 3826 282 3875 A
328 3821 475 3875 ralia:
505 3838 678 3875 semen
722 3819 1078 3875 apprehendit
1108 3822 1253 3874 Deus
1294 3820 1478 3875 (Hebr.
1510 3837 1565 3875 ιι.
1609 3821 1713 3875 16).
1744 3822 1888 3874 Cum

236 3819 475 3876 Abrahae
505 3838 678 3875 semen
722 3819 1078 3891 apprehendit
1108 3822 1253 3874 Deus
1294 3820 1478 3890 (Hebr.
1510 3837 1565 3883 ιι,
1609 3821 1713 3890 16).
1744 3822 1888 3891 Cum

236 3893 401 3950 enim
426 3895 667 3949 Creator
696 3890 959 3946 clemens
989 3891 1398 3946 etmisericors
1421 3892 1478 3945 in
1515 3907 1756 3946 summa
1794 3890 1893 3945 illa

237 3970 297 4021 et
328 3962 800 4019 incommutabili
832 3963 928 4017 Dei
954 3962 1137 4018 Patris
1167 3978 1419 4017 manens
1449 3962 1809 4027 substantia,
1833 3961 1893 4015 in

238 4036 393 4091 servi
410 4035 667 4091 formam
696 4035 1083 4105 semetipsum
1100 4034 1405 4088 exinanire
1420 4034 1597 4088 voluit
1620 4033 1892 4105 (Philipp.

246 4125 303 4173 ιι,
322 4107 397 4178 ’7),
419 4123 539 4162 non
556 4106 887 4175 angelicam
903 4111 1203 4170 naturam,
1221 4105 1320 4178 sed
1338 4105 1669 4160 humanam
1687 4120 1896 4177 appre-

237 4178 470 4233 hendit.
492 4178 603 4234 Sed
617 4178 743 4233 etin
765 4178 879 4233 hoc
894 4177 1143 4248 quaestio
1161 4177 1449 4231 nascitur:
1468 4193 1602 4231 cum
1622 4179 1771 4231 Deus
1795 4192 1897 4248 an:

282 4250 389 4305 elis
420 4250 808 4321 peccantibus
836 4247 956 4321 non
988 4248 1269 4321 pepercit,
1306 4254 1363 4303 et
1397 4252 1593 4303 tamen
1628 4247 1898 4321 peccanti

285 4316 473 4402 omini
497 4336 607 4402 per
635 4316 1113 4401 assumptiouem
1135 4319 1418 4402 humanae
1450 4316 1645 4402 carnis
1667 4319 1898 4374 veniam

242 4391 569 4457 relaxavit;
598 4407 782 4463 quare
804 4391 1310 4461 ergoinveniabili
1332 4391 1590 4445 vindicta
1624 4406 1898 4445 summus

240 4464 494 4535 angelus
529 4467 621 4535 est
641 4478 980 4535 percussus,
1013 4478 1149 4517 cum
1177 4478 1433 4534 peccans
1464 4467 1517 4517 et
1544 4463 1899 4535 mandatum

240 4534 335 4591 sui
385 4533 723 4591 Conditoris
773 4534 954 4589 homo
1003 4533 1493 4603 transgrediens,
1534 4533 1902 4589 veniabiliter

241 4606 634 4732 Bostmodum
650 4607 722 4662 ad
741 4606 1152 4687 pcenitentiam
1170 4611 1477 4688 revocatus
1491 4606 1902 4687 sit,.loauue,et

292 4693 518 4732 ommo.
550 4682 605 4731 et
635 4681 800 4732 Petro
847 4677 1243 4732 clamantibus
1273 4694 1284 4731 ε
1310 4678 1689 4732 Pcemtentiam
1712 4682 1855 4732 aaite
1880 4697 1897 4732 :

292 4679 518 4741 omino,
550 4682 605 4731 et
635 4681 800 4733 Petro
847 4677 1243 4732 clamantibus
1273 4694 1284 4731 ε
1310 4677 1689 4732 Pcenitentiam
1712 4677 1855 4748 agite
1880 4697 1897 4745 ,-

242 4749 706 4821 appropinquavit
755 4748 896 4803 enim
949 4764 1170 4821 regnum
1209 4749 1466 4821 caelorum
1518 4750 1670 4821 (Luc.
1714 4765 1794 4812 ιιι,
1838 4752 1898 4812 3;

304 4820 443 4878 atth.
466 4837 544 4886 iv,
578 4820 643 4875 17
671 4837 684 4887 ;
710 4822 833 4884 Act,
869 4838 923 4884 ιι,
953 4820 1087 4890 38)?
1114 4820 1376 4890 Angelus
1406 4836 1547 4889 ergo
1578 4822 1636 4875 in
1662 4833 1902 4890 summo

239 4890 493 4949 honoris
541 4893 630 4948 sui
671 4891 882 4947 ordine
928 4889 1792 4956 constitutus,immutationem
1826 4889 1903 4945 ad

243 4962 719 5020 excellentiorem
746 4968 964 5018 statum
983 4978 1103 5018 non
1118 4962 1342 5026 habuit,
1371 4962 1483 5016 nisi
1510 4978 1615 5032 per
1644 4968 1905 5017 contem-

243 5035 579 5107 plationem
630 5035 719 5107 sui
745 5035 1058 5107 Creatoris
1094 5034 1517 5107 conﬁrmatus,
1552 5033 1607 5087 in
1641 5049 1709 5107 eo
1749 5036 1905 5086 statu

245 5104 629 5190 permaneret
656 5105 755 5186 ubi
784 5106 1061 5188 conditus
1084 5104 1228 5190 fuit“:
1265 5109 1319 5160 et
1350 5105 1565 5190 idcirco
1586 5104 1906 5190 proiapsus

243 5175 463 5234 iterum
479 5178 745 5233 revocari
767 5178 1013 5232 minime
1033 5176 1245 5247 potuit,
1264 5177 1365 5248 qui
1389 5176 1461 5231 de
1476 5175 1907 5248 sublimissimo

245 5248 340 5306 sui
373 5249 601 5305 ordinis
614 5253 770 5303 statu
793 5246 1051 5320 proruit.
1074 5250 1259 5303 Homo
1276 5246 1413 5303 vero
1438 5246 1634 5320 adhuc
1664 5246 1722 5300 in
1754 5251 1910 5300 terra

243 5322 502 5393 positus,
539 5318 860 5393 generandi
892 5319 1087 5393 ofﬁcio
1109 5320 1487 5393 destinatus,_
1511 5318 1909 5393 ciborumque

243 5389 376 5448 esui
425 5392 768 5462 deputatus,
795 5392 1271 5447 immutationem
1304 5392 1363 5445 in
1398 5389 1811 5462 sublimiorem
1856 5392 1912 5442 et

244 5456 561 5520 melio‘i‘ein
593 5462 1083 5533 spiritualemque
1102 5464 1283 5517 vitam
1316 5462 1441 5516 sine
1470 5465 1659 5533 morte
1691 5460 1911 5529 recipe-

247 5536 413 5602 ret,si
446 5531 741 5606 quamdiu
770 5535 837 5606 in
860 5535 973 5590 hac
986 5531 1449 5606 conversatione
1481 5531 1712 5601 positus
1736 5536 1909 5593 esset,

246 5607 309 5662 in
340 5605 614 5661 mandati
635 5605 1322 5673 custodiapermaneret.
1361 5605 1546 5671 Hunc,
1583 5610 1913 5673 antequam

247 5678 329 5735 ad
341 5682 566 5734 statum
584 5678 804 5733 veniret
820 5672 1254 5742 sublimiorem,
1273 5675 1558 5747 delictum
1574 5672 1910 5747 praeripuit:

247 5752 308 5808 et
343 5748 483 5808 ideo
522 5748 596 5805 de
629 5748 888 5806 inferiori
921 5748 1019 5805 illo
1051 5763 1160 5806 suo
1186 5746 1415 5815 ordine,
1444 5746 1507 5803 id
1537 5746 1645 5813 est,
1674 5746 1919 5804 immor-

538 5845 781 5905 ΡΑτιιοι..
821 5846 1054 5907 XXXV.

1406 190 1624 253 LIBER
1663 190 1956 254 PRIMUS.
2002 231 2065 241 —-
2114 196 2500 262 APPENDIX.

3436 214 3441 218 ’
3527 222 3665 279 2154

2012 325 2239 413 iglitate
2262 329 2646 413 sui-corporis
2659 331 2973 413 confestim
2993 336 3129 401 ruit,
3144 336 3376 413 dicente
3391 344 3663 413 Domino,

2016 398 2294 486 Terranes,
2324 406 2387 486 et.
2413 398 2711 486 initerram
2752 403 2866 486 ibis.
2900 405 3051 486 (gen.
3095 398 3173 486 ιιι,
3210 409 3312 486 19).
3344 398 3667 474 Clementi-3’.

2009 484 2151 537 ergo
2185 472 2516 527 Conditoris
2567 474 2751 549 homo
2795 477 2872 531 ad
2904 472 3062 532 illam
3097 472 3547 549 beatitudinem,
3586 472 3664 542 ad

2054 556 2194 622 uam
2219 558 2476 623 peccans
2508 546 2707 629 adhuc
2731 562 2850 627 non
2882 550 3162 629 pervenit,
3198 566 3301 629 per
3323 546 3662 624 passionem

2060 618 2246 687 omini
2296 622 2647 682 revocatur;
2702 618 2805 687 qui
2847 618 2894 672 si
2946 620 3083 675 inde
3141 618 3450 680 cecidisset
3506 628 3662 683 sicut

2007 685 2277 766 angelus,
2292 701 2606 766 nunquam
2621 685 2833 766 iter—um
2857 698 3256 766 revocaretur:
3272 698 3561 766 quoniam
3581 701 3662 755 ad

2006 755 2172 810 illum
2202 755 2495 840 ordinem,
2520 758 2578 812 id
2601 764 2706 826 est,
2740 760 3246 840 immortalitatem
3272 755 3361 822 s‘ui
3390 772 3660 840 corporis

2006 842 2316 907 nunquam
2349 833 2902 907 _iterum_per_venit,
2944 834 3054 888 nisi
3095 845 3339 906 peracta
3388 833 3659 898 omnium

2008 905 2214 980 mor-te,
2234 899 2331 954 illa
2348 899 2649 980 beatitudo
2665 899 3326 980 adquamrevocamur,
3346 927 3450 980 per
3468 928 3659 969 resur-

2005 974 2331 1025 rectionem
2346 978 2725 1027 restauretur.
2748 976 2871 1029 Non
2887 976 2964 1030 ad
2978 977 3142 1031 illum
3159 974 3363 1035 tamen
3385 983 3657 1040 ordinem

2004 1045 2106 1120 aut
2128 1042 2435 1120 adstaium
2457 1044 2615 1097 unde
2644 1046 2872 1115 primus
2891 1048 3073 1103 homo
3101 1052 3415 1117 ceciderat,
3446 1055 3547 1109 sed
3580 1057 3656 1110 ad

2006 1112 2187 1189 alium
2202 1113 2627 1189 sublimiorem,
2644 1112 2824 1189 quem
2840 1112 3417 1189 speravit,restitutio
3431 1124 3550 1189 ﬁet,
3567 1128 3657 1180 d1-

2004 1186 2469 1266 centeADomnino,
2490 1186 2674 1240 Erunt
2692 1188 2827 1242 sicut
2849 1186 3043 1266 Angeli
3067 1191 3169 1245 Dei
3196 1195 3251 1266 in
3272 1198 3403 1251 creto
3434 1186 3651 1266 (Matth.

2001 1269 2143 1318 xxu,
2329 1258 2611 1333 Praeterea
2641 1274 2881 1333 quoque
2910 1256 2987 1333 ad
3023 1263 3334 1320 cumulum
3376 1256 3656 1324 diabolici

2004 1325 2382 1407 peccatiiliud
2398 1325 2805 1407 accidit,quod
2820 1331 3016 1407 statim
3033 1340 3349 1407 postquam
3368 1342 3654 1407 peccavit,

2002 1398 2246 1476 foveam.
2270 1397 2703 1476 desperationis
2735 1400 3002 1476 incurrit.
3034 1397 3089 1457 Si
3115 1397 3273 1460 enim
3311 1397 3384 1461 de
3415 1426 3524 1463 suo
3558 1397 3657 1466 de;

2000 1466 2373 1548 lictohabere
2385 1466 2625 1548 veniam
2642 1486 2760 1548 non
2775 1471 3169 1548 desperasset,
3189 1492 3501 1548 nunquam
3519 1498 3655 1536 con-

2000 1539 2270 1618 sentienti
2285 1539 2394 1618 sibi
2410 1540 2627 1618 homini
2641 1539 2911 1618 damnum
2926 1544 3134 1618 salutis
3153 1563 3271 1601 sua-
3285 1539 3652 1618 procuraret.

2000 1609 2287 1690 Quieuim
2301 1610 2374 1690 d‘e
2392 1612 2569 1690 priori
2585 1619 2829 1684 peccato
2843 1614 3063 1670 habere
3084 1609 3317 1674 veniam
3333 1620 3651 1690 desiderat,

2000 1680 2168 1735 nullo
2210 1680 2983 1759 modo'aliud'augmentare
3012 1694 3328 1759 praeparat.
3363 1692 3467 1746 Per
3496 1680 3652 1748 hanc

2000 1766 2143 1831 ergo
2158 1767 2272 1831 non
2293 1753 2490 1831 solum
2506 1754 2857 1825 sibimetipsi
2871 1753 3104 1831 foveam
3121 1753 3470 1828 perditionis
3494 1765 3654 1819 inve-

2000 1823 2104 1903 nit,
2132 1823 2237 1902 sed
2260 1823 2444 1903 etiam
2471 1841 2576 1903 per
2607 1842 2670 1880 se
2707 1823 2969 1903 peccauti
2992 1823 3220 1903 homini
3252 1848 3438 1903 causa
3462 1837 3654 1903 perdi-

2000 1895 2174 1948 tionis
2192 1895 2446 1951 existitit.
2472 1899 2588 1951 Hoc
2606 1903 2804 1952 autem
2830 1899 3238 1956 adlevandum
3269 1895 3529 1959 hominis
3560 1906 3651 1961 de-

1998 1964 2205 2046 lictum
2230 1968 2510 2046 occurrit,
2544 1968 2703 2046 quod
2744 1986 2860 2024 non
2896 1970 3091 2026 solum
3125 1987 3228 2046 per
3258 1976 3649 2046 semetipsum

2001 2037 2266 2123 mandati
2298 2037 2828 2123 transgressionem
2858 2057 2978 2096 non
3002 2037 3379 2123 re_périt,_sed
3412 2037 3650 2119 serpen-

1998 2111 2133 2163 tium
2156 2111 2419 2164 suasioni
2446 2112 2776 2177 consensit;
2796 2129 2998 2167 verum
3021 2111 3201 2170 etiam
3217 2116 3395 2172 aliam
3423 2111 3649 2176 creatu-

1996 2194 2127 2234 ram
2160 2181 2573 2236 rationabilem
2606 2183 2663 2236 in
2696 2183 2792 2237 Dei
2820 2184 3111 2239 otiensam
3138 2202 3255 2241 non
3286 2188 3549 2245 induxit:
3583 2208 3649 2247 ac

1998 2266 2102 2331 per
2122 2251 2234 2306 hoc
2253 2252 2484 2307 facilius
2504 2254 2878 2331 .pmnitentite
2896 2256 3146 2331 januam
3168 2258 3471 2331 adiuvenit
3487 2278 3648 2331 aper-

1997 2328 2118 2402 tam
2155 2339 2167 2388 ;
2200 2340 2386 2402 quam
2412 2325 2669 2402 quiuon
2696 2326 3001 2402 ingressus
3034 2327 3228 2391 fuerit,
3262 2330 3490 2386 damno
3522 2325 3646 2402 per-

1994 2398 2193 2471 petuae
2242 2395 2375 2471 vita:
2408 2395 2760 2471 subjacebit.
2797 2398 3075 2471 Quiivero
3103 2414 3207 2470 per
3238 2395 3649 2471 paenitentiam

1994 2466 2507 2590 peccatattiiluerit,
2535 2467 2816 2536 angelicae
2832 2466 3123 2525 felicitatis
3154 2466 3402 2529 consors
3420 2474 3476 2528 in
3490 2481 3647 2531 teter-

1994 2552 2141 2590 num
2169 2551 2247 2589 eri
2284 2578 2295 2589 .

1994 2552 2141 2590 num
2169 2551 2295 2590 erit.

1997 2608 2217 2662 CAPUT
2238 2608 2330 2662 III.
2361 2637 2427 2648 —-
2451 2607 2527 2681 De
2545 2606 2677 2681 Abel
2708 2614 2759 2663 et
2791 2610 2989 2664 Enoch
3011 2612 3313 2681 primatum
3347 2615 3648 2671 tenentibus

2494 2680 2556 2732 in
2588 2679 2866 2735 hominum
2888 2679 3132 2750 justitia.

2067 2751 2351 2827 Utauiem
2374 2749 2451 2827 ab
2480 2750 2610 2827 ipso
2640 2749 3145 2827 humanigeneris
3171 2761 3304 2825 post
3334 2763 3647 2827 peccatum

1996 2819 2645 2898 originaleLprimordio
2658 2819 2932 2898 homines
2945 2819 3232 2898 quandoq
3244 2844 3311 2881 ue
3326 2819 3647 2898 promereri

1994 2893 2231 2972 veniam
2288 2893 2439 2972 Deus
2494 2893 3109 2972 ostendere_t,_paucos
3148 2893 3421 2954 homines
3474 2901 3649 2972 elegit

1940 2962 2216 3033 equibus
2242 2964 2511 3043 notitiam
2547 2980 2665 3043 suae
2697 2962 3466 3043 aiiiicitimdemonstraret:
3491 2962 3646 3043 qubs

1994 3049 2280 3111 processu
2312 3035 2596 3111 temporis
2630 3036 2917 3111 paulatim
2944 3038 3141 3107 plures
3164 3056 3353 3111 usque
3384 3042 3459 3097 ad
3510 3035 3643 3099 suae

1996 3104 2328 3183 praesentiae
2374 3104 3023 3183 visitaretﬁadventum,
3069 3104 3386 3183 quousque
3436 3114 3493 3167 in
3540 3116 3643 3170 ad-

1996 3182 2179 3259 ventu
2201 3191 2309 3230 suo
2327 3192 2505 3259 omnne
2531 3191 2720 3259 genus
2745 3177 3400 3259 huiuanumpertotiim
3431 3185 3640 3242 orbem

1996 3247 2374 3319 illuminaret.
2410 3249 2489 3319 Ex
2519 3247 2740 3317 quibus
2773 3249 2981 3317 paucis
3022 3247 3251 3319 primus
3284 3254 3430 3308 Abel
3463 3258 3641 3310 totius

1996 3318 2279 3393 humanas
2305 3317 2548 3393 justitia;
2594 3319 2979 3393 princeps,__et
3008 3317 3305 3393 secundus
3337 3330 3465 3393 post
3506 3342 3645 3381 eum

2000 3389 2219 3453 Enoch,
2236 3389 2841 3465 insignissimusante
2856 3390 3147 3465 diluvium
3164 3389 3412 3462 eligitur,
3427 3398 3647 3465 quibus

2000 3460 2490 3530 summajustitiae
2510 3462 2566 3514 in
2582 3460 2747 3516 initio
2760 3462 2886 3532 ipso
2900 3463 3106 3517 mundi
3122 3469 3175 3518 et
3203 3460 3319 3519 fine
3334 3460 3647 3522 committi-

2000 3539 2113 3609 tur.
2135 3534 2295 3587 Unus
2322 3533 2477 3609 enim
2499 3534 2695 3609 statim
2728 3533 3036 3609 injustitiaz
3065 3550 3186 3609 suae
3217 3536 3407 3609 initio,
3428 3538 3487 3591 in
3514 3539 3648 3609 ipso

2001 3604 2175 3659 etiam
2192 3603 2399 3657 mundi
2426 3603 2717 3678 principio
2744 3605 3052 3678 sanguinis
3076 3607 3165 3660 sui
3195 3607 3453 3678 tripudio
3480 3603 3650 3665 coro-

2000 3681 2197 3738 natus,
2216 3676 2503 3747 martyrio
2516 3675 2795 3744 arripitur
2810 3675 2963 3747 (Gen.
2984 3675 3300 3747 iv,8).Alter
3314 3678 3511 3734 adhuc
3526 3682 3649 3736 sine

2004 3751 2189 3801 morte
2215 3745 2323 3816 (Id.
2343 3745 2601 3822 v,_2~l),_in
2617 3746 3018 3822 testiinonium
3034 3745 3346 3822 nevissimi
3368 3752 3651 3822 temporis

2003 3822 2355 3872 reservatur.
2391 3818 2504 3871 Sed
2539 3818 2675 3871 huic
2704 3817 2848 3872 Abel
2876 3818 3163 3873 Dominus
3189 3819 3357 3875 Jesus
3388 3817 3650 3877 Christus

2002 3888 2577 3964 primatumjustiiim
2592 3888 2907 3964 hominum
2922 3891 3239 3964 commisit,
3263 3893 3649 3964 itainquiens,

2003 3958 2047 4015 Ἀ
2078 3961 2339 4032 sanguine
2368 3958 2501 4013 Abel
2520 3961 2680 4029 justi,
2712 3976 2877 4032 usque
2914 3961 2983 4014 ad
3033 3963 3343 4031 sanguinem
3365 3958 3654 4022 chharia?

2004 4031 2227 4108 (Μαζεῇ.
2263 4047 2424 4108 xxm,
2446 4032 2649 4108 35)._Iu
2684 4048 2754 4087 eo
2778 4031 3118 4108 enimquod
3142 4035 3295 4099 dicit,
3322 4039 3365 4090 A
3393 4040 3653 4108 sanguine

2004 4105 2045 4157 A
2060 4103 2141 4159 bet
2165 4103 2321 4173 justi,
2338 4119 2495 4172 usque
2520 4102 2589 4156 ad
2607 4106 2928 4173 sanguinem
2954 4104 3263 4171 Zachariae,
3281 4113 3331 4162 et
3352 4124 3469 4163 non
3484 4102 3656 4163 addi-

2005 4175 2111 4238 dit,
2131 4174 2274 4244 justi
2297 4196 2315 4241 ,-
2340 4174 2745 4229 haereditatem
2769 4176 3012 4245 justitia:
3043 4177 3185 4231 Abel
3216 4184 3409 4232 tenere
3440 4180 3655 4234 Zacha-

2005 4247 2154 4301 riam
2174 4246 2457 4300 ostendit.
2486 4245 2833 4300 Sicutetiam
2860 4247 2916 4301 in
2948 4249 3300 4315 genealogia
3336 4251 3653 4304 Salvatoris

2008 4317 2301 4380 scribitur,
2331 4316 2671 4388 Jesseautem
2698 4319 2890 4386 genuit
2922 4318 3092 4371 David
3122 4336 3315 4388 regem,
3349 4320 3526 4374 David
3549 4338 3653 4375 au-

2007 4396 2107 4443 tem
2134 4405 2234 4442 res:
2255 4389 2441 4457 genuit
2466 4387 2790 4441 Salomonem
2820 4388 2926 4457 (Id.
2961 4406 2997 4449 ι,
3034 4394 3083 4451 5,
3115 4387 3192 4457 6),
3224 4390 3318 4443 cui
3343 4406 3461 4444 non
3488 4392 3656 4446 addi-

2010 4466 2121 4525 tur,
2171 4473 2396 4526 regem,
2445 4474 2583 4512 cum
2643 4459 2923 4512 Salomon
2972 4460 3159 4528 patris
3210 4475 3394 4528 regno
3440 4465 3659 4516 teneret

2012 4531 2203 4599 majus
2236 4529 2585 4603 imperium.’
2608 4529 2719 4584 Sed
2751 4546 2821 4603 ex
2851 4528 2964 4582 hoc
2983 4529 3335 4603 intelligitur
3361 4533 3545 4603 patris
3568 4532 3657 4587 sui

2011 4603 2193 4658 David
2222 4616 2471 4669 regnum
2494 4600 2775 4654 Salomon
2800 4600 3309 4672 haereditariojure
3325 4600 3655 4672 possidere,

2010 4680 2063 4730 et
2094 4672 2169 4728 ad
2201 4671 2713 4746 David__houorem
2738 4670 2917 4746 _regni
2954 4671 3085 4741 plus
3133 4670 3442 4746 pertinere,
3492 4676 3659 4746 quod

2010 4746 2240 4815 primus
2271 4758 2340 4797 ex
2365 4741 2463 4815 illa
2490 4741 2869 4815 generatione
2900 4741 3151 4811 regnum
3182 4741 3464 4809 obtinuit;
3512 4741 3663 4802 sicut

2012 4813 2068 4873 et
2100 4814 2243 4869 Abel
2270 4815 2326 4868 in
2370 4813 2597 4883 justitia
2636 4813 2949 4868 hominum
2994 4817 3313 4882 primatum
3350 4818 3557 4883 tenuit,
3592 4834 3661 4873 eo

2009 4886 2175 4961 quod
2194 4887 2435 4961 primus
2456 4886 2513 4939 in
2537 4886 2897 4955 terrajustus
2920 4884 3041 4961 fieri
3073 4888 3263 4961 coepit.
3298 4889 3464 4943 Unde
3491 4890 3660 4961 quasi

2010 4955 2390 5030 haereditario
2408 4956 2543 5030 jure
2566 4962 2803 5028 patrum
2824 4955 3177 5030 succedunt,
3200 4959 3281 5013 sic
3299 4955 3539 5030 omnes'j
3552 4960 3661 5014 usti

2015 5031 2267 5102 vestigia
2306 5029 2450 5085 Abel
2490 5029 2548 5102 in
2574 5029 2801 5102 cunctis
2828 5028 3065 5097 justitiaa
3100 5030 3369 5102 partibus
3399 5028 3663 5102 capiunt.

2015 5103 2125 5157 Sed
2178 5100 2293 5155 ista
2325 5100 2775 5171 investigatione
2811 5106 2966 5153 recte
3007 5101 3285 5156 incitatus
3315 5100 3530 5171 aliquis
3558 5102 3667 5156 tor-

2018 5180 2171 5228 tasse
2204 5170 2589 5238 interrogabit
2625 5187 2637 5230 ;
2671 5170 2785 5225 Cur
2812 5186 2975 5239 ergo,
3006 5171 3308 5241 inquiens,
3347 5170 3491 5225 dum
3529 5172 3672 5227 Abel

2012 5243 2251 5314 justitiae
2285 5242 2606 5314 primatum
2639 5241 2981 5314 te_nuit,_non
3004 5242 3160 5314 hunc
3178 5242 3329 5295 Deus
3345 5242 3470 5296 sine
3486 5249 3674 5299 morte

2019 5310 2096 5370 ad
2130 5313 2529 5368 testimonium
2565 5310 2871 5365 novissimi
2914 5313 3197 5381 temporis
3238 5314 3583 5379 reservavit,
3613 5321 3679 5370 ut

2020 5386 2080 5440 in
2104 5383 2312 5439 mundi
2346 5382 2599 5451 ﬁneipse
2626 5380 3128 5456 doctor_exi_steret_
3171 5384 3455 5456 veritatis,
3485 5388 3580 5456 qui
3616 5387 3678 5442 in

2021 5456 2313 5528 principio
2341 5458 2465 5528 erat
2491 5456 2696 5506 auctor
2711 5451 2949 5528 perfecti
2968 5454 3221 5528 operis?
3254 5451 3679 5528 Attamenhuic

2020 5522 2394 5598 responsioni
2421 5538 2682 5598 congrue
2714 5522 2963 5598 obviare
2996 5522 3228 5598 poterit,
3263 5527 3675 5597 quijustitiam

2020 5600 2079 5671 iu
2104 5594 2285 5653 tribus
2316 5594 2877 5671 partibusconstare
2901 5595 3083 5671 novit.
3105 5598 3245 5652 Tota
3261 5594 3420 5653 enim
3449 5600 3683 5671 justitia

2021 5670 2149 5726 haec
2180 5665 2664 5743 est,_’virgiuitas,_
2713 5665 3135 5743 sacerdotium,
3171 5673 3245 5743 _et
3291 5665 3671 5743 martyrium.

2025 5743 2167 5810 Qua:
2181 5738 2390 5813 triplex
2398 5736 2631 5812 justitia
2650 5737 2712 5794 in
2724 5736 2868 5794 Abel
2880 5738 3079 5809 primo
3101 5738 3228 5808 fuit,
3244 5743 3414 5813 quiet
3434 5736 3683 5804 munera

2893 5835 3411 5917 (Soizante-huit.)
