  <div class='ocr_page' id='page_1' title='image "/cluster/home/n/w/nwhite01/storage/ocr_20150623/35/hvd.32044054170956/428.png"; bbox 0 0 4112 6192; ppageno 0'>
   <div class='ocr_carea' id='block_1_1' title="bbox 181 174 326 244">
    <p class='ocr_par' dir='ltr' id='par_1_1' title="bbox 181 174 326 244">
     <span class='ocr_line' id='line_1_1' title="bbox 181 174 326 244; baseline -0.007 -4"><span class='ocrx_word' id='word_1_1' title='bbox 181 174 326 244; x_wconf 71' lang='grc' dir='ltr'>Ξ15⁵7</span> 
     </span>
    </p>
   </div>
   <div class='ocr_carea' id='block_1_2' title="bbox 180 306 1836 379">
    <p class='ocr_par' dir='ltr' id='par_1_2' title="bbox 180 306 1836 379">
     <span class='ocr_line' id='line_1_2' title="bbox 180 306 1836 379; baseline 0.001 -14"><span class='ocrx_word' id='word_1_2' title='bbox 180 306 524 370; x_wconf 81' lang='lat' dir='ltr'>tummodo,</span> <span class='ocrx_word' id='word_1_3' title='bbox 552 321 658 378; x_wconf 89' lang='lat' dir='ltr'>per</span> <span class='ocrx_word' id='word_1_4' title='bbox 686 322 841 379; x_wconf 90' lang='lat' dir='ltr'>quos</span> <span class='ocrx_word' id='word_1_5' title='bbox 871 308 1061 363; x_wconf 81' lang='lat' dir='ltr'>exitus</span> <span class='ocrx_word' id='word_1_6' title='bbox 1091 307 1270 379; x_wconf 86' lang='lat' dir='ltr'>hujus</span> <span class='ocrx_word' id='word_1_7' title='bbox 1311 311 1512 367; x_wconf 84' lang='lat' dir='ltr'>aditus</span> <span class='ocrx_word' id='word_1_8' title='bbox 1543 311 1836 367; x_wconf 86' lang='lat' dir='ltr'>adminis-</span> 
     </span>
    </p>
   </div>
   <div class='ocr_carea' id='block_1_3' title="bbox 179 379 1832 454">
    <p class='ocr_par' dir='ltr' id='par_1_3' title="bbox 179 379 1832 454">
     <span class='ocr_line' id='line_1_3' title="bbox 179 379 1832 454; baseline 0.001 -17"><span class='ocrx_word' id='word_1_9' title='bbox 179 380 529 454; x_wconf 87' lang='lat' dir='ltr'>trahatur.V</span> <span class='ocrx_word' id='word_1_10' title='bbox 533 395 700 434; x_wconf 91' lang='lat' dir='ltr'>erum</span> <span class='ocrx_word' id='word_1_11' title='bbox 721 381 895 454; x_wconf 86' lang='lat' dir='ltr'>etiam</span> <span class='ocrx_word' id='word_1_12' title='bbox 910 379 1026 435; x_wconf 93' lang='lat' dir='ltr'>hoc</span> <span class='ocrx_word' id='word_1_13' title='bbox 1041 396 1147 451; x_wconf 90' lang='lat' dir='ltr'>pro</span> <span class='ocrx_word' id='word_1_14' title='bbox 1173 388 1435 454; x_wconf 91' lang='lat' dir='ltr'>tempore</span> <span class='ocrx_word' id='word_1_15' title='bbox 1449 383 1832 438; x_wconf 87' lang='lat' dir='ltr'>solummodo</span> 
     </span>
    </p>
   </div>
   <div class='ocr_carea' id='block_1_4' title="bbox 180 452 1833 526">
    <p class='ocr_par' dir='ltr' id='par_1_4' title="bbox 180 452 1833 526">
     <span class='ocr_line' id='line_1_4' title="bbox 180 452 1833 526; baseline 0.001 -18"><span class='ocrx_word' id='word_1_16' title='bbox 180 470 315 509; x_wconf 89' lang='lat' dir='ltr'>esse</span> <span class='ocrx_word' id='word_1_17' title='bbox 360 452 1019 526; x_wconf 85' lang='lat' dir='ltr'>dictum__contirmant.</span> <span class='ocrx_word' id='word_1_18' title='bbox 1056 456 1265 508; x_wconf 87' lang='lat' dir='ltr'>Fontes</span> <span class='ocrx_word' id='word_1_19' title='bbox 1296 452 1473 510; x_wconf 54' lang='lat' dir='ltr'>&#39;enim</span> <span class='ocrx_word' id='word_1_20' title='bbox 1505 456 1605 526; x_wconf 88' lang='lat' dir='ltr'>qui</span> <span class='ocrx_word' id='word_1_21' title='bbox 1647 454 1833 510; x_wconf 83' lang='lat' dir='ltr'>clausi</span> 
     </span>
    </p>
   </div>
   <div class='ocr_carea' id='block_1_5' title="bbox 178 522 1835 596">
    <p class='ocr_par' dir='ltr' id='par_1_5' title="bbox 178 522 1835 596">
     <span class='ocr_line' id='line_1_5' title="bbox 178 522 1835 596; baseline -0.001 -15"><span class='ocrx_word' id='word_1_22' title='bbox 178 530 370 588; x_wconf 84' lang='lat' dir='ltr'>erant,</span> <span class='ocrx_word' id='word_1_23' title='bbox 396 539 535 577; x_wconf 93' lang='lat' dir='ltr'>cum</span> <span class='ocrx_word' id='word_1_24' title='bbox 567 522 667 596; x_wconf 78' lang='lat' dir='ltr'>illa</span> <span class='ocrx_word' id='word_1_25' title='bbox 692 524 957 578; x_wconf 83' lang='lat' dir='ltr'>insolens</span> <span class='ocrx_word' id='word_1_26' title='bbox 987 527 1218 593; x_wconf 80' lang='lat' dir='ltr'>eruptio</span> <span class='ocrx_word' id='word_1_27' title='bbox 1244 522 1670 596; x_wconf 76' lang='lat' dir='ltr'>prohiberetur,</span> <span class='ocrx_word' id='word_1_28' title='bbox 1695 542 1835 596; x_wconf 92' lang='lat' dir='ltr'>pos-</span> 
     </span>
    </p>
   </div>
   <div class='ocr_carea' id='block_1_6' title="bbox 177 594 1833 668">
    <p class='ocr_par' dir='ltr' id='par_1_6' title="bbox 177 594 1833 668">
     <span class='ocr_line' id='line_1_6' title="bbox 177 594 1833 668; baseline 0.001 -16"><span class='ocrx_word' id='word_1_29' title='bbox 177 603 278 652; x_wconf 88' lang='lat' dir='ltr'>tea</span> <span class='ocrx_word' id='word_1_30' title='bbox 315 600 555 668; x_wconf 81' lang='lat' dir='ltr'>apertos</span> <span class='ocrx_word' id='word_1_31' title='bbox 582 594 768 649; x_wconf 88' lang='lat' dir='ltr'>fuisse</span> <span class='ocrx_word' id='word_1_32' title='bbox 809 611 1065 668; x_wconf 87' lang='lat' dir='ltr'>sequens</span> <span class='ocrx_word' id='word_1_33' title='bbox 1099 594 1259 653; x_wconf 80' lang='lat' dir='ltr'>ratio</span> <span class='ocrx_word' id='word_1_34' title='bbox 1284 598 1642 668; x_wconf 88' lang='lat' dir='ltr'>pronuntiat,</span> <span class='ocrx_word' id='word_1_35' title='bbox 1686 594 1833 653; x_wconf 87' lang='lat' dir='ltr'>dum</span> 
     </span>
    </p>
   </div>
   <div class='ocr_carea' id='block_1_7' title="bbox 178 665 1833 740">
    <p class='ocr_par' dir='ltr' id='par_1_7' title="bbox 178 665 1833 740">
     <span class='ocr_line' id='line_1_7' title="bbox 178 665 1833 740; baseline 0 -16"><span class='ocrx_word' id='word_1_36' title='bbox 178 665 369 739; x_wconf 72' lang='lat' dir='ltr'>aquee</span> <span class='ocrx_word' id='word_1_37' title='bbox 392 665 562 740; x_wconf 88' lang='lat' dir='ltr'>ibant</span> <span class='ocrx_word' id='word_1_38' title='bbox 582 671 640 721; x_wconf 91' lang='lat' dir='ltr'>et</span> <span class='ocrx_word' id='word_1_39' title='bbox 661 665 1108 740; x_wconf 76' lang='lat' dir='ltr'>revertebantur</span> <span class='ocrx_word' id='word_1_40' title='bbox 1128 668 1229 735; x_wconf 86' lang='lat' dir='ltr'>(Id.</span> <span class='ocrx_word' id='word_1_41' title='bbox 1264 665 1379 731; x_wconf 77' lang='lat' dir='ltr'>vni,</span> <span class='ocrx_word' id='word_1_42' title='bbox 1410 670 1485 740; x_wconf 92' lang='lat'>3).</span> <span class='ocrx_word' id='word_1_43' title='bbox 1514 672 1643 734; x_wconf 83' lang='lat' dir='ltr'>Quo</span> <span class='ocrx_word' id='word_1_44' title='bbox 1673 670 1833 724; x_wconf 90' lang='lat' dir='ltr'>enim</span> 
     </span>
    </p>
   </div>
   <div class='ocr_carea' id='block_1_8' title="bbox 175 737 1829 810">
    <p class='ocr_par' dir='ltr' id='par_1_8' title="bbox 175 737 1829 810">
     <span class='ocr_line' id='line_1_8' title="bbox 175 737 1829 810; baseline -0.001 -15"><span class='ocrx_word' id='word_1_45' title='bbox 175 737 647 801; x_wconf 63' lang='lat' dir='ltr'>revertebantur,</span> <span class='ocrx_word' id='word_1_46' title='bbox 669 737 781 791; x_wconf 88' lang='lat' dir='ltr'>nisi</span> <span class='ocrx_word' id='word_1_47' title='bbox 815 738 973 792; x_wconf 90' lang='lat' dir='ltr'>unde</span> <span class='ocrx_word' id='word_1_48' title='bbox 1004 745 1285 795; x_wconf 86' lang='lat' dir='ltr'>venerant</span> <span class='ocrx_word' id='word_1_49' title='bbox 1311 741 1338 797; x_wconf 82' lang='lat'><em>?</em></span> <span class='ocrx_word' id='word_1_50' title='bbox 1368 737 1472 796; x_wconf 85' lang='lat' dir='ltr'>Per</span> <span class='ocrx_word' id='word_1_51' title='bbox 1496 742 1690 796; x_wconf 88' lang='lat' dir='ltr'>fontes</span> <span class='ocrx_word' id='word_1_52' title='bbox 1722 740 1829 810; x_wconf 87' lang='lat' dir='ltr'>igi-</span> 
     </span>
    </p>
   </div>
   <div class='ocr_carea' id='block_1_9' title="bbox 179 810 1835 889">
    <p class='ocr_par' dir='ltr' id='par_1_9' title="bbox 179 810 1835 889">
     <span class='ocr_line' id='line_1_9' title="bbox 179 810 1835 889; baseline -0.001 -22"><span class='ocrx_word' id='word_1_53' title='bbox 179 819 278 867; x_wconf 85' lang='lat' dir='ltr'>tur</span> <span class='ocrx_word' id='word_1_54' title='bbox 308 816 540 889; x_wconf 38' lang='lat' dir='ltr'>aperlo-s</span> <span class='ocrx_word' id='word_1_55' title='bbox 571 824 743 889; x_wconf 53' lang='lat' dir='ltr'>aqua;</span> <span class='ocrx_word' id='word_1_56' title='bbox 780 810 1135 889; x_wconf 72' lang='lat' dir='ltr'>irruperant,</span> <span class='ocrx_word' id='word_1_57' title='bbox 1166 813 1266 889; x_wconf 85' lang='lat' dir='ltr'>qui</span> <span class='ocrx_word' id='word_1_58' title='bbox 1298 818 1449 882; x_wconf 88' lang='lat' dir='ltr'>post,</span> <span class='ocrx_word' id='word_1_59' title='bbox 1489 818 1547 866; x_wconf 91' lang='lat' dir='ltr'>ut</span> <span class='ocrx_word' id='word_1_60' title='bbox 1573 814 1835 867; x_wconf 89' lang='lat' dir='ltr'>cessaret</span> 
     </span>
    </p>
   </div>
   <div class='ocr_carea' id='block_1_10' title="bbox 176 880 1832 955">
    <p class='ocr_par' dir='ltr' id='par_1_10' title="bbox 176 880 1832 955">
     <span class='ocr_line' id='line_1_10' title="bbox 176 880 1832 955; baseline 0 -17"><span class='ocrx_word' id='word_1_61' title='bbox 176 880 429 952; x_wconf 86' lang='lat' dir='ltr'>eruptio,</span> <span class='ocrx_word' id='word_1_62' title='bbox 467 880 867 955; x_wconf 85' lang='lat' dir='ltr'>cl_ausi_erant.</span> <span class='ocrx_word' id='word_1_63' title='bbox 898 880 1014 955; x_wconf 80' lang='lat' dir='ltr'>Sed</span> <span class='ocrx_word' id='word_1_64' title='bbox 1036 880 1429 955; x_wconf 44' lang='lat' dir='ltr'>cum—iterum</span> <span class='ocrx_word' id='word_1_65' title='bbox 1462 899 1622 955; x_wconf 88' lang='lat' dir='ltr'>aqua</span> <span class='ocrx_word' id='word_1_66' title='bbox 1660 898 1832 938; x_wconf 89' lang='lat' dir='ltr'>revo-</span> 
     </span>
    </p>
   </div>
   <div class='ocr_carea' id='block_1_11' title="bbox 177 950 1828 1023">
    <p class='ocr_par' dir='ltr' id='par_1_11' title="bbox 177 950 1828 1023">
     <span class='ocr_line' id='line_1_11' title="bbox 177 950 1828 1023; baseline -0.001 -13"><span class='ocrx_word' id='word_1_67' title='bbox 177 950 433 1017; x_wconf 79' lang='lat' dir='ltr'>caretur,</span> <span class='ocrx_word' id='word_1_68' title='bbox 453 952 631 1007; x_wconf 89' lang='lat' dir='ltr'>etiam</span> <span class='ocrx_word' id='word_1_69' title='bbox 656 950 866 1023; x_wconf 82' lang='lat' dir='ltr'>fontes,</span> <span class='ocrx_word' id='word_1_70' title='bbox 884 952 984 1023; x_wconf 88' lang='lat' dir='ltr'>qui</span> <span class='ocrx_word' id='word_1_71' title='bbox 1001 953 1188 1008; x_wconf 90' lang='lat' dir='ltr'>clausi</span> <span class='ocrx_word' id='word_1_72' title='bbox 1204 954 1455 1019; x_wconf 86' lang='lat' dir='ltr'>fuerant,</span> <span class='ocrx_word' id='word_1_73' title='bbox 1472 950 1828 1009; x_wconf 71' lang='lat' dir='ltr'>reserantur.</span> 
     </span>
    </p>
   </div>
   <div class='ocr_carea' id='block_1_12' title="bbox 174 1022 1826 1102">
    <p class='ocr_par' dir='ltr' id='par_1_12' title="bbox 174 1022 1826 1102">
     <span class='ocr_line' id='line_1_12' title="bbox 174 1022 1826 1102; baseline -0.001 -21"><span class='ocrx_word' id='word_1_74' title='bbox 174 1034 266 1097; x_wconf 83' lang='lat' dir='ltr'>Aq</span> <span class='ocrx_word' id='word_1_75' title='bbox 277 1041 365 1080; x_wconf 71' lang='lat' dir='ltr'>uas</span> <span class='ocrx_word' id='word_1_76' title='bbox 390 1024 552 1102; x_wconf 83' lang='lat' dir='ltr'>enim</span> <span class='ocrx_word' id='word_1_77' title='bbox 567 1039 701 1093; x_wconf 64' lang='lat' dir='ltr'>quae</span> <span class='ocrx_word' id='word_1_78' title='bbox 726 1022 944 1102; x_wconf 76' lang='lat' dir='ltr'>clausis</span> <span class='ocrx_word' id='word_1_79' title='bbox 957 1024 1124 1102; x_wconf 84' lang='lat' dir='ltr'>janui</span> <span class='ocrx_word' id='word_1_80' title='bbox 1136 1026 1387 1102; x_wconf 83' lang='lat' dir='ltr'>s_venire</span> <span class='ocrx_word' id='word_1_81' title='bbox 1402 1042 1520 1102; x_wconf 87' lang='lat' dir='ltr'>non</span> <span class='ocrx_word' id='word_1_82' title='bbox 1534 1030 1826 1102; x_wconf 69' lang='lat' dir='ltr'>poterant,</span> 
     </span>
    </p>
   </div>
   <div class='ocr_carea' id='block_1_13' title="bbox 173 1095 1831 1223">
    <p class='ocr_par' dir='ltr' id='par_1_13' title="bbox 173 1095 1831 1223">
     <span class='ocr_line' id='line_1_13' title="bbox 173 1095 1831 1223; baseline -0.001 -71"><span class='ocrx_word' id='word_1_83' title='bbox 173 1095 488 1223; x_wconf 45' lang='lat' dir='ltr'>iibuomodo</span> <span class='ocrx_word' id='word_1_84' title='bbox 518 1101 695 1161; x_wconf 90' lang='lat' dir='ltr'>retro,</span> <span class='ocrx_word' id='word_1_85' title='bbox 727 1095 839 1148; x_wconf 87' lang='lat' dir='ltr'>nisi</span> <span class='ocrx_word' id='word_1_86' title='bbox 859 1096 1081 1175; x_wconf 77' lang='lat' dir='ltr'>apertis</span> <span class='ocrx_word' id='word_1_87' title='bbox 1111 1096 1391 1162; x_wconf 88' lang='lat' dir='ltr'>aditibus,</span> <span class='ocrx_word' id='word_1_88' title='bbox 1419 1095 1831 1177; x_wconf 54' lang='lat' dir='ltr'>rein&#39;trabant‘?</span> 
     </span>
     <span class='ocr_line' id='line_1_14' title="bbox 229 1166 1830 1223; baseline 0 0"><span class='ocrx_word' id='word_1_89' title='bbox 229 1185 260 1223; x_wconf 90' lang='lat' dir='ltr'>e</span> <span class='ocrx_word' id='word_1_90' title='bbox 290 1184 359 1223; x_wconf 92' lang='lat' dir='ltr'>eo</span> <span class='ocrx_word' id='word_1_91' title='bbox 384 1173 587 1221; x_wconf 91' lang='lat' dir='ltr'>autem</span> <span class='ocrx_word' id='word_1_92' title='bbox 617 1166 777 1223; x_wconf 80' lang='lat' dir='ltr'>quod</span> <span class='ocrx_word' id='word_1_93' title='bbox 811 1166 1045 1223; x_wconf 78' lang='lat' dir='ltr'>dicitur.</span> <span class='ocrx_word' id='word_1_94' title='bbox 1079 1169 1459 1223; x_wconf 71' lang='lat' dir='ltr'>Etcataracta:</span> <span class='ocrx_word' id='word_1_95' title='bbox 1488 1169 1603 1223; x_wconf 65' lang='lat' dir='ltr'>caeli</span> <span class='ocrx_word' id='word_1_96' title='bbox 1626 1173 1830 1223; x_wconf 52' lang='lat' dir='ltr'>aperta</span> 
     </span>
    </p>
   </div>
   <div class='ocr_carea' id='block_1_14' title="bbox 229 1166 1830 1239">
    <p class='ocr_par' dir='ltr' id='par_1_14' title="bbox 229 1166 1830 1239">
     <span class='ocr_line' id='line_1_15' title="bbox 229 1166 1830 1239; baseline 0 -16"><span class='ocrx_word' id='word_1_97' title='bbox 229 1185 260 1223; x_wconf 91' lang='lat' dir='ltr'>e</span> <span class='ocrx_word' id='word_1_98' title='bbox 290 1184 359 1223; x_wconf 93' lang='lat' dir='ltr'>eo</span> <span class='ocrx_word' id='word_1_99' title='bbox 384 1173 587 1239; x_wconf 75' lang='lat' dir='ltr'>autem</span> <span class='ocrx_word' id='word_1_100' title='bbox 617 1166 777 1239; x_wconf 87' lang='lat' dir='ltr'>quod</span> <span class='ocrx_word' id='word_1_101' title='bbox 811 1166 1045 1231; x_wconf 89' lang='lat' dir='ltr'>dicitur,</span> <span class='ocrx_word' id='word_1_102' title='bbox 1079 1169 1459 1223; x_wconf 73' lang='lat' dir='ltr'>Etcataraota:</span> <span class='ocrx_word' id='word_1_103' title='bbox 1488 1169 1830 1239; x_wconf 65' lang='grc' dir='ltr'>οωιὶαρθτικ</span> 
     </span>
    </p>
   </div>
   <div class='ocr_carea' id='block_1_15' title="bbox 174 1237 1831 1307">
    <p class='ocr_par' dir='ltr' id='par_1_15' title="bbox 174 1237 1831 1307">
     <span class='ocr_line' id='line_1_16' title="bbox 174 1237 1831 1307; baseline -0.001 -12"><span class='ocrx_word' id='word_1_104' title='bbox 174 1247 327 1305; x_wconf 82' lang='lat' dir='ltr'>sunt,</span> <span class='ocrx_word' id='word_1_105' title='bbox 358 1246 404 1293; x_wconf 84' lang='lat' dir='ltr'>et</span> <span class='ocrx_word' id='word_1_106' title='bbox 433 1237 589 1306; x_wconf 81' lang='lat' dir='ltr'>facta</span> <span class='ocrx_word' id='word_1_107' title='bbox 619 1244 695 1292; x_wconf 81' lang='lat' dir='ltr'>est</span> <span class='ocrx_word' id='word_1_108' title='bbox 717 1238 926 1307; x_wconf 83' lang='lat' dir='ltr'>pluvia,</span> <span class='ocrx_word' id='word_1_109' title='bbox 958 1254 1079 1293; x_wconf 92' lang='lat' dir='ltr'>non</span> <span class='ocrx_word' id='word_1_110' title='bbox 1113 1240 1328 1294; x_wconf 91' lang='lat' dir='ltr'>minori</span> <span class='ocrx_word' id='word_1_111' title='bbox 1356 1237 1831 1307; x_wconf 46' lang='lat' dir='ltr'>diligentia&#39;indi-</span> 
     </span>
    </p>
   </div>
   <div class='ocr_carea' id='block_1_16' title="bbox 174 1308 1830 1382">
    <p class='ocr_par' dir='ltr' id='par_1_16' title="bbox 174 1308 1830 1382">
     <span class='ocr_line' id='line_1_17' title="bbox 174 1308 1830 1382; baseline -0.001 -16"><span class='ocrx_word' id='word_1_112' title='bbox 174 1327 329 1382; x_wconf 85' lang='lat' dir='ltr'>gens</span> <span class='ocrx_word' id='word_1_113' title='bbox 354 1308 1341 1382; x_wconf 70' lang='lat' dir='ltr'>quaestio,diversisinquisitorum</span> <span class='ocrx_word' id='word_1_114' title='bbox 1363 1311 1666 1382; x_wconf 88' lang='lat' dir='ltr'>sententiis</span> <span class='ocrx_word' id='word_1_115' title='bbox 1696 1326 1830 1365; x_wconf 89' lang='lat' dir='ltr'>ven-</span> 
     </span>
    </p>
   </div>
   <div class='ocr_carea' id='block_1_17' title="bbox 176 1380 1832 1453">
    <p class='ocr_par' dir='ltr' id='par_1_17' title="bbox 176 1380 1832 1453">
     <span class='ocr_line' id='line_1_18' title="bbox 176 1380 1832 1453; baseline 0 -16"><span class='ocrx_word' id='word_1_116' title='bbox 176 1380 347 1438; x_wconf 76' lang='lat' dir='ltr'>tilata</span> <span class='ocrx_word' id='word_1_117' title='bbox 373 1380 759 1453; x_wconf 63' lang='lat' dir='ltr'>dignoscitur,</span> <span class='ocrx_word' id='word_1_118' title='bbox 802 1380 1482 1453; x_wconf 88' lang='lat' dir='ltr'>Quibusdamnamque</span> <span class='ocrx_word' id='word_1_119' title='bbox 1524 1381 1733 1453; x_wconf 88' lang='lat' dir='ltr'>placet,</span> <span class='ocrx_word' id='word_1_120' title='bbox 1771 1386 1832 1437; x_wconf 87' lang='lat' dir='ltr'>ut</span> 
     </span>
    </p>
   </div>
   <div class='ocr_carea' id='block_1_18' title="bbox 176 1450 1830 1524">
    <p class='ocr_par' dir='ltr' id='par_1_18' title="bbox 176 1450 1830 1524">
     <span class='ocr_line' id='line_1_19' title="bbox 176 1450 1830 1524; baseline -0.001 -15"><span class='ocrx_word' id='word_1_121' title='bbox 176 1456 308 1509; x_wconf 67' lang='lat' dir='ltr'>istae</span> <span class='ocrx_word' id='word_1_122' title='bbox 329 1450 644 1508; x_wconf 66' lang='lat' dir='ltr'>cataractae</span> <span class='ocrx_word' id='word_1_123' title='bbox 663 1450 925 1506; x_wconf 90' lang='lat' dir='ltr'>nubibus</span> <span class='ocrx_word' id='word_1_124' title='bbox 946 1457 1165 1524; x_wconf 79' lang='lat' dir='ltr'>apertae</span> <span class='ocrx_word' id='word_1_125' title='bbox 1179 1452 1357 1509; x_wconf 83' lang='lat' dir='ltr'>fuisse</span> <span class='ocrx_word' id='word_1_126' title='bbox 1380 1450 1680 1523; x_wconf 79' lang='lat' dir='ltr'>putentur,</span> <span class='ocrx_word' id='word_1_127' title='bbox 1702 1469 1830 1524; x_wconf 66' lang='lat' dir='ltr'>quae</span> 
     </span>
    </p>
   </div>
   <div class='ocr_carea' id='block_1_19' title="bbox 178 1522 1830 1597">
    <p class='ocr_par' dir='ltr' id='par_1_19' title="bbox 178 1522 1830 1597">
     <span class='ocr_line' id='line_1_20' title="bbox 178 1522 1830 1597; baseline 0 -18"><span class='ocrx_word' id='word_1_128' title='bbox 178 1541 340 1597; x_wconf 63' lang='lat' dir='ltr'>saepe</span> <span class='ocrx_word' id='word_1_129' title='bbox 370 1525 499 1579; x_wconf 75' lang='lat' dir='ltr'>cmli</span> <span class='ocrx_word' id='word_1_130' title='bbox 532 1524 775 1597; x_wconf 83' lang='lat' dir='ltr'>nomine</span> <span class='ocrx_word' id='word_1_131' title='bbox 819 1522 1555 1597; x_wconf 9' lang='lat' dir='ltr'>perAScriptrurasdivinas</span> <span class='ocrx_word' id='word_1_132' title='bbox 1600 1522 1830 1597; x_wconf 46' lang='lat' dir='ltr'>nun—cu-</span> 
     </span>
    </p>
   </div>
   <div class='ocr_carea' id='block_1_20' title="bbox 174 1594 1827 1670">
    <p class='ocr_par' dir='ltr' id='par_1_20' title="bbox 174 1594 1827 1670">
     <span class='ocr_line' id='line_1_21' title="bbox 174 1594 1827 1670; baseline -0.002 -17"><span class='ocrx_word' id='word_1_133' title='bbox 174 1594 416 1670; x_wconf 82' lang='lat' dir='ltr'>pantur,</span> <span class='ocrx_word' id='word_1_134' title='bbox 452 1594 762 1670; x_wconf 84' lang='lat' dir='ltr'>quomodo</span> <span class='ocrx_word' id='word_1_135' title='bbox 788 1600 875 1648; x_wconf 90' lang='lat' dir='ltr'>est</span> <span class='ocrx_word' id='word_1_136' title='bbox 907 1595 1073 1660; x_wconf 88' lang='lat' dir='ltr'>illud,</span> <span class='ocrx_word' id='word_1_137' title='bbox 1110 1596 1185 1670; x_wconf 52' lang='lat' dir='ltr'>ﬁt</span> <span class='ocrx_word' id='word_1_138' title='bbox 1210 1596 1329 1650; x_wconf 68' lang='lat' dir='ltr'>caeli</span> <span class='ocrx_word' id='word_1_139' title='bbox 1359 1596 1565 1651; x_wconf 84' lang='lat' dir='ltr'>dabunt</span> <span class='ocrx_word' id='word_1_140' title='bbox 1586 1596 1827 1670; x_wconf 51' lang='lat' dir='ltr'>imbrem,</span> 
     </span>
    </p>
   </div>
   <div class='ocr_carea' id='block_1_21' title="bbox 172 1666 1827 1735">
    <p class='ocr_par' dir='ltr' id='par_1_21' title="bbox 172 1666 1827 1735">
     <span class='ocr_line' id='line_1_22' title="bbox 172 1666 1827 1735; baseline -0.002 -12"><span class='ocrx_word' id='word_1_141' title='bbox 172 1666 230 1723; x_wconf 65' lang='lat' dir='ltr'>Et</span> <span class='ocrx_word' id='word_1_142' title='bbox 284 1677 432 1724; x_wconf 79' lang='lat' dir='ltr'>terra</span> <span class='ocrx_word' id='word_1_143' title='bbox 460 1666 615 1721; x_wconf 75' lang='lat' dir='ltr'>dabit</span> <span class='ocrx_word' id='word_1_144' title='bbox 643 1667 886 1735; x_wconf 78' lang='lat' dir='ltr'>fructum</span> <span class='ocrx_word' id='word_1_145' title='bbox 916 1682 1074 1721; x_wconf 85' lang='lat' dir='ltr'>suum</span> <span class='ocrx_word' id='word_1_146' title='bbox 1106 1666 1305 1733; x_wconf 81' lang='lat' dir='ltr'>(Jerem</span> <span class='ocrx_word' id='word_1_147' title='bbox 1336 1684 1452 1735; x_wconf 85' lang='lat' dir='ltr'>xw,</span> <span class='ocrx_word' id='word_1_148' title='bbox 1501 1672 1571 1721; x_wconf 74' lang='lat'>22</span> <span class='ocrx_word' id='word_1_149' title='bbox 1614 1686 1630 1734; x_wconf 88' lang='lat'><strong>;</strong></span> <span class='ocrx_word' id='word_1_150' title='bbox 1682 1667 1827 1721; x_wconf 81' lang='lat' dir='ltr'>Psal.</span> 
     </span>
    </p>
   </div>
   <div class='ocr_carea' id='block_1_22' title="bbox 173 1737 1826 1809">
    <p class='ocr_par' dir='ltr' id='par_1_22' title="bbox 173 1737 1826 1809">
     <span class='ocr_line' id='line_1_23' title="bbox 173 1737 1826 1809; baseline -0.003 -13"><span class='ocrx_word' id='word_1_151' title='bbox 173 1755 411 1805; x_wconf 72' lang='lat' dir='ltr'>Lxxxw,</span> <span class='ocrx_word' id='word_1_152' title='bbox 448 1741 535 1806; x_wconf 86' lang='grc'>13)</span> <span class='ocrx_word' id='word_1_153' title='bbox 570 1753 583 1801; x_wconf 91' lang='grc'>;</span> <span class='ocrx_word' id='word_1_154' title='bbox 615 1742 691 1803; x_wconf 87' lang='lat' dir='ltr'>et,</span> <span class='ocrx_word' id='word_1_155' title='bbox 722 1737 924 1790; x_wconf 83' lang='lat' dir='ltr'>Panem</span> <span class='ocrx_word' id='word_1_156' title='bbox 952 1738 1067 1791; x_wconf 77' lang='lat' dir='ltr'>cwli</span> <span class='ocrx_word' id='word_1_157' title='bbox 1098 1738 1247 1793; x_wconf 72' lang='lat' dir='ltr'>dedit</span> <span class='ocrx_word' id='word_1_158' title='bbox 1288 1741 1368 1794; x_wconf 75' lang='lat' dir='ltr'>eis</span> <span class='ocrx_word' id='word_1_159' title='bbox 1402 1739 1570 1809; x_wconf 80' lang='lat' dir='ltr'>(Psal.</span> <span class='ocrx_word' id='word_1_160' title='bbox 1616 1754 1826 1804; x_wconf 82' lang='lat' dir='ltr'>Lxxvu,</span> 
     </span>
    </p>
   </div>
   <div class='ocr_carea' id='block_1_23' title="bbox 174 1809 1827 1881">
    <p class='ocr_par' dir='ltr' id='par_1_23' title="bbox 174 1809 1827 1881">
     <span class='ocr_line' id='line_1_24' title="bbox 174 1809 1827 1881; baseline -0.002 -15"><span class='ocrx_word' id='word_1_161' title='bbox 174 1812 272 1881; x_wconf 79' lang='grc'>24)</span> <span class='ocrx_word' id='word_1_162' title='bbox 300 1828 313 1876; x_wconf 90' lang='grc'>;</span> <span class='ocrx_word' id='word_1_163' title='bbox 340 1818 414 1875; x_wconf 85' lang='lat' dir='ltr'>et,</span> <span class='ocrx_word' id='word_1_164' title='bbox 445 1809 798 1881; x_wconf 70' lang='lat' dir='ltr'>Possintqves</span> <span class='ocrx_word' id='word_1_165' title='bbox 818 1809 932 1881; x_wconf 68' lang='lat' dir='ltr'>creti</span> <span class='ocrx_word' id='word_1_166' title='bbox 962 1810 1208 1864; x_wconf 74' lang='lat' dir='ltr'>habitare</span> <span class='ocrx_word' id='word_1_167' title='bbox 1242 1811 1436 1880; x_wconf 81' lang='lat' dir='ltr'>(Marc.</span> <span class='ocrx_word' id='word_1_168' title='bbox 1471 1826 1548 1875; x_wconf 87' lang='lat' dir='ltr'>1v,</span> <span class='ocrx_word' id='word_1_169' title='bbox 1582 1814 1670 1877; x_wconf 85' lang='lat'>32)</span> <span class='ocrx_word' id='word_1_170' title='bbox 1707 1827 1720 1874; x_wconf 85' lang='lat'><strong>;</strong></span> <span class='ocrx_word' id='word_1_171' title='bbox 1753 1816 1827 1874; x_wconf 90' lang='lat' dir='ltr'>et,</span> 
     </span>
    </p>
   </div>
   <div class='ocr_carea' id='block_1_24' title="bbox 194 1879 1827 1951">
    <p class='ocr_par' dir='ltr' id='par_1_24' title="bbox 194 1879 1827 1951">
     <span class='ocr_line' id='line_1_25' title="bbox 194 1879 1827 1951; baseline -0.002 -14"><span class='ocrx_word' id='word_1_172' title='bbox 194 1879 441 1937; x_wconf 75' lang='lat' dir='ltr'>Vctucres</span> <span class='ocrx_word' id='word_1_173' title='bbox 470 1880 588 1935; x_wconf 72' lang='lat' dir='ltr'>creti</span> <span class='ocrx_word' id='word_1_174' title='bbox 618 1879 769 1933; x_wconf 74' lang='lat' dir='ltr'>nidos</span> <span class='ocrx_word' id='word_1_175' title='bbox 811 1880 1001 1936; x_wconf 81' lang='lat' dir='ltr'>habent</span> <span class='ocrx_word' id='word_1_176' title='bbox 1033 1880 1131 1935; x_wconf 73' lang='lat' dir='ltr'>ubi</span> <span class='ocrx_word' id='word_1_177' title='bbox 1169 1882 1512 1951; x_wconf 79' lang='lat' dir='ltr'>requiescunt</span> <span class='ocrx_word' id='word_1_178' title='bbox 1560 1881 1715 1949; x_wconf 82' lang='lat' dir='ltr'>(Luc.</span> <span class='ocrx_word' id='word_1_179' title='bbox 1747 1896 1827 1945; x_wconf 82' lang='lat' dir='ltr'>IX,</span> 
     </span>
    </p>
   </div>
   <div class='ocr_carea' id='block_1_25' title="bbox 180 1952 1831 2023">
    <p class='ocr_par' dir='ltr' id='par_1_25' title="bbox 180 1952 1831 2023">
     <span class='ocr_line' id='line_1_26' title="bbox 180 1952 1831 2023; baseline -0.002 -13"><span class='ocrx_word' id='word_1_180' title='bbox 180 1956 273 2023; x_wconf 80' lang='lat'>68)</span> <span class='ocrx_word' id='word_1_181' title='bbox 310 1955 336 2010; x_wconf 74' lang='lat'><strong>?</strong></span> <span class='ocrx_word' id='word_1_182' title='bbox 368 1953 705 2007; x_wconf 88' lang='lat' dir='ltr'>Cataraclas</span> <span class='ocrx_word' id='word_1_183' title='bbox 733 1967 873 2019; x_wconf 87' lang='lat' dir='ltr'>ergo</span> <span class='ocrx_word' id='word_1_184' title='bbox 906 1954 963 2007; x_wconf 88' lang='lat' dir='ltr'>in</span> <span class='ocrx_word' id='word_1_185' title='bbox 986 1952 1155 2018; x_wconf 57' lang='lat' dir='ltr'>caelo,</span> <span class='ocrx_word' id='word_1_186' title='bbox 1181 1954 1241 2007; x_wconf 89' lang='lat' dir='ltr'>in</span> <span class='ocrx_word' id='word_1_187' title='bbox 1273 1953 1533 2008; x_wconf 88' lang='lat' dir='ltr'>nubibus</span> <span class='ocrx_word' id='word_1_188' title='bbox 1558 1952 1831 2007; x_wconf 83' lang='lat' dir='ltr'>videlicet</span> 
     </span>
    </p>
   </div>
   <div class='ocr_carea' id='block_1_26' title="bbox 176 2022 1826 2094">
    <p class='ocr_par' dir='ltr' id='par_1_26' title="bbox 176 2022 1826 2094">
     <span class='ocr_line' id='line_1_27' title="bbox 176 2022 1826 2094; baseline -0.002 -13"><span class='ocrx_word' id='word_1_189' title='bbox 176 2022 373 2081; x_wconf 84' lang='lat' dir='ltr'>faelas</span> <span class='ocrx_word' id='word_1_190' title='bbox 416 2030 477 2078; x_wconf 91' lang='lat' dir='ltr'>ut</span> <span class='ocrx_word' id='word_1_191' title='bbox 530 2022 735 2093; x_wconf 88' lang='lat' dir='ltr'>pluvia</span> <span class='ocrx_word' id='word_1_192' title='bbox 784 2023 1027 2093; x_wconf 89' lang='lat' dir='ltr'>veniret,</span> <span class='ocrx_word' id='word_1_193' title='bbox 1084 2024 1162 2078; x_wconf 92' lang='lat' dir='ltr'>illi</span> <span class='ocrx_word' id='word_1_194' title='bbox 1208 2024 1474 2094; x_wconf 67' lang='lat' dir='ltr'>prtedicti</span> <span class='ocrx_word' id='word_1_195' title='bbox 1514 2024 1826 2089; x_wconf 60' lang='lat' dir='ltr'>aestimant,</span> 
     </span>
    </p>
   </div>
   <div class='ocr_carea' id='block_1_27' title="bbox 176 2094 1831 2169">
    <p class='ocr_par' dir='ltr' id='par_1_27' title="bbox 176 2094 1831 2169">
     <span class='ocr_line' id='line_1_28' title="bbox 176 2094 1831 2169; baseline -0.002 -17"><span class='ocrx_word' id='word_1_196' title='bbox 176 2094 704 2169; x_wconf 78' lang='lat' dir='ltr'>quemadmodum</span> <span class='ocrx_word' id='word_1_197' title='bbox 737 2094 944 2169; x_wconf 77' lang='lat' dir='ltr'>etiam_</span> <span class='ocrx_word' id='word_1_198' title='bbox 970 2111 1128 2150; x_wconf 89' lang='lat' dir='ltr'>nunc</span> <span class='ocrx_word' id='word_1_199' title='bbox 1160 2097 1270 2151; x_wconf 89' lang='lat' dir='ltr'>tale</span> <span class='ocrx_word' id='word_1_200' title='bbox 1301 2095 1695 2169; x_wconf 70' lang='lat' dir='ltr'>ministerium</span> <span class='ocrx_word' id='word_1_201' title='bbox 1727 2110 1831 2164; x_wconf 89' lang='lat' dir='ltr'>per</span> 
     </span>
    </p>
   </div>
   <div class='ocr_carea' id='block_1_28' title="bbox 177 2166 1829 2235">
    <p class='ocr_par' dir='ltr' id='par_1_28' title="bbox 177 2166 1829 2235">
     <span class='ocr_line' id='line_1_29' title="bbox 177 2166 1829 2235; baseline -0.002 -11"><span class='ocrx_word' id='word_1_202' title='bbox 177 2166 375 2225; x_wconf 76' lang='lat' dir='ltr'>nubes</span> <span class='ocrx_word' id='word_1_203' title='bbox 421 2166 545 2221; x_wconf 85' lang='lat' dir='ltr'>ﬁeri</span> <span class='ocrx_word' id='word_1_204' title='bbox 574 2171 730 2221; x_wconf 86' lang='lat' dir='ltr'>totus</span> <span class='ocrx_word' id='word_1_205' title='bbox 760 2167 1022 2220; x_wconf 91' lang='lat' dir='ltr'>mundus</span> <span class='ocrx_word' id='word_1_206' title='bbox 1074 2182 1196 2221; x_wconf 91' lang='lat' dir='ltr'>non</span> <span class='ocrx_word' id='word_1_207' title='bbox 1226 2168 1501 2235; x_wconf 84' lang='lat' dir='ltr'>ambigit.</span> <span class='ocrx_word' id='word_1_208' title='bbox 1533 2166 1649 2220; x_wconf 90' lang='lat' dir='ltr'>Sed</span> <span class='ocrx_word' id='word_1_209' title='bbox 1690 2171 1829 2220; x_wconf 90' lang='lat' dir='ltr'>tunc</span> 
     </span>
    </p>
   </div>
   <div class='ocr_carea' id='block_1_29' title="bbox 176 2236 1831 2308">
    <p class='ocr_par' dir='ltr' id='par_1_29' title="bbox 176 2236 1831 2308">
     <span class='ocr_line' id='line_1_30' title="bbox 176 2236 1831 2308; baseline -0.004 -12"><span class='ocrx_word' id='word_1_210' title='bbox 176 2244 512 2296; x_wconf 87' lang='lat' dir='ltr'>cataractas</span> <span class='ocrx_word' id='word_1_211' title='bbox 544 2237 673 2291; x_wconf 81' lang='lat' dir='ltr'>cceli</span> <span class='ocrx_word' id='word_1_212' title='bbox 704 2243 941 2307; x_wconf 91' lang='lat' dir='ltr'>apertas</span> <span class='ocrx_word' id='word_1_213' title='bbox 974 2236 1278 2308; x_wconf 88' lang='lat' dir='ltr'>Scriptura</span> <span class='ocrx_word' id='word_1_214' title='bbox 1308 2244 1517 2293; x_wconf 86' lang='lat' dir='ltr'>sancta</span> <span class='ocrx_word' id='word_1_215' title='bbox 1564 2253 1831 2292; x_wconf 88' lang='lat' dir='ltr'>comme-</span> 
     </span>
    </p>
   </div>
   <div class='ocr_carea' id='block_1_30' title="bbox 177 2307 1829 2379">
    <p class='ocr_par' dir='ltr' id='par_1_30' title="bbox 177 2307 1829 2379">
     <span class='ocr_line' id='line_1_31' title="bbox 177 2307 1829 2379; baseline -0.003 -12"><span class='ocrx_word' id='word_1_216' title='bbox 177 2314 400 2373; x_wconf 88' lang='lat' dir='ltr'>morat,</span> <span class='ocrx_word' id='word_1_217' title='bbox 437 2309 603 2379; x_wconf 92' lang='lat' dir='ltr'>quod</span> <span class='ocrx_word' id='word_1_218' title='bbox 647 2307 823 2363; x_wconf 91' lang='lat' dir='ltr'>solito</span> <span class='ocrx_word' id='word_1_219' title='bbox 854 2310 1002 2379; x_wconf 88' lang='lat' dir='ltr'>plus,</span> <span class='ocrx_word' id='word_1_220' title='bbox 1060 2307 1273 2379; x_wconf 88' lang='lat' dir='ltr'>ingens</span> <span class='ocrx_word' id='word_1_221' title='bbox 1314 2308 1525 2364; x_wconf 77' lang='lat' dir='ltr'>effusio</span> <span class='ocrx_word' id='word_1_222' title='bbox 1557 2308 1829 2379; x_wconf 85' lang='lat' dir='ltr'>pluvialis</span> 
     </span>
    </p>
   </div>
   <div class='ocr_carea' id='block_1_31' title="bbox 173 2380 1829 2438">
    <p class='ocr_par' dir='ltr' id='par_1_31' title="bbox 173 2380 1829 2438">
     <span class='ocr_line' id='line_1_32' title="bbox 173 2380 1829 2438; baseline -0.002 0"><span class='ocrx_word' id='word_1_223' title='bbox 173 2384 343 2438; x_wconf 85' lang='lat' dir='ltr'>facta</span> <span class='ocrx_word' id='word_1_224' title='bbox 371 2386 512 2436; x_wconf 89' lang='lat' dir='ltr'>erat.</span> <span class='ocrx_word' id='word_1_225' title='bbox 546 2380 741 2435; x_wconf 83' lang='lat' dir='ltr'>Caeteri</span> <span class='ocrx_word' id='word_1_226' title='bbox 779 2395 917 2435; x_wconf 90' lang='lat' dir='ltr'>vero</span> <span class='ocrx_word' id='word_1_227' title='bbox 945 2382 1087 2436; x_wconf 89' lang='lat' dir='ltr'>istas</span> <span class='ocrx_word' id='word_1_228' title='bbox 1127 2386 1453 2436; x_wconf 83' lang='lat' dir='ltr'>cataractas</span> <span class='ocrx_word' id='word_1_229' title='bbox 1493 2380 1553 2434; x_wconf 91' lang='lat' dir='ltr'>in</span> <span class='ocrx_word' id='word_1_230' title='bbox 1587 2395 1829 2434; x_wconf 91' lang='lat' dir='ltr'>summo</span> 
     </span>
    </p>
   </div>
   <div class='ocr_carea' id='block_1_32' title="bbox 176 2451 1855 2522">
    <p class='ocr_par' dir='ltr' id='par_1_32' title="bbox 176 2451 1855 2522">
     <span class='ocr_line' id='line_1_33' title="bbox 176 2451 1855 2522; baseline -0.001 -13"><span class='ocrx_word' id='word_1_231' title='bbox 176 2454 284 2509; x_wconf 90' lang='lat' dir='ltr'>illo</span> <span class='ocrx_word' id='word_1_232' title='bbox 317 2453 721 2515; x_wconf 78' lang='lat' dir='ltr'>firmamento,</span> <span class='ocrx_word' id='word_1_233' title='bbox 752 2451 914 2522; x_wconf 91' lang='lat' dir='ltr'>quod</span> <span class='ocrx_word' id='word_1_234' title='bbox 964 2452 1337 2522; x_wconf 90' lang='lat' dir='ltr'>utdivideret</span> <span class='ocrx_word' id='word_1_235' title='bbox 1367 2452 1516 2507; x_wconf 90' lang='lat' dir='ltr'>inter</span> <span class='ocrx_word' id='word_1_236' title='bbox 1546 2467 1739 2522; x_wconf 89' lang='lat' dir='ltr'>aquas</span> <span class='ocrx_word' id='word_1_237' title='bbox 1775 2456 1855 2507; x_wconf 84' lang='lat' dir='ltr'>et-</span> 
     </span>
    </p>
   </div>
   <div class='ocr_carea' id='block_1_33' title="bbox 179 2521 1828 2596">
    <p class='ocr_par' dir='ltr' id='par_1_33' title="bbox 179 2521 1828 2596">
     <span class='ocr_line' id='line_1_34' title="bbox 179 2521 1828 2596; baseline -0.004 -14"><span class='ocrx_word' id='word_1_238' title='bbox 179 2540 397 2596; x_wconf 85' lang='lat' dir='ltr'>aquas,</span> <span class='ocrx_word' id='word_1_239' title='bbox 443 2526 593 2596; x_wconf 89' lang='lat' dir='ltr'>Deus</span> <span class='ocrx_word' id='word_1_240' title='bbox 622 2523 683 2576; x_wconf 91' lang='lat' dir='ltr'>in</span> <span class='ocrx_word' id='word_1_241' title='bbox 712 2521 1000 2596; x_wconf 83' lang='lat' dir='ltr'>principio</span> <span class='ocrx_word' id='word_1_242' title='bbox 1024 2521 1258 2587; x_wconf 82' lang='lat' dir='ltr'>fecerat,</span> <span class='ocrx_word' id='word_1_243' title='bbox 1293 2523 1479 2579; x_wconf 87' lang='lat' dir='ltr'>factas</span> <span class='ocrx_word' id='word_1_244' title='bbox 1510 2521 1675 2596; x_wconf 74' lang='lat' dir='ltr'>prius</span> <span class='ocrx_word' id='word_1_245' title='bbox 1700 2537 1828 2576; x_wconf 90' lang='lat' dir='ltr'>esse</span> 
     </span>
    </p>
   </div>
   <div class='ocr_carea' id='block_1_34' title="bbox 175 2593 1827 2665">
    <p class='ocr_par' dir='ltr' id='par_1_34' title="bbox 175 2593 1827 2665">
     <span class='ocr_line' id='line_1_35' title="bbox 175 2593 1827 2665; baseline -0.002 -13"><span class='ocrx_word' id='word_1_246' title='bbox 175 2593 392 2652; x_wconf 79' lang='lat' dir='ltr'>dicunt</span> <span class='ocrx_word' id='word_1_247' title='bbox 419 2611 433 2648; x_wconf 89' lang='lat'><strong>:</strong></span> <span class='ocrx_word' id='word_1_248' title='bbox 461 2594 563 2665; x_wconf 91' lang='lat' dir='ltr'>qui</span> <span class='ocrx_word' id='word_1_249' title='bbox 607 2597 788 2648; x_wconf 91' lang='lat' dir='ltr'>Deum</span> <span class='ocrx_word' id='word_1_250' title='bbox 811 2593 942 2665; x_wconf 88' lang='lat' dir='ltr'>illas</span> <span class='ocrx_word' id='word_1_251' title='bbox 967 2609 1177 2665; x_wconf 87' lang='lat' dir='ltr'>aquas,</span> <span class='ocrx_word' id='word_1_252' title='bbox 1219 2610 1373 2665; x_wconf 88' lang='lat' dir='ltr'>quas</span> <span class='ocrx_word' id='word_1_253' title='bbox 1414 2608 1598 2664; x_wconf 88' lang='lat' dir='ltr'>supra</span> <span class='ocrx_word' id='word_1_254' title='bbox 1624 2594 1827 2648; x_wconf 86' lang='lat' dir='ltr'>firma-</span> 
     </span>
    </p>
   </div>
   <div class='ocr_carea' id='block_1_35' title="bbox 177 2664 1833 2736">
    <p class='ocr_par' dir='ltr' id='par_1_35' title="bbox 177 2664 1833 2736">
     <span class='ocr_line' id='line_1_36' title="bbox 177 2664 1833 2736; baseline -0.004 -12"><span class='ocrx_word' id='word_1_255' title='bbox 177 2672 454 2724; x_wconf 84' lang='lat' dir='ltr'>mentum</span> <span class='ocrx_word' id='word_1_256' title='bbox 479 2664 775 2736; x_wconf 82' lang='lat' dir='ltr'>posuerat,</span> <span class='ocrx_word' id='word_1_257' title='bbox 805 2664 884 2719; x_wconf 89' lang='lat' dir='ltr'>ad</span> <span class='ocrx_word' id='word_1_258' title='bbox 906 2664 1435 2721; x_wconf 32' lang='lat' dir='ltr'>tale’ministerium</span> <span class='ocrx_word' id='word_1_259' title='bbox 1464 2680 1833 2736; x_wconf 64' lang='lat' dir='ltr'>praeparasse</span> 
     </span>
    </p>
   </div>
   <div class='ocr_carea' id='block_1_36' title="bbox 176 2734 1835 2807">
    <p class='ocr_par' dir='ltr' id='par_1_36' title="bbox 176 2734 1835 2807">
     <span class='ocr_line' id='line_1_37' title="bbox 176 2734 1835 2807; baseline -0.004 -12"><span class='ocrx_word' id='word_1_260' title='bbox 176 2740 393 2795; x_wconf 87' lang='lat' dir='ltr'>dicunt</span> <span class='ocrx_word' id='word_1_261' title='bbox 424 2755 436 2792; x_wconf 93' lang='lat'><strong>:</strong></span> <span class='ocrx_word' id='word_1_262' title='bbox 470 2734 613 2792; x_wconf 81' lang='lat' dir='ltr'>etin</span> <span class='ocrx_word' id='word_1_263' title='bbox 644 2736 756 2791; x_wconf 89' lang='lat' dir='ltr'>hac</span> <span class='ocrx_word' id='word_1_264' title='bbox 784 2736 1122 2803; x_wconf 84' lang='lat' dir='ltr'>conditione</span> <span class='ocrx_word' id='word_1_265' title='bbox 1153 2742 1209 2791; x_wconf 91' lang='lat' dir='ltr'>et</span> <span class='ocrx_word' id='word_1_266' title='bbox 1253 2734 1576 2807; x_wconf 83' lang='lat' dir='ltr'>superioris</span> <span class='ocrx_word' id='word_1_267' title='bbox 1604 2742 1659 2789; x_wconf 90' lang='lat' dir='ltr'>et</span> <span class='ocrx_word' id='word_1_268' title='bbox 1685 2734 1835 2790; x_wconf 85' lang='lat' dir='ltr'>infe-</span> 
     </span>
    </p>
   </div>
   <div class='ocr_carea' id='block_1_37' title="bbox 176 2806 1833 2879">
    <p class='ocr_par' dir='ltr' id='par_1_37' title="bbox 176 2806 1833 2879">
     <span class='ocr_line' id='line_1_38' title="bbox 176 2806 1833 2879; baseline -0.004 -12"><span class='ocrx_word' id='word_1_269' title='bbox 176 2813 357 2868; x_wconf 86' lang='lat' dir='ltr'>rioris</span> <span class='ocrx_word' id='word_1_270' title='bbox 378 2824 572 2879; x_wconf 60' lang='lat' dir='ltr'>aquas,</span> <span class='ocrx_word' id='word_1_271' title='bbox 598 2808 750 2862; x_wconf 86' lang='lat' dir='ltr'>sacri</span> <span class='ocrx_word' id='word_1_272' title='bbox 776 2809 1157 2878; x_wconf 86' lang='lat' dir='ltr'>Baptismatis</span> <span class='ocrx_word' id='word_1_273' title='bbox 1183 2806 1575 2879; x_wconf 84' lang='lat' dir='ltr'>ministerium</span> <span class='ocrx_word' id='word_1_274' title='bbox 1603 2806 1833 2875; x_wconf 84' lang='lat' dir='ltr'>ﬁgurati</span> 
     </span>
    </p>
   </div>
   <div class='ocr_carea' id='block_1_38' title="bbox 175 2878 1831 2954">
    <p class='ocr_par' dir='ltr' id='par_1_38' title="bbox 175 2878 1831 2954">
     <span class='ocr_line' id='line_1_39' title="bbox 175 2878 1831 2954; baseline -0.004 -16"><span class='ocrx_word' id='word_1_275' title='bbox 175 2878 552 2954; x_wconf 74' lang='lat' dir='ltr'>expositibne</span> <span class='ocrx_word' id='word_1_276' title='bbox 578 2879 1082 2954; x_wconf 82' lang='lat' dir='ltr'>inspiciunt,dum</span> <span class='ocrx_word' id='word_1_277' title='bbox 1105 2878 1520 2954; x_wconf 73' lang='lat' dir='ltr'>percmlestem</span> <span class='ocrx_word' id='word_1_278' title='bbox 1550 2879 1831 2954; x_wconf 79' lang='lat' dir='ltr'>pluviam,</span> 
     </span>
    </p>
   </div>
   <div class='ocr_carea' id='block_1_39' title="bbox 180 2950 1835 3026">
    <p class='ocr_par' dir='ltr' id='par_1_39' title="bbox 180 2950 1835 3026">
     <span class='ocr_line' id='line_1_40' title="bbox 180 2950 1835 3026; baseline -0.004 -17"><span class='ocrx_word' id='word_1_279' title='bbox 180 2950 474 3026; x_wconf 75' lang='lat' dir='ltr'>Spiritum</span> <span class='ocrx_word' id='word_1_280' title='bbox 495 2956 796 3026; x_wconf 78' lang='lat' dir='ltr'>sanctum;</span> <span class='ocrx_word' id='word_1_281' title='bbox 818 2950 1144 3026; x_wconf 86' lang='lat' dir='ltr'>perabyssi</span> <span class='ocrx_word' id='word_1_282' title='bbox 1175 2953 1421 3015; x_wconf 91' lang='lat' dir='ltr'>undam,</span> <span class='ocrx_word' id='word_1_283' title='bbox 1439 2966 1661 3026; x_wconf 84' lang='lat' dir='ltr'>aquam</span> <span class='ocrx_word' id='word_1_284' title='bbox 1683 2950 1835 3026; x_wconf 78' lang='lat' dir='ltr'>Bap-</span> 
     </span>
    </p>
   </div>
   <div class='ocr_carea' id='block_1_40' title="bbox 176 3020 1835 3093">
    <p class='ocr_par' dir='ltr' id='par_1_40' title="bbox 176 3020 1835 3093">
     <span class='ocr_line' id='line_1_41' title="bbox 176 3020 1835 3093; baseline -0.004 -13"><span class='ocrx_word' id='word_1_285' title='bbox 176 3020 439 3081; x_wconf 80' lang='lat' dir='ltr'>tismatis</span> <span class='ocrx_word' id='word_1_286' title='bbox 464 3020 799 3093; x_wconf 87' lang='lat' dir='ltr'>intelligunt</span> <span class='ocrx_word' id='word_1_287' title='bbox 820 3020 842 3072; x_wconf 20' lang='lat'>7:</span> <span class='ocrx_word' id='word_1_288' title='bbox 880 3025 943 3075; x_wconf 87' lang='lat' dir='ltr'>ut</span> <span class='ocrx_word' id='word_1_289' title='bbox 960 3020 1112 3077; x_wconf 79' lang='lat' dir='ltr'>sicut</span> <span class='ocrx_word' id='word_1_290' title='bbox 1143 3038 1303 3093; x_wconf 89' lang='lat' dir='ltr'>aqua</span> <span class='ocrx_word' id='word_1_291' title='bbox 1329 3022 1596 3091; x_wconf 91' lang='lat' dir='ltr'>superior</span> <span class='ocrx_word' id='word_1_292' title='bbox 1618 3026 1672 3093; x_wconf 84' lang='lat' dir='ltr'>et</span> <span class='ocrx_word' id='word_1_293' title='bbox 1694 3020 1835 3093; x_wconf 86' lang='lat' dir='ltr'>infe-</span> 
     </span>
    </p>
   </div>
   <div class='ocr_carea' id='block_1_41' title="bbox 177 3091 1833 3166">
    <p class='ocr_par' dir='ltr' id='par_1_41' title="bbox 177 3091 1833 3166">
     <span class='ocr_line' id='line_1_42' title="bbox 177 3091 1833 3166; baseline -0.004 -14"><span class='ocrx_word' id='word_1_294' title='bbox 177 3097 326 3159; x_wconf 88' lang='lat' dir='ltr'>rior,</span> <span class='ocrx_word' id='word_1_295' title='bbox 350 3094 561 3166; x_wconf 56' lang='lat' dir='ltr'>prima;</span> <span class='ocrx_word' id='word_1_296' title='bbox 585 3091 716 3148; x_wconf 71' lang='lat' dir='ltr'>vitae</span> <span class='ocrx_word' id='word_1_297' title='bbox 748 3093 957 3147; x_wconf 91' lang='lat' dir='ltr'>mundi</span> <span class='ocrx_word' id='word_1_298' title='bbox 985 3091 1335 3166; x_wconf 84' lang='lat' dir='ltr'>peccamina</span> <span class='ocrx_word' id='word_1_299' title='bbox 1359 3092 1562 3166; x_wconf 75' lang='lat' dir='ltr'>diluit;</span> <span class='ocrx_word' id='word_1_300' title='bbox 1592 3091 1677 3166; x_wconf 80' lang='lat' dir='ltr'>sic</span> <span class='ocrx_word' id='word_1_301' title='bbox 1700 3091 1833 3166; x_wconf 76' lang='lat' dir='ltr'>Spi-</span> 
     </span>
    </p>
   </div>
   <div class='ocr_carea' id='block_1_42' title="bbox 178 3162 1836 3236">
    <p class='ocr_par' dir='ltr' id='par_1_42' title="bbox 178 3162 1836 3236">
     <span class='ocr_line' id='line_1_43' title="bbox 178 3162 1836 3236; baseline -0.005 -12"><span class='ocrx_word' id='word_1_302' title='bbox 178 3170 336 3224; x_wconf 89' lang='lat' dir='ltr'>ritus</span> <span class='ocrx_word' id='word_1_303' title='bbox 353 3162 611 3221; x_wconf 72' lang='lat' dir='ltr'>sanctus</span> <span class='ocrx_word' id='word_1_304' title='bbox 642 3169 698 3220; x_wconf 92' lang='lat' dir='ltr'>et</span> <span class='ocrx_word' id='word_1_305' title='bbox 735 3180 912 3236; x_wconf 85' lang='lat' dir='ltr'>aqua,</span> <span class='ocrx_word' id='word_1_306' title='bbox 943 3162 1159 3220; x_wconf 78' lang='lat' dir='ltr'>nostrae</span> <span class='ocrx_word' id='word_1_307' title='bbox 1212 3165 1345 3219; x_wconf 82' lang='lat' dir='ltr'>vitae</span> <span class='ocrx_word' id='word_1_308' title='bbox 1377 3163 1589 3236; x_wconf 87' lang='lat' dir='ltr'>prioris</span> <span class='ocrx_word' id='word_1_309' title='bbox 1620 3162 1836 3236; x_wconf 90' lang='lat' dir='ltr'>delicta</span> 
     </span>
    </p>
   </div>
   <div class='ocr_carea' id='block_1_43' title="bbox 181 3235 1836 3315">
    <p class='ocr_par' dir='ltr' id='par_1_43' title="bbox 181 3235 1836 3315">
     <span class='ocr_line' id='line_1_44' title="bbox 181 3235 1836 3315; baseline -0.005 -20"><span class='ocrx_word' id='word_1_310' title='bbox 181 3240 471 3295; x_wconf 83' lang='lat' dir='ltr'>remittat.</span> <span class='ocrx_word' id='word_1_311' title='bbox 496 3236 611 3315; x_wconf 84' lang='lat' dir='ltr'>Sed</span> <span class='ocrx_word' id='word_1_312' title='bbox 644 3235 881 3290; x_wconf 34' lang='lat' dir='ltr'>dum’in</span> <span class='ocrx_word' id='word_1_313' title='bbox 910 3236 1025 3291; x_wconf 88' lang='lat' dir='ltr'>hoc</span> <span class='ocrx_word' id='word_1_314' title='bbox 1046 3235 1623 3315; x_wconf 62' lang='lat' dir='ltr'>opereintellectum</span> <span class='ocrx_word' id='word_1_315' title='bbox 1638 3235 1836 3315; x_wconf 88' lang='lat' dir='ltr'>potius</span> 
     </span>
    </p>
   </div>
   <div class='ocr_carea' id='block_1_44' title="bbox 178 3306 1835 3433">
    <p class='ocr_par' dir='ltr' id='par_1_44' title="bbox 178 3306 1835 3433">
     <span class='ocr_line' id='line_1_45' title="bbox 178 3306 1835 3433; baseline -0.004 -67"><span class='ocrx_word' id='word_1_316' title='bbox 178 3326 386 3366; x_wconf 89' lang='lat' dir='ltr'>rerum</span> <span class='ocrx_word' id='word_1_317' title='bbox 432 3314 756 3377; x_wconf 89' lang='lat' dir='ltr'>gestarum,</span> <span class='ocrx_word' id='word_1_318' title='bbox 817 3323 1002 3433; x_wconf 43' lang='lat' dir='ltr'>(Euam</span> <span class='ocrx_word' id='word_1_319' title='bbox 1042 3307 1352 3377; x_wconf 83' lang='lat' dir='ltr'>ﬁguralem</span> <span class='ocrx_word' id='word_1_320' title='bbox 1397 3306 1835 3377; x_wconf 85' lang='lat' dir='ltr'>expositionem</span> 
     </span>
     <span class='ocr_line' id='line_1_46' title="bbox 179 3376 1832 3433; baseline 0 0"><span class='ocrx_word' id='word_1_321' title='bbox 179 3378 655 3433; x_wconf 79' lang='lat' dir='ltr'>assumosimus.</span> <span class='ocrx_word' id='word_1_322' title='bbox 698 3394 819 3433; x_wconf 85' lang='lat' dir='ltr'>auo</span> <span class='ocrx_word' id='word_1_323' title='bbox 912 3379 989 3433; x_wconf 91' lang='lat' dir='ltr'>ad</span> <span class='ocrx_word' id='word_1_324' title='bbox 1020 3395 1144 3433; x_wconf 91' lang='lat' dir='ltr'>rem</span> <span class='ocrx_word' id='word_1_325' title='bbox 1179 3384 1528 3433; x_wconf 67' lang='lat' dir='ltr'>praesentem</span> <span class='ocrx_word' id='word_1_326' title='bbox 1562 3376 1832 3433; x_wconf 84' lang='lat' dir='ltr'>pertinet.</span> 
     </span>
    </p>
   </div>
   <div class='ocr_carea' id='block_1_45' title="bbox 179 3376 1832 3451">
    <p class='ocr_par' dir='ltr' id='par_1_45' title="bbox 179 3376 1832 3451">
     <span class='ocr_line' id='line_1_47' title="bbox 179 3376 1832 3451; baseline -0.004 -14"><span class='ocrx_word' id='word_1_327' title='bbox 179 3376 655 3451; x_wconf 81' lang='lat' dir='ltr'>assumpsimus,</span> <span class='ocrx_word' id='word_1_328' title='bbox 692 3376 863 3451; x_wconf 83' lang='lat' dir='ltr'>quod</span> <span class='ocrx_word' id='word_1_329' title='bbox 912 3379 989 3433; x_wconf 91' lang='lat' dir='ltr'>ad</span> <span class='ocrx_word' id='word_1_330' title='bbox 1020 3376 1528 3451; x_wconf 80' lang='lat' dir='ltr'>rempraesentem</span> <span class='ocrx_word' id='word_1_331' title='bbox 1562 3376 1832 3451; x_wconf 74' lang='lat' dir='ltr'>pertinet,</span> 
     </span>
    </p>
   </div>
   <div class='ocr_carea' id='block_1_46' title="bbox 180 3446 1835 3527">
    <p class='ocr_par' dir='ltr' id='par_1_46' title="bbox 180 3446 1835 3527">
     <span class='ocr_line' id='line_1_48' title="bbox 180 3446 1835 3527; baseline -0.004 -19"><span class='ocrx_word' id='word_1_332' title='bbox 180 3446 651 3527; x_wconf 65' lang='lat' dir='ltr'>prosequamur.</span> <span class='ocrx_word' id='word_1_333' title='bbox 689 3446 752 3503; x_wconf 44' lang='lat' dir='ltr'>H—i</span> <span class='ocrx_word' id='word_1_334' title='bbox 792 3464 934 3519; x_wconf 88' lang='lat' dir='ltr'>ergo</span> <span class='ocrx_word' id='word_1_335' title='bbox 962 3450 1093 3527; x_wconf 87' lang='lat' dir='ltr'>qui</span> <span class='ocrx_word' id='word_1_336' title='bbox 1136 3446 1498 3527; x_wconf 77' lang='lat' dir='ltr'>ﬁrmamenti</span> <span class='ocrx_word' id='word_1_337' title='bbox 1541 3446 1727 3527; x_wconf 74' lang='lat' dir='ltr'>aquas</span> <span class='ocrx_word' id='word_1_338' title='bbox 1755 3446 1835 3527; x_wconf 80' lang='lat' dir='ltr'>ad</span> 
     </span>
    </p>
   </div>
   <div class='ocr_carea' id='block_1_47' title="bbox 181 3519 1838 3591">
    <p class='ocr_par' dir='ltr' id='par_1_47' title="bbox 181 3519 1838 3591">
     <span class='ocr_line' id='line_1_49' title="bbox 181 3519 1838 3591; baseline -0.004 -11"><span class='ocrx_word' id='word_1_339' title='bbox 181 3519 483 3580; x_wconf 77' lang='lat' dir='ltr'>diluvium</span> <span class='ocrx_word' id='word_1_340' title='bbox 514 3521 717 3577; x_wconf 90' lang='lat' dir='ltr'>venire</span> <span class='ocrx_word' id='word_1_341' title='bbox 745 3519 1201 3591; x_wconf 45' lang='lat' dir='ltr'>ponunt,_etiam</span> <span class='ocrx_word' id='word_1_342' title='bbox 1231 3528 1367 3576; x_wconf 87' lang='lat' dir='ltr'>ante</span> <span class='ocrx_word' id='word_1_343' title='bbox 1388 3519 1838 3591; x_wconf 85' lang='lat' dir='ltr'>diluviumplu-</span> 
     </span>
    </p>
   </div>
   <div class='ocr_carea' id='block_1_48' title="bbox 180 3590 1837 3657">
    <p class='ocr_par' dir='ltr' id='par_1_48' title="bbox 180 3590 1837 3657">
     <span class='ocr_line' id='line_1_50' title="bbox 180 3590 1837 3657; baseline -0.005 -5"><span class='ocrx_word' id='word_1_344' title='bbox 180 3597 311 3652; x_wconf 86' lang='lat' dir='ltr'>vias</span> <span class='ocrx_word' id='word_1_345' title='bbox 332 3597 395 3650; x_wconf 90' lang='lat' dir='ltr'>in</span> <span class='ocrx_word' id='word_1_346' title='bbox 414 3593 643 3649; x_wconf 89' lang='lat' dir='ltr'>mundo</span> <span class='ocrx_word' id='word_1_347' title='bbox 661 3590 841 3646; x_wconf 84' lang='lat' dir='ltr'>fuisse</span> <span class='ocrx_word' id='word_1_348' title='bbox 855 3607 972 3647; x_wconf 91' lang='lat' dir='ltr'>non</span> <span class='ocrx_word' id='word_1_349' title='bbox 995 3592 1323 3657; x_wconf 82' lang='lat' dir='ltr'>aestimant;</span> <span class='ocrx_word' id='word_1_350' title='bbox 1351 3592 1666 3648; x_wconf 88' lang='lat' dir='ltr'>occasione</span> <span class='ocrx_word' id='word_1_351' title='bbox 1683 3590 1837 3645; x_wconf 88' lang='lat' dir='ltr'>illius</span> 
     </span>
    </p>
   </div>
   <div class='ocr_carea' id='block_1_49' title="bbox 180 3662 1837 3737">
    <p class='ocr_par' dir='ltr' id='par_1_49' title="bbox 180 3662 1837 3737">
     <span class='ocr_line' id='line_1_51' title="bbox 180 3662 1837 3737; baseline -0.006 -13"><span class='ocrx_word' id='word_1_352' title='bbox 180 3684 386 3733; x_wconf 88' lang='lat' dir='ltr'>arcus,</span> <span class='ocrx_word' id='word_1_353' title='bbox 418 3666 521 3737; x_wconf 92' lang='lat' dir='ltr'>qui</span> <span class='ocrx_word' id='word_1_354' title='bbox 550 3669 688 3736; x_wconf 90' lang='lat' dir='ltr'>post</span> <span class='ocrx_word' id='word_1_355' title='bbox 715 3663 1017 3737; x_wconf 85' lang='lat' dir='ltr'>diluvium</span> <span class='ocrx_word' id='word_1_356' title='bbox 1048 3663 1510 3737; x_wconf 79' lang='lat' dir='ltr'>innubibusest</span> <span class='ocrx_word' id='word_1_357' title='bbox 1554 3662 1837 3718; x_wconf 87' lang='lat' dir='ltr'>constitu-</span> 
     </span>
    </p>
   </div>
   <div class='ocr_carea' id='block_1_50' title="bbox 179 3735 1838 3806">
    <p class='ocr_par' dir='ltr' id='par_1_50' title="bbox 179 3735 1838 3806">
     <span class='ocr_line' id='line_1_52' title="bbox 179 3735 1838 3806; baseline -0.006 -10"><span class='ocrx_word' id='word_1_358' title='bbox 179 3746 306 3803; x_wconf 92' lang='lat' dir='ltr'>tus,</span> <span class='ocrx_word' id='word_1_359' title='bbox 339 3739 399 3793; x_wconf 91' lang='lat' dir='ltr'>in</span> <span class='ocrx_word' id='word_1_360' title='bbox 426 3735 581 3793; x_wconf 76' lang='lat' dir='ltr'>hanc</span> <span class='ocrx_word' id='word_1_361' title='bbox 604 3736 1057 3791; x_wconf 82' lang='lat' dir='ltr'>aestimationem</span> <span class='ocrx_word' id='word_1_362' title='bbox 1089 3735 1273 3804; x_wconf 88' lang='lat' dir='ltr'>ducti,</span> <span class='ocrx_word' id='word_1_363' title='bbox 1301 3751 1370 3790; x_wconf 90' lang='lat' dir='ltr'>ex</span> <span class='ocrx_word' id='word_1_364' title='bbox 1394 3736 1660 3806; x_wconf 85' lang='lat' dir='ltr'>ipsarum</span> <span class='ocrx_word' id='word_1_365' title='bbox 1681 3748 1838 3788; x_wconf 89' lang='lat' dir='ltr'>crea-</span> 
     </span>
    </p>
   </div>
   <div class='ocr_carea' id='block_1_51' title="bbox 181 3805 1835 3877">
    <p class='ocr_par' dir='ltr' id='par_1_51' title="bbox 181 3805 1835 3877">
     <span class='ocr_line' id='line_1_53' title="bbox 181 3805 1835 3877; baseline -0.005 -11"><span class='ocrx_word' id='word_1_366' title='bbox 181 3818 459 3867; x_wconf 88' lang='lat' dir='ltr'>turarum</span> <span class='ocrx_word' id='word_1_367' title='bbox 513 3813 728 3863; x_wconf 87' lang='lat' dir='ltr'>natura</span> <span class='ocrx_word' id='word_1_368' title='bbox 778 3806 1219 3876; x_wconf 83' lang='lat' dir='ltr'>investigantes,</span> <span class='ocrx_word' id='word_1_369' title='bbox 1275 3807 1437 3877; x_wconf 89' lang='lat' dir='ltr'>quod</span> <span class='ocrx_word' id='word_1_370' title='bbox 1485 3806 1535 3860; x_wconf 91' lang='lat' dir='ltr'>si</span> <span class='ocrx_word' id='word_1_371' title='bbox 1580 3805 1698 3860; x_wconf 90' lang='lat' dir='ltr'>ulla</span> <span class='ocrx_word' id='word_1_372' title='bbox 1745 3820 1835 3858; x_wconf 86' lang='lat' dir='ltr'>se-</span> 
     </span>
    </p>
   </div>
   <div class='ocr_carea' id='block_1_52' title="bbox 178 3877 1839 3948">
    <p class='ocr_par' dir='ltr' id='par_1_52' title="bbox 178 3877 1839 3948">
     <span class='ocr_line' id='line_1_54' title="bbox 178 3877 1839 3948; baseline -0.006 -10"><span class='ocrx_word' id='word_1_373' title='bbox 178 3898 335 3939; x_wconf 83' lang='lat' dir='ltr'>rena</span> <span class='ocrx_word' id='word_1_374' title='bbox 364 3885 500 3936; x_wconf 86' lang='lat' dir='ltr'>ante</span> <span class='ocrx_word' id='word_1_375' title='bbox 528 3878 818 3933; x_wconf 87' lang='lat' dir='ltr'>diluvium</span> <span class='ocrx_word' id='word_1_376' title='bbox 848 3878 1045 3948; x_wconf 88' lang='lat' dir='ltr'>pluvia</span> <span class='ocrx_word' id='word_1_377' title='bbox 1075 3878 1257 3940; x_wconf 83' lang='lat' dir='ltr'>ﬁeret,</span> <span class='ocrx_word' id='word_1_378' title='bbox 1286 3878 1404 3943; x_wconf 89' lang='lat' dir='ltr'>iris,</span> <span class='ocrx_word' id='word_1_379' title='bbox 1430 3877 1490 3932; x_wconf 89' lang='lat' dir='ltr'>id</span> <span class='ocrx_word' id='word_1_380' title='bbox 1521 3882 1629 3941; x_wconf 89' lang='lat' dir='ltr'>est,</span> <span class='ocrx_word' id='word_1_381' title='bbox 1664 3891 1839 3948; x_wconf 83' lang='lat' dir='ltr'>arcus</span> 
     </span>
    </p>
   </div>
   <div class='ocr_carea' id='block_1_53' title="bbox 184 3947 1837 4020">
    <p class='ocr_par' dir='ltr' id='par_1_53' title="bbox 184 3947 1837 4020">
     <span class='ocr_line' id='line_1_55' title="bbox 184 3947 1837 4020; baseline -0.005 -11"><span class='ocrx_word' id='word_1_382' title='bbox 184 3954 288 4009; x_wconf 88' lang='lat' dir='ltr'>ille</span> <span class='ocrx_word' id='word_1_383' title='bbox 322 3953 381 4007; x_wconf 91' lang='lat' dir='ltr'>in</span> <span class='ocrx_word' id='word_1_384' title='bbox 434 3951 699 4006; x_wconf 90' lang='lat' dir='ltr'>nubibus</span> <span class='ocrx_word' id='word_1_385' title='bbox 732 3947 955 4005; x_wconf 89' lang='lat' dir='ltr'>serenis</span> <span class='ocrx_word' id='word_1_386' title='bbox 988 3954 1298 4020; x_wconf 89' lang='lat' dir='ltr'>appareret</span> <span class='ocrx_word' id='word_1_387' title='bbox 1329 3967 1341 4015; x_wconf 88' lang='lat'><strong>;</strong></span> <span class='ocrx_word' id='word_1_388' title='bbox 1383 3948 1488 4019; x_wconf 90' lang='lat' dir='ltr'>qui</span> <span class='ocrx_word' id='word_1_389' title='bbox 1520 3965 1626 4020; x_wconf 88' lang='lat' dir='ltr'>per</span> <span class='ocrx_word' id='word_1_390' title='bbox 1651 3947 1837 4002; x_wconf 90' lang='lat' dir='ltr'>solem</span> 
     </span>
    </p>
   </div>
   <div class='ocr_carea' id='block_1_54' title="bbox 183 4019 1835 4096">
    <p class='ocr_par' dir='ltr' id='par_1_54' title="bbox 183 4019 1835 4096">
     <span class='ocr_line' id='line_1_56' title="bbox 183 4019 1835 4096; baseline -0.007 -15"><span class='ocrx_word' id='word_1_391' title='bbox 183 4038 447 4096; x_wconf 88' lang='lat' dir='ltr'>semper,</span> <span class='ocrx_word' id='word_1_392' title='bbox 471 4028 527 4078; x_wconf 90' lang='lat' dir='ltr'>et</span> <span class='ocrx_word' id='word_1_393' title='bbox 550 4022 862 4096; x_wconf 83' lang='lat' dir='ltr'>humectas</span> <span class='ocrx_word' id='word_1_394' title='bbox 892 4019 1252 4096; x_wconf 71' lang='lat' dir='ltr'>serenasque</span> <span class='ocrx_word' id='word_1_395' title='bbox 1304 4021 1495 4096; x_wconf 79' lang='lat' dir='ltr'>nubes</span> <span class='ocrx_word' id='word_1_396' title='bbox 1525 4019 1777 4096; x_wconf 80' lang='lat' dir='ltr'>efﬁcitur</span> <span class='ocrx_word' id='word_1_397' title='bbox 1823 4035 1835 4071; x_wconf 86' lang='lat'><strong>:</strong></span> 
     </span>
    </p>
   </div>
   <div class='ocr_carea' id='block_1_55' title="bbox 184 4090 1839 4160">
    <p class='ocr_par' dir='ltr' id='par_1_55' title="bbox 184 4090 1839 4160">
     <span class='ocr_line' id='line_1_57' title="bbox 184 4090 1839 4160; baseline -0.005 -8"><span class='ocrx_word' id='word_1_398' title='bbox 184 4101 245 4152; x_wconf 90' lang='lat' dir='ltr'>et</span> <span class='ocrx_word' id='word_1_399' title='bbox 277 4090 399 4151; x_wconf 73' lang='lat' dir='ltr'>nbn</span> <span class='ocrx_word' id='word_1_400' title='bbox 434 4090 469 4149; x_wconf 88' lang='lat' dir='ltr'>a</span> <span class='ocrx_word' id='word_1_401' title='bbox 507 4093 630 4148; x_wconf 89' lang='lat' dir='ltr'>sole</span> <span class='ocrx_word' id='word_1_402' title='bbox 678 4097 909 4147; x_wconf 90' lang='lat' dir='ltr'>tantum</span> <span class='ocrx_word' id='word_1_403' title='bbox 942 4092 1089 4157; x_wconf 86' lang='lat' dir='ltr'>ﬁeri,</span> <span class='ocrx_word' id='word_1_404' title='bbox 1134 4090 1235 4147; x_wconf 82' lang='lat' dir='ltr'>sed</span> <span class='ocrx_word' id='word_1_405' title='bbox 1273 4092 1451 4147; x_wconf 87' lang='lat' dir='ltr'>etiam</span> <span class='ocrx_word' id='word_1_406' title='bbox 1488 4106 1590 4160; x_wconf 90' lang='lat' dir='ltr'>per</span> <span class='ocrx_word' id='word_1_407' title='bbox 1632 4090 1839 4145; x_wconf 90' lang='lat' dir='ltr'>lunam</span> 
     </span>
    </p>
   </div>
   <div class='ocr_carea' id='block_1_56' title="bbox 186 4163 1841 4238">
    <p class='ocr_par' dir='ltr' id='par_1_56' title="bbox 186 4163 1841 4238">
     <span class='ocr_line' id='line_1_58' title="bbox 186 4163 1841 4238; baseline -0.005 -15"><span class='ocrx_word' id='word_1_408' title='bbox 186 4166 511 4238; x_wconf 87' lang='lat' dir='ltr'>aliquoties</span> <span class='ocrx_word' id='word_1_409' title='bbox 540 4166 599 4238; x_wconf 90' lang='lat' dir='ltr'>in</span> <span class='ocrx_word' id='word_1_410' title='bbox 632 4164 856 4219; x_wconf 89' lang='lat' dir='ltr'>serenis</span> <span class='ocrx_word' id='word_1_411' title='bbox 882 4163 1144 4238; x_wconf 84' lang='lat' dir='ltr'>nubibus</span> <span class='ocrx_word' id='word_1_412' title='bbox 1171 4163 1419 4219; x_wconf 88' lang='lat' dir='ltr'>videtur.</span> <span class='ocrx_word' id='word_1_413' title='bbox 1437 4166 1675 4238; x_wconf 68' lang='lat' dir='ltr'>Poterat</span> <span class='ocrx_word' id='word_1_414' title='bbox 1700 4175 1841 4229; x_wconf 86' lang='lat' dir='ltr'>ergo</span> 
     </span>
    </p>
   </div>
   <div class='ocr_carea' id='block_1_57' title="bbox 186 4233 1841 4310">
    <p class='ocr_par' dir='ltr' id='par_1_57' title="bbox 186 4233 1841 4310">
     <span class='ocr_line' id='line_1_59' title="bbox 186 4233 1841 4310; baseline -0.005 -16"><span class='ocrx_word' id='word_1_415' title='bbox 186 4233 329 4310; x_wconf 76' lang='lat' dir='ltr'>ipsa</span> <span class='ocrx_word' id='word_1_416' title='bbox 361 4236 571 4310; x_wconf 90' lang='lat' dir='ltr'>mundi</span> <span class='ocrx_word' id='word_1_417' title='bbox 595 4251 785 4310; x_wconf 83' lang='lat' dir='ltr'>nuper</span> <span class='ocrx_word' id='word_1_418' title='bbox 802 4236 981 4310; x_wconf 83' lang='lat' dir='ltr'>creati</span> <span class='ocrx_word' id='word_1_419' title='bbox 999 4236 1202 4310; x_wconf 78' lang='lat' dir='ltr'>prima</span> <span class='ocrx_word' id='word_1_420' title='bbox 1225 4234 1528 4310; x_wconf 68' lang='lat' dir='ltr'>aa_tas__sine</span> <span class='ocrx_word' id='word_1_421' title='bbox 1561 4233 1690 4288; x_wconf 89' lang='lat' dir='ltr'>ullis</span> <span class='ocrx_word' id='word_1_422' title='bbox 1711 4238 1841 4310; x_wconf 77' lang='lat' dir='ltr'>tur-</span> 
     </span>
    </p>
   </div>
   <div class='ocr_carea' id='block_1_58' title="bbox 186 4303 1843 4377">
    <p class='ocr_par' dir='ltr' id='par_1_58' title="bbox 186 4303 1843 4377">
     <span class='ocr_line' id='line_1_60' title="bbox 186 4303 1843 4377; baseline -0.005 -11"><span class='ocrx_word' id='word_1_423' title='bbox 186 4303 419 4366; x_wconf 79' lang='lat' dir='ltr'>bulenti</span> <span class='ocrx_word' id='word_1_424' title='bbox 441 4310 594 4364; x_wconf 90' lang='lat' dir='ltr'>aeris</span> <span class='ocrx_word' id='word_1_425' title='bbox 612 4303 1129 4362; x_wconf 82' lang='lat' dir='ltr'>immutationibus</span> <span class='ocrx_word' id='word_1_426' title='bbox 1145 4312 1203 4361; x_wconf 91' lang='lat' dir='ltr'>et</span> <span class='ocrx_word' id='word_1_427' title='bbox 1229 4305 1440 4377; x_wconf 85' lang='lat' dir='ltr'>pluviis</span> <span class='ocrx_word' id='word_1_428' title='bbox 1460 4320 1575 4377; x_wconf 88' lang='lat' dir='ltr'>per</span> <span class='ocrx_word' id='word_1_429' title='bbox 1602 4303 1843 4377; x_wconf 88' lang='lat' dir='ltr'>matuti-</span> 
     </span>
    </p>
   </div>
   <div class='ocr_carea' id='block_1_59' title="bbox 187 4376 1840 4450">
    <p class='ocr_par' dir='ltr' id='par_1_59' title="bbox 187 4376 1840 4450">
     <span class='ocr_line' id='line_1_61' title="bbox 187 4376 1840 4450; baseline -0.006 -12"><span class='ocrx_word' id='word_1_430' title='bbox 187 4398 344 4438; x_wconf 88' lang='lat' dir='ltr'>num</span> <span class='ocrx_word' id='word_1_431' title='bbox 375 4384 431 4436; x_wconf 88' lang='lat' dir='ltr'>et</span> <span class='ocrx_word' id='word_1_432' title='bbox 457 4381 864 4450; x_wconf 89' lang='lat' dir='ltr'>vespertinum</span> <span class='ocrx_word' id='word_1_433' title='bbox 895 4394 1089 4433; x_wconf 89' lang='lat' dir='ltr'>rorem</span> <span class='ocrx_word' id='word_1_434' title='bbox 1117 4377 1193 4433; x_wconf 89' lang='lat' dir='ltr'>ali</span> <span class='ocrx_word' id='word_1_435' title='bbox 1219 4376 1237 4442; x_wconf 36' lang='lat'>;&#39;</span> <span class='ocrx_word' id='word_1_436' title='bbox 1270 4382 1329 4432; x_wconf 90' lang='lat' dir='ltr'>ut</span> <span class='ocrx_word' id='word_1_437' title='bbox 1364 4378 1422 4450; x_wconf 86' lang='lat' dir='ltr'>in</span> <span class='ocrx_word' id='word_1_438' title='bbox 1453 4376 1588 4447; x_wconf 89' lang='lat' dir='ltr'>ipsa</span> <span class='ocrx_word' id='word_1_439' title='bbox 1617 4376 1840 4430; x_wconf 89' lang='lat' dir='ltr'>fortitu-</span> 
     </span>
    </p>
   </div>
   <div class='ocr_carea' id='block_1_60' title="bbox 188 4449 1843 4518">
    <p class='ocr_par' dir='ltr' id='par_1_60' title="bbox 188 4449 1843 4518">
     <span class='ocr_line' id='line_1_62' title="bbox 188 4449 1843 4518; baseline -0.006 -9"><span class='ocrx_word' id='word_1_440' title='bbox 188 4453 337 4508; x_wconf 91' lang='lat' dir='ltr'>dine</span> <span class='ocrx_word' id='word_1_441' title='bbox 359 4454 509 4506; x_wconf 87' lang='lat' dir='ltr'>sicut</span> <span class='ocrx_word' id='word_1_442' title='bbox 536 4449 810 4505; x_wconf 87' lang='lat' dir='ltr'>homines</span> <span class='ocrx_word' id='word_1_443' title='bbox 830 4450 1134 4518; x_wconf 69' lang='lat' dir='ltr'>longtevos</span> <span class='ocrx_word' id='word_1_444' title='bbox 1155 4455 1211 4505; x_wconf 88' lang='lat' dir='ltr'>et</span> <span class='ocrx_word' id='word_1_445' title='bbox 1243 4449 1497 4504; x_wconf 84' lang='lat' dir='ltr'>sanitate</span> <span class='ocrx_word' id='word_1_446' title='bbox 1522 4461 1843 4518; x_wconf 83' lang='lat' dir='ltr'>corporum</span> 
     </span>
    </p>
   </div>
   <div class='ocr_carea' id='block_1_61' title="bbox 188 4517 1844 4591">
    <p class='ocr_par' dir='ltr' id='par_1_61' title="bbox 188 4517 1844 4591">
     <span class='ocr_line' id='line_1_63' title="bbox 188 4517 1844 4591; baseline -0.007 -10"><span class='ocrx_word' id='word_1_447' title='bbox 188 4524 422 4581; x_wconf 86' lang='lat' dir='ltr'>alacres</span> <span class='ocrx_word' id='word_1_448' title='bbox 453 4521 747 4589; x_wconf 87' lang='lat' dir='ltr'>habuerit,</span> <span class='ocrx_word' id='word_1_449' title='bbox 776 4521 853 4575; x_wconf 88' lang='lat' dir='ltr'>ita</span> <span class='ocrx_word' id='word_1_450' title='bbox 893 4517 955 4576; x_wconf 9' lang='lat' dir='ltr'>et,</span> <span class='ocrx_word' id='word_1_451' title='bbox 980 4521 1245 4575; x_wconf 90' lang='lat' dir='ltr'>mundus</span> <span class='ocrx_word' id='word_1_452' title='bbox 1280 4521 1405 4591; x_wconf 90' lang='lat' dir='ltr'>ipse</span> <span class='ocrx_word' id='word_1_453' title='bbox 1437 4518 1615 4591; x_wconf 91' lang='lat' dir='ltr'>nullis</span> <span class='ocrx_word' id='word_1_454' title='bbox 1636 4517 1844 4591; x_wconf 76' lang='lat' dir='ltr'>adhuc</span> 
     </span>
    </p>
   </div>
   <div class='ocr_carea' id='block_1_62' title="bbox 190 4588 1846 4668">
    <p class='ocr_par' dir='ltr' id='par_1_62' title="bbox 190 4588 1846 4668">
     <span class='ocr_line' id='line_1_64' title="bbox 190 4588 1846 4668; baseline -0.006 -16"><span class='ocrx_word' id='word_1_455' title='bbox 190 4588 744 4668; x_wconf 80' lang='lat' dir='ltr'>perturbationibus</span> <span class='ocrx_word' id='word_1_456' title='bbox 776 4593 1034 4661; x_wconf 86' lang='lat' dir='ltr'>agitatus</span> <span class='ocrx_word' id='word_1_457' title='bbox 1060 4588 1631 4668; x_wconf 77' lang='lat' dir='ltr'>aptosvescenlibus</span> <span class='ocrx_word' id='word_1_458' title='bbox 1652 4588 1846 4668; x_wconf 84' lang='lat' dir='ltr'>ferens</span> 
     </span>
    </p>
   </div>
   <div class='ocr_carea' id='block_1_63' title="bbox 190 4662 1845 4725">
    <p class='ocr_par' dir='ltr' id='par_1_63' title="bbox 190 4662 1845 4725">
     <span class='ocr_line' id='line_1_65' title="bbox 190 4662 1845 4725; baseline -0.007 0"><span class='ocrx_word' id='word_1_459' title='bbox 190 4662 425 4725; x_wconf 63' lang='lat' dir='ltr'>fructus</span> <span class='ocrx_word' id='word_1_460' title='bbox 455 4665 797 4721; x_wconf 89' lang='lat' dir='ltr'>consisteret</span> <span class='ocrx_word' id='word_1_461' title='bbox 831 4681 843 4718; x_wconf 88' lang='lat'><strong>:</strong></span> <span class='ocrx_word' id='word_1_462' title='bbox 872 4669 926 4719; x_wconf 90' lang='lat' dir='ltr'>et</span> <span class='ocrx_word' id='word_1_463' title='bbox 953 4679 988 4718; x_wconf 89' lang='lat' dir='ltr'>a</span> <span class='ocrx_word' id='word_1_464' title='bbox 1020 4662 1288 4718; x_wconf 91' lang='lat' dir='ltr'>secunda</span> <span class='ocrx_word' id='word_1_465' title='bbox 1330 4668 1503 4718; x_wconf 73' lang='lat' dir='ltr'>aetate</span> <span class='ocrx_word' id='word_1_466' title='bbox 1535 4662 1683 4716; x_wconf 88' lang='lat' dir='ltr'>sicut</span> <span class='ocrx_word' id='word_1_467' title='bbox 1730 4666 1845 4715; x_wconf 90' lang='lat' dir='ltr'>tur-</span> 
     </span>
    </p>
   </div>
   <div class='ocr_carea' id='block_1_64' title="bbox 190 4733 1846 4804">
    <p class='ocr_par' dir='ltr' id='par_1_64' title="bbox 190 4733 1846 4804">
     <span class='ocr_line' id='line_1_66' title="bbox 190 4733 1846 4804; baseline -0.007 -9"><span class='ocrx_word' id='word_1_468' title='bbox 190 4738 457 4795; x_wconf 89' lang='lat' dir='ltr'>bulentis</span> <span class='ocrx_word' id='word_1_469' title='bbox 481 4736 764 4802; x_wconf 89' lang='lat' dir='ltr'>motibus,</span> <span class='ocrx_word' id='word_1_470' title='bbox 796 4734 877 4790; x_wconf 87' lang='lat' dir='ltr'>ita</span> <span class='ocrx_word' id='word_1_471' title='bbox 903 4735 1148 4789; x_wconf 87' lang='lat' dir='ltr'>turbidis</span> <span class='ocrx_word' id='word_1_472' title='bbox 1166 4750 1364 4789; x_wconf 90' lang='lat' dir='ltr'>rerum</span> <span class='ocrx_word' id='word_1_473' title='bbox 1393 4733 1846 4804; x_wconf 89' lang='lat' dir='ltr'>tempestatibus</span> 
     </span>
    </p>
   </div>
   <div class='ocr_carea' id='block_1_65' title="bbox 196 4805 1848 4878">
    <p class='ocr_par' dir='ltr' id='par_1_65' title="bbox 196 4805 1848 4878">
     <span class='ocr_line' id='line_1_67' title="bbox 196 4805 1848 4878; baseline -0.004 -13"><span class='ocrx_word' id='word_1_474' title='bbox 196 4812 392 4865; x_wconf 85' lang='lat' dir='ltr'>vivere</span> <span class='ocrx_word' id='word_1_475' title='bbox 421 4809 686 4878; x_wconf 82' lang='lat' dir='ltr'>etvigere</span> <span class='ocrx_word' id='word_1_476' title='bbox 716 4807 1021 4877; x_wconf 89' lang='lat' dir='ltr'>inciperet.</span> <span class='ocrx_word' id='word_1_477' title='bbox 1054 4806 1573 4878; x_wconf 86' lang='lat' dir='ltr'>Quemadmodum</span> <span class='ocrx_word' id='word_1_478' title='bbox 1606 4805 1666 4878; x_wconf 86' lang='lat' dir='ltr'>in</span> <span class='ocrx_word' id='word_1_479' title='bbox 1693 4808 1848 4878; x_wconf 81' lang='lat' dir='ltr'>terra</span> 
     </span>
    </p>
   </div>
   <div class='ocr_carea' id='block_1_66' title="bbox 193 4874 1845 4952">
    <p class='ocr_par' dir='ltr' id='par_1_66' title="bbox 193 4874 1845 4952">
     <span class='ocr_line' id='line_1_68' title="bbox 193 4874 1845 4952; baseline -0.005 -15"><span class='ocrx_word' id='word_1_480' title='bbox 193 4881 442 4952; x_wconf 68' lang='lat' dir='ltr'>Egypti</span> <span class='ocrx_word' id='word_1_481' title='bbox 462 4874 642 4935; x_wconf 77' lang='lat' dir='ltr'>etiam</span> <span class='ocrx_word' id='word_1_482' title='bbox 666 4894 826 4933; x_wconf 90' lang='lat' dir='ltr'>nunc</span> <span class='ocrx_word' id='word_1_483' title='bbox 840 4874 1497 4952; x_wconf 71' lang='lat' dir='ltr'>nequaquamnubium</span> <span class='ocrx_word' id='word_1_484' title='bbox 1527 4874 1845 4952; x_wconf 77' lang='lat' dir='ltr'>imbribus,</span> 
     </span>
    </p>
   </div>
   <div class='ocr_carea' id='block_1_67' title="bbox 194 4898 1849 5031">
    <p class='ocr_par' dir='ltr' id='par_1_67' title="bbox 194 4898 1849 5031">
     <span class='ocr_line' id='line_1_69' title="bbox 194 4898 1845 4952; baseline -0.006 -15"><span class='ocrx_word' id='word_1_485' title='bbox 194 4898 270 4937; x_wconf 62' lang='lat' dir='ltr'>AS</span> <span class='ocrx_word' id='word_1_486' title='bbox 316 4898 442 4952; x_wconf 83' lang='lat' dir='ltr'>yptl</span> <span class='ocrx_word' id='word_1_487' title='bbox 462 4898 642 4935; x_wconf 77' lang='lat' dir='ltr'>etiam</span> <span class='ocrx_word' id='word_1_488' title='bbox 666 4898 826 4933; x_wconf 86' lang='lat' dir='ltr'>nunc</span> <span class='ocrx_word' id='word_1_489' title='bbox 843 4898 1224 4949; x_wconf 84' lang='lat' dir='ltr'>nequaquam</span> <span class='ocrx_word' id='word_1_490' title='bbox 1246 4898 1497 4932; x_wconf 82' lang='lat' dir='ltr'>nunlum</span> <span class='ocrx_word' id='word_1_491' title='bbox 1527 4898 1845 4942; x_wconf 80' lang='lat' dir='ltr'>llIlUt‘lUUS,</span> 
     </span>
     <span class='ocr_line' id='line_1_70' title="bbox 194 4898 1849 5031; baseline -0.004 -25"><span class='ocrx_word' id='word_1_492' title='bbox 194 4898 312 5031; x_wconf 51' lang='lat' dir='ltr'>sed</span> <span class='ocrx_word' id='word_1_493' title='bbox 340 4959 507 5031; x_wconf 39' lang='lat' dir='ltr'>narras.</span> <span class='ocrx_word' id='word_1_494' title='bbox 534 4952 720 5031; x_wconf 79' lang='lat' dir='ltr'>ipsius</span> <span class='ocrx_word' id='word_1_495' title='bbox 759 4949 998 5031; x_wconf 73' lang='lat' dir='ltr'>sudore,</span> <span class='ocrx_word' id='word_1_496' title='bbox 1041 4955 1098 5031; x_wconf 70' lang='lat' dir='ltr'>et</span> <span class='ocrx_word' id='word_1_497' title='bbox 1123 4949 1275 5031; x_wconf 86' lang='lat' dir='ltr'>aeris</span> <span class='ocrx_word' id='word_1_498' title='bbox 1317 4947 1761 5031; x_wconf 69' lang='lat' dir='ltr'>commoditate,</span> <span class='ocrx_word' id='word_1_499' title='bbox 1786 4951 1849 5031; x_wconf 74' lang='lat' dir='ltr'>et</span> 
     </span>
    </p>
   </div>
   <div class='ocr_carea' id='block_1_68' title="bbox 193 5017 1845 5080">
    <p class='ocr_par' dir='ltr' id='par_1_68' title="bbox 193 5017 1845 5080">
     <span class='ocr_line' id='line_1_71' title="bbox 193 5017 1845 5080; baseline -0.007 1"><span class='ocrx_word' id='word_1_500' title='bbox 193 5026 311 5080; x_wconf 87' lang='lat' dir='ltr'>Nili</span> <span class='ocrx_word' id='word_1_501' title='bbox 341 5017 608 5078; x_wconf 85' lang='lat' dir='ltr'>ﬂuminis</span> <span class='ocrx_word' id='word_1_502' title='bbox 631 5021 1007 5076; x_wconf 89' lang='lat' dir='ltr'>incrementis</span> <span class='ocrx_word' id='word_1_503' title='bbox 1037 5020 1284 5076; x_wconf 87' lang='lat' dir='ltr'>fovetur.</span> <span class='ocrx_word' id='word_1_504' title='bbox 1320 5020 1430 5076; x_wconf 87' lang='lat' dir='ltr'>Sed</span> <span class='ocrx_word' id='word_1_505' title='bbox 1456 5018 1587 5073; x_wconf 60' lang='lat' dir='ltr'>haec</span> <span class='ocrx_word' id='word_1_506' title='bbox 1616 5017 1845 5071; x_wconf 90' lang='lat' dir='ltr'>investi-</span> 
     </span>
    </p>
   </div>
   <div class='ocr_carea' id='block_1_69' title="bbox 192 5089 1851 5167">
    <p class='ocr_par' dir='ltr' id='par_1_69' title="bbox 192 5089 1851 5167">
     <span class='ocr_line' id='line_1_72' title="bbox 192 5089 1851 5167; baseline -0.006 -15"><span class='ocrx_word' id='word_1_507' title='bbox 192 5097 360 5167; x_wconf 85' lang='lat' dir='ltr'>gatio</span> <span class='ocrx_word' id='word_1_508' title='bbox 380 5094 643 5167; x_wconf 83' lang='lat' dir='ltr'>qualiter</span> <span class='ocrx_word' id='word_1_509' title='bbox 668 5091 1008 5167; x_wconf 82' lang='lat' dir='ltr'>accipienda</span> <span class='ocrx_word' id='word_1_510' title='bbox 1042 5092 1115 5147; x_wconf 90' lang='lat' dir='ltr'>sit</span> <span class='ocrx_word' id='word_1_511' title='bbox 1156 5107 1265 5163; x_wconf 92' lang='lat' dir='ltr'>pro</span> <span class='ocrx_word' id='word_1_512' title='bbox 1310 5095 1490 5160; x_wconf 90' lang='lat' dir='ltr'>certo,</span> <span class='ocrx_word' id='word_1_513' title='bbox 1537 5089 1751 5144; x_wconf 85' lang='lat' dir='ltr'>eruditi</span> <span class='ocrx_word' id='word_1_514' title='bbox 1796 5092 1851 5143; x_wconf 90' lang='lat' dir='ltr'>et</span> 
     </span>
    </p>
   </div>
   <div class='ocr_carea' id='block_1_70' title="bbox 192 5163 893 5224">
    <p class='ocr_par' dir='ltr' id='par_1_70' title="bbox 192 5163 893 5224">
     <span class='ocr_line' id='line_1_73' title="bbox 192 5163 893 5224; baseline -0.01 1"><span class='ocrx_word' id='word_1_515' title='bbox 192 5163 478 5224; x_wconf 71' lang='lat' dir='ltr'>catholici</span> <span class='ocrx_word' id='word_1_516' title='bbox 506 5165 613 5219; x_wconf 91' lang='lat' dir='ltr'>viri</span> <span class='ocrx_word' id='word_1_517' title='bbox 632 5163 893 5219; x_wconf 88' lang='lat' dir='ltr'>videant.</span> 
     </span>
    </p>
   </div>
   <div class='ocr_carea' id='block_1_71' title="bbox 350 5229 1703 5304">
    <p class='ocr_par' dir='ltr' id='par_1_71' title="bbox 350 5229 1703 5304">
     <span class='ocr_line' id='line_1_74' title="bbox 350 5229 1703 5304; baseline -0.007 -12"><span class='ocrx_word' id='word_1_518' title='bbox 350 5237 572 5292; x_wconf 85' lang='lat' dir='ltr'>CAPUT</span> <span class='ocrx_word' id='word_1_519' title='bbox 598 5236 712 5290; x_wconf 89' lang='lat' dir='ltr'>Vll.</span> <span class='ocrx_word' id='word_1_520' title='bbox 743 5266 814 5275; x_wconf 91' lang='lat'><strong><em>—</em></strong></span> <span class='ocrx_word' id='word_1_521' title='bbox 849 5237 931 5290; x_wconf 90' lang='lat' dir='ltr'>De</span> <span class='ocrx_word' id='word_1_522' title='bbox 959 5250 1166 5290; x_wconf 79' lang='lat' dir='ltr'>recessu</span> <span class='ocrx_word' id='word_1_523' title='bbox 1185 5248 1451 5304; x_wconf 84' lang='lat' dir='ltr'>aquarum</span> <span class='ocrx_word' id='word_1_524' title='bbox 1479 5229 1703 5304; x_wconf 68' lang='lat' dir='ltr'>diluvii.</span> 
     </span>
    </p>
   </div>
   <div class='ocr_carea' id='block_1_72' title="bbox 266 5300 1851 5378">
    <p class='ocr_par' dir='ltr' id='par_1_72' title="bbox 266 5300 1851 5378">
     <span class='ocr_line' id='line_1_75' title="bbox 266 5300 1851 5378; baseline -0.005 -15"><span class='ocrx_word' id='word_1_525' title='bbox 266 5310 414 5363; x_wconf 85' lang='lat' dir='ltr'>Item</span> <span class='ocrx_word' id='word_1_526' title='bbox 437 5307 512 5363; x_wconf 90' lang='lat' dir='ltr'>de</span> <span class='ocrx_word' id='word_1_527' title='bbox 542 5323 781 5362; x_wconf 86' lang='lat' dir='ltr'>recessu</span> <span class='ocrx_word' id='word_1_528' title='bbox 808 5322 1106 5378; x_wconf 88' lang='lat' dir='ltr'>aquarum</span> <span class='ocrx_word' id='word_1_529' title='bbox 1162 5300 1367 5378; x_wconf 82' lang='lat' dir='ltr'>diluvii</span> <span class='ocrx_word' id='word_1_530' title='bbox 1399 5302 1544 5375; x_wconf 92' lang='lat' dir='ltr'>quid</span> <span class='ocrx_word' id='word_1_531' title='bbox 1599 5300 1851 5378; x_wconf 80' lang='lat' dir='ltr'>doctiet</span> 
     </span>
    </p>
   </div>
   <div class='ocr_carea' id='block_1_73' title="bbox 196 5375 1853 5450">
    <p class='ocr_par' dir='ltr' id='par_1_73' title="bbox 196 5375 1853 5450">
     <span class='ocr_line' id='line_1_76' title="bbox 196 5375 1853 5450; baseline -0.007 -13"><span class='ocrx_word' id='word_1_532' title='bbox 196 5380 497 5450; x_wconf 82' lang='lat' dir='ltr'>ingeniosi</span> <span class='ocrx_word' id='word_1_533' title='bbox 534 5379 799 5448; x_wconf 82' lang='lat' dir='ltr'>magistri</span> <span class='ocrx_word' id='word_1_534' title='bbox 816 5375 1095 5442; x_wconf 82' lang='lat' dir='ltr'>sentiunt,</span> <span class='ocrx_word' id='word_1_535' title='bbox 1117 5379 1252 5450; x_wconf 85' lang='lat' dir='ltr'>sine</span> <span class='ocrx_word' id='word_1_536' title='bbox 1267 5376 1386 5431; x_wconf 91' lang='lat' dir='ltr'>ulla</span> <span class='ocrx_word' id='word_1_537' title='bbox 1410 5380 1627 5450; x_wconf 82' lang='lat' dir='ltr'>nostrae</span> <span class='ocrx_word' id='word_1_538' title='bbox 1652 5375 1853 5450; x_wconf 91' lang='lat' dir='ltr'>au_cto-</span> 
     </span>
    </p>
   </div>
   <div class='ocr_carea' id='block_1_74' title="bbox 195 5444 1854 5523">
    <p class='ocr_par' dir='ltr' id='par_1_74' title="bbox 195 5444 1854 5523">
     <span class='ocr_line' id='line_1_77' title="bbox 195 5444 1854 5523; baseline -0.006 -15"><span class='ocrx_word' id='word_1_539' title='bbox 195 5444 392 5509; x_wconf 65' lang='lat' dir='ltr'>ritatis</span> <span class='ocrx_word' id='word_1_540' title='bbox 443 5444 909 5523; x_wconf 73' lang='lat' dir='ltr'>praesumptione</span> <span class='ocrx_word' id='word_1_541' title='bbox 974 5449 1402 5523; x_wconf 79' lang='lat' dir='ltr'>proferamus:</span> <span class='ocrx_word' id='word_1_542' title='bbox 1463 5446 1571 5523; x_wconf 73' lang='lat' dir='ltr'>ubi</span> <span class='ocrx_word' id='word_1_543' title='bbox 1623 5444 1854 5523; x_wconf 71' lang='lat' dir='ltr'>nodosa</span> 
     </span>
    </p>
   </div>
   <div class='ocr_carea' id='block_1_75' title="bbox 201 5516 1853 5597">
    <p class='ocr_par' dir='ltr' id='par_1_75' title="bbox 201 5516 1853 5597">
     <span class='ocr_line' id='line_1_78' title="bbox 201 5516 1853 5597; baseline -0.008 -16"><span class='ocrx_word' id='word_1_544' title='bbox 201 5516 461 5597; x_wconf 63' lang='lat' dir='ltr'>quaestio</span> <span class='ocrx_word' id='word_1_545' title='bbox 490 5516 772 5578; x_wconf 79' lang='lat' dir='ltr'>studiosis</span> <span class='ocrx_word' id='word_1_546' title='bbox 798 5516 1103 5597; x_wconf 74' lang='lat' dir='ltr'>mentibus</span> <span class='ocrx_word' id='word_1_547' title='bbox 1126 5520 1488 5597; x_wconf 85' lang='lat' dir='ltr'>ostenditur:</span> <span class='ocrx_word' id='word_1_548' title='bbox 1521 5518 1574 5573; x_wconf 90' lang='lat' dir='ltr'>Si</span> <span class='ocrx_word' id='word_1_549' title='bbox 1593 5516 1853 5597; x_wconf 86' lang='lat' dir='ltr'>aliquem</span> 
     </span>
    </p>
   </div>
   <div class='ocr_carea' id='block_1_76' title="bbox 200 5589 1852 5657">
    <p class='ocr_par' dir='ltr' id='par_1_76' title="bbox 200 5589 1852 5657">
     <span class='ocr_line' id='line_1_79' title="bbox 200 5589 1852 5657; baseline -0.008 -5"><span class='ocrx_word' id='word_1_550' title='bbox 200 5589 405 5652; x_wconf 68' lang='lat' dir='ltr'>focum</span> <span class='ocrx_word' id='word_1_551' title='bbox 439 5609 692 5650; x_wconf 85' lang='lat' dir='ltr'>vacuum</span> <span class='ocrx_word' id='word_1_552' title='bbox 734 5593 1115 5657; x_wconf 88' lang='lat' dir='ltr'>reliquerant.</span> <span class='ocrx_word' id='word_1_553' title='bbox 1173 5608 1306 5647; x_wconf 90' lang='lat' dir='ltr'>cum</span> <span class='ocrx_word' id='word_1_554' title='bbox 1370 5596 1536 5644; x_wconf 65' lang='lat' dir='ltr'>terrae</span> <span class='ocrx_word' id='word_1_555' title='bbox 1591 5589 1852 5657; x_wconf 86' lang='lat' dir='ltr'>spatium</span> 
     </span>
    </p>
   </div>
   <div class='ocr_carea' id='block_1_77' title="bbox 202 5657 1853 5738">
    <p class='ocr_par' dir='ltr' id='par_1_77' title="bbox 202 5657 1853 5738">
     <span class='ocr_line' id='line_1_80' title="bbox 202 5657 1853 5738; baseline -0.007 -17"><span class='ocrx_word' id='word_1_556' title='bbox 202 5683 373 5738; x_wconf 67' lang='lat' dir='ltr'>aqua:</span> <span class='ocrx_word' id='word_1_557' title='bbox 396 5657 999 5738; x_wconf 78' lang='lat' dir='ltr'>diluviioccupabant</span> <span class='ocrx_word' id='word_1_558' title='bbox 1023 5669 1107 5727; x_wconf 70' lang='grc' dir='ltr'>ιρι</span> <span class='ocrx_word' id='word_1_559' title='bbox 1127 5664 1170 5716; x_wconf 96' lang='lat' dir='ltr'>si</span> <span class='ocrx_word' id='word_1_560' title='bbox 1197 5663 1425 5738; x_wconf 85' lang='lat' dir='ltr'>nullum</span> <span class='ocrx_word' id='word_1_561' title='bbox 1454 5660 1711 5738; x_wconf 82' lang='lat' dir='ltr'>spatium</span> <span class='ocrx_word' id='word_1_562' title='bbox 1738 5657 1853 5738; x_wconf 71' lang='lat' dir='ltr'>tale</span> 
     </span>
    </p>
   </div>
   <div class='ocr_carea' id='block_1_78' title="bbox 202 5730 1852 5811">
    <p class='ocr_par' dir='ltr' id='par_1_78' title="bbox 202 5730 1852 5811">
     <span class='ocr_line' id='line_1_81' title="bbox 202 5730 1852 5811; baseline -0.005 -14"><span class='ocrx_word' id='word_1_563' title='bbox 202 5730 562 5803; x_wconf 66' lang='lat' dir='ltr'>hdbuerant,</span> <span class='ocrx_word' id='word_1_564' title='bbox 595 5730 841 5811; x_wconf 81' lang='lat' dir='ltr'>quando</span> <span class='ocrx_word' id='word_1_565' title='bbox 882 5742 1247 5794; x_wconf 82' lang='lat' dir='ltr'>recesserant</span> <span class='ocrx_word' id='word_1_566' title='bbox 1275 5734 1422 5809; x_wconf 89' lang='lat' dir='ltr'>quid</span> <span class='ocrx_word' id='word_1_567' title='bbox 1462 5730 1797 5804; x_wconf 87' lang='lat' dir='ltr'>implebant</span> <span class='ocrx_word' id='word_1_568' title='bbox 1824 5730 1852 5788; x_wconf 79' lang='lat'><strong><em>?</em></strong></span> 
     </span>
    </p>
   </div>
   <div class='ocr_carea' id='block_1_79' title="bbox 1359 176 2453 243">
    <p class='ocr_par' dir='ltr' id='par_1_79' title="bbox 1359 176 2453 243">
     <span class='ocr_line' id='line_1_82' title="bbox 1359 176 2453 243; baseline -0.003 0"><span class='ocrx_word' id='word_1_569' title='bbox 1359 179 1578 243; x_wconf 80' lang='lat' dir='ltr'>LIBER</span> <span class='ocrx_word' id='word_1_570' title='bbox 1618 180 1910 243; x_wconf 82' lang='lat' dir='ltr'>PRIMUS.</span> <span class='ocrx_word' id='word_1_571' title='bbox 1954 212 2022 226; x_wconf 85' lang='lat'>---</span> <span class='ocrx_word' id='word_1_572' title='bbox 2064 176 2453 241; x_wconf 79' lang='lat' dir='ltr'>APPENDIX.</span> 
     </span>
    </p>
   </div>
   <div class='ocr_carea' id='block_1_80' title="bbox 3462 192 3602 251">
    <p class='ocr_par' dir='ltr' id='par_1_80' title="bbox 3462 192 3602 251">
     <span class='ocr_line' id='line_1_83' title="bbox 3462 192 3602 251; baseline 0.021 -3"><span class='ocrx_word' id='word_1_573' title='bbox 3462 192 3602 251; x_wconf 71' lang='grc'>2158</span> 
     </span>
    </p>
   </div>
   <div class='ocr_carea' id='block_1_81' title="bbox 1948 308 3599 383">
    <p class='ocr_par' dir='ltr' id='par_1_81' title="bbox 1948 308 3599 383">
     <span class='ocr_line' id='line_1_84' title="bbox 1948 308 3599 383; baseline 0.009 -20"><span class='ocrx_word' id='word_1_574' title='bbox 1948 308 2577 383; x_wconf 28' lang='grc' dir='ltr'>ῡθ-(ωαῌὶηᾳυὶεἱῐὶοῐω</span> <span class='ocrx_word' id='word_1_575' title='bbox 2601 309 2662 365; x_wconf 89' lang='lat' dir='ltr'>in</span> <span class='ocrx_word' id='word_1_576' title='bbox 2682 309 2794 365; x_wconf 91' lang='lat' dir='ltr'>illis</span> <span class='ocrx_word' id='word_1_577' title='bbox 2820 312 2995 382; x_wconf 89' lang='lat' dir='ltr'>aquis</span> <span class='ocrx_word' id='word_1_578' title='bbox 3018 328 3153 383; x_wconf 67' lang='lat' dir='ltr'>quae</span> <span class='ocrx_word' id='word_1_579' title='bbox 3184 315 3258 371; x_wconf 90' lang='lat' dir='ltr'>de</span> <span class='ocrx_word' id='word_1_580' title='bbox 3289 322 3599 379; x_wconf 83' lang='lat' dir='ltr'>cataractis</span> 
     </span>
    </p>
   </div>
   <div class='ocr_carea' id='block_1_82' title="bbox 1946 379 3594 451">
    <p class='ocr_par' dir='ltr' id='par_1_82' title="bbox 1946 379 3594 451">
     <span class='ocr_line' id='line_1_85' title="bbox 1946 379 3594 451; baseline 0.006 -14"><span class='ocrx_word' id='word_1_581' title='bbox 1946 379 2485 445; x_wconf 34' lang='lat' dir='ltr'>ccelidetiux’erunt,</span> <span class='ocrx_word' id='word_1_582' title='bbox 2519 382 2662 436; x_wconf 89' lang='lat' dir='ltr'>bina</span> <span class='ocrx_word' id='word_1_583' title='bbox 2683 379 3109 451; x_wconf 48' lang='lat' dir='ltr'>magis—troru—m</span> <span class='ocrx_word' id='word_1_584' title='bbox 3137 389 3454 445; x_wconf 68' lang='lat' dir='ltr'>aestimatio</span> <span class='ocrx_word' id='word_1_585' title='bbox 3485 401 3594 450; x_wconf 88' lang='lat' dir='ltr'>est.</span> 
     </span>
    </p>
   </div>
   <div class='ocr_carea' id='block_1_83' title="bbox 1945 452 3597 527">
    <p class='ocr_par' dir='ltr' id='par_1_83' title="bbox 1945 452 3597 527">
     <span class='ocr_line' id='line_1_86' title="bbox 1945 452 3597 527; baseline 0.005 -17"><span class='ocrx_word' id='word_1_586' title='bbox 1945 456 2059 511; x_wconf 84' lang='lat' dir='ltr'>Aut</span> <span class='ocrx_word' id='word_1_587' title='bbox 2085 452 2264 516; x_wconf 90' lang='lat' dir='ltr'>enim,</span> <span class='ocrx_word' id='word_1_588' title='bbox 2304 458 2361 507; x_wconf 90' lang='lat' dir='ltr'>ut</span> <span class='ocrx_word' id='word_1_589' title='bbox 2390 452 2655 508; x_wconf 91' lang='lat' dir='ltr'>nonnulli</span> <span class='ocrx_word' id='word_1_590' title='bbox 2682 456 3001 519; x_wconf 69' lang='lat' dir='ltr'>aestimant,</span> <span class='ocrx_word' id='word_1_591' title='bbox 3038 473 3141 527; x_wconf 86' lang='lat' dir='ltr'>per</span> <span class='ocrx_word' id='word_1_592' title='bbox 3169 461 3412 516; x_wconf 90' lang='lat' dir='ltr'>easdem</span> <span class='ocrx_word' id='word_1_593' title='bbox 3443 471 3597 520; x_wconf 84' lang='lat' dir='ltr'>cata-</span> 
     </span>
    </p>
   </div>
   <div class='ocr_carea' id='block_1_84' title="bbox 1944 528 3597 595">
    <p class='ocr_par' dir='ltr' id='par_1_84' title="bbox 1944 528 3597 595">
     <span class='ocr_line' id='line_1_87' title="bbox 1944 528 3597 595; baseline 0.007 -16"><span class='ocrx_word' id='word_1_594' title='bbox 1944 529 2141 589; x_wconf 80' lang='lat' dir='ltr'>ractas</span> <span class='ocrx_word' id='word_1_595' title='bbox 2195 528 2569 591; x_wconf 84' lang='lat' dir='ltr'>revocantur,</span> <span class='ocrx_word' id='word_1_596' title='bbox 2627 530 2680 579; x_wconf 92' lang='lat' dir='ltr'>et</span> <span class='ocrx_word' id='word_1_597' title='bbox 2735 528 3251 595; x_wconf 87' lang='lat' dir='ltr'>quemadmodum</span> <span class='ocrx_word' id='word_1_598' title='bbox 3322 532 3396 586; x_wconf 91' lang='lat' dir='ltr'>de</span> <span class='ocrx_word' id='word_1_599' title='bbox 3446 537 3597 591; x_wconf 86' lang='lat' dir='ltr'>mari</span> 
     </span>
    </p>
   </div>
   <div class='ocr_carea' id='block_1_85' title="bbox 1946 595 3602 669">
    <p class='ocr_par' dir='ltr' id='par_1_85' title="bbox 1946 595 3602 669">
     <span class='ocr_line' id='line_1_88' title="bbox 1946 595 3602 669; baseline 0.007 -19"><span class='ocrx_word' id='word_1_600' title='bbox 1946 596 2129 669; x_wconf 70' lang='lat' dir='ltr'>aridas</span> <span class='ocrx_word' id='word_1_601' title='bbox 2156 595 3602 669; x_wconf 79' lang='lat' dir='ltr'>nubeslymphaticosimbresconsuescuntattra-</span> 
     </span>
    </p>
   </div>
   <div class='ocr_carea' id='block_1_86' title="bbox 1943 666 3597 745">
    <p class='ocr_par' dir='ltr' id='par_1_86' title="bbox 1943 666 3597 745">
     <span class='ocr_line' id='line_1_89' title="bbox 1943 666 3597 745; baseline 0.006 -24"><span class='ocrx_word' id='word_1_602' title='bbox 1943 666 2085 722; x_wconf 91' lang='lat' dir='ltr'>here</span> <span class='ocrx_word' id='word_1_603' title='bbox 2113 683 2129 734; x_wconf 90' lang='lat'><strong>;</strong></span> <span class='ocrx_word' id='word_1_604' title='bbox 2159 667 2240 721; x_wconf 89' lang='lat' dir='ltr'>ita</span> <span class='ocrx_word' id='word_1_605' title='bbox 2297 672 2352 722; x_wconf 90' lang='lat' dir='ltr'>et</span> <span class='ocrx_word' id='word_1_606' title='bbox 2389 666 2631 745; x_wconf 78' lang='lat' dir='ltr'>superni</span> <span class='ocrx_word' id='word_1_607' title='bbox 2671 667 2842 745; x_wconf 69' lang='lat' dir='ltr'>illius</span> <span class='ocrx_word' id='word_1_608' title='bbox 2875 671 3265 745; x_wconf 62' lang='lat' dir='ltr'>ﬁrmamenti</span> <span class='ocrx_word' id='word_1_609' title='bbox 3314 676 3597 745; x_wconf 83' lang='lat' dir='ltr'>spatium,</span> 
     </span>
    </p>
   </div>
   <div class='ocr_carea' id='block_1_87' title="bbox 1945 739 3593 819">
    <p class='ocr_par' dir='ltr' id='par_1_87' title="bbox 1945 739 3593 819">
     <span class='ocr_line' id='line_1_90' title="bbox 1945 739 3593 819; baseline 0.007 -27"><span class='ocrx_word' id='word_1_610' title='bbox 1945 754 2138 819; x_wconf 75' lang='lat' dir='ltr'>aquas</span> <span class='ocrx_word' id='word_1_611' title='bbox 2167 754 2318 819; x_wconf 81' lang='lat' dir='ltr'>quas</span> <span class='ocrx_word' id='word_1_612' title='bbox 2344 740 2631 819; x_wconf 75' lang='lat' dir='ltr'>emiaerat</span> <span class='ocrx_word' id='word_1_613' title='bbox 2651 739 2723 819; x_wconf 75' lang='lat' dir='ltr'>de</span> <span class='ocrx_word' id='word_1_614' title='bbox 2742 740 3025 819; x_wconf 78' lang='lat' dir='ltr'>nubibus,</span> <span class='ocrx_word' id='word_1_615' title='bbox 3058 751 3261 813; x_wconf 87' lang='lat' dir='ltr'>posset</span> <span class='ocrx_word' id='word_1_616' title='bbox 3292 739 3593 804; x_wconf 49' lang='lat' dir='ltr'>revocare;</span> 
     </span>
    </p>
   </div>
   <div class='ocr_carea' id='block_1_88' title="bbox 1944 810 3595 881">
    <p class='ocr_par' dir='ltr' id='par_1_88' title="bbox 1944 810 3595 881">
     <span class='ocr_line' id='line_1_91' title="bbox 1944 810 3595 881; baseline 0.007 -18"><span class='ocrx_word' id='word_1_617' title='bbox 1944 810 2119 881; x_wconf 65' lang='lat' dir='ltr'>Aquw</span> <span class='ocrx_word' id='word_1_618' title='bbox 2149 810 2330 875; x_wconf 88' lang='lat' dir='ltr'>enim,</span> <span class='ocrx_word' id='word_1_619' title='bbox 2354 811 2547 881; x_wconf 90' lang='lat' dir='ltr'>inquit</span> <span class='ocrx_word' id='word_1_620' title='bbox 2571 810 2894 881; x_wconf 86' lang='lat' dir='ltr'>Scriptura,</span> <span class='ocrx_word' id='word_1_621' title='bbox 2920 810 3074 868; x_wconf 73' lang='lat' dir='ltr'>ibant</span> <span class='ocrx_word' id='word_1_622' title='bbox 3090 823 3137 870; x_wconf 90' lang='lat' dir='ltr'>et</span> <span class='ocrx_word' id='word_1_623' title='bbox 3163 817 3595 875; x_wconf 80' lang='lat' dir='ltr'>revertebantur.</span> 
     </span>
    </p>
   </div>
   <div class='ocr_carea' id='block_1_89' title="bbox 1946 881 3598 960">
    <p class='ocr_par' dir='ltr' id='par_1_89' title="bbox 1946 881 3598 960">
     <span class='ocr_line' id='line_1_92' title="bbox 1946 881 3598 960; baseline 0.008 -25"><span class='ocrx_word' id='word_1_624' title='bbox 1946 883 2264 960; x_wconf 18' lang='lat' dir='ltr'>Quoiergo</span> <span class='ocrx_word' id='word_1_625' title='bbox 2295 881 2481 960; x_wconf 81' lang='lat' dir='ltr'>ibant,</span> <span class='ocrx_word' id='word_1_626' title='bbox 2516 881 2633 936; x_wconf 86' lang='lat' dir='ltr'>nisi</span> <span class='ocrx_word' id='word_1_627' title='bbox 2662 884 2850 960; x_wconf 77' lang='lat' dir='ltr'>unde</span> <span class='ocrx_word' id='word_1_628' title='bbox 2887 894 3169 942; x_wconf 90' lang='lat' dir='ltr'>venerant</span> <span class='ocrx_word' id='word_1_629' title='bbox 3199 888 3227 940; x_wconf 70' lang='grc' dir='ltr'><strong><em>Ῥ</em></strong></span> <span class='ocrx_word' id='word_1_630' title='bbox 3259 888 3314 944; x_wconf 90' lang='lat' dir='ltr'>Si</span> <span class='ocrx_word' id='word_1_631' title='bbox 3348 905 3489 960; x_wconf 89' lang='lat' dir='ltr'>ergo</span> <span class='ocrx_word' id='word_1_632' title='bbox 3522 892 3598 947; x_wconf 92' lang='lat' dir='ltr'>de</span> 
     </span>
    </p>
   </div>
   <div class='ocr_carea' id='block_1_90' title="bbox 1945 952 3599 1032">
    <p class='ocr_par' dir='ltr' id='par_1_90' title="bbox 1945 952 3599 1032">
     <span class='ocr_line' id='line_1_93' title="bbox 1945 952 3599 1032; baseline 0.006 -24"><span class='ocrx_word' id='word_1_633' title='bbox 1945 952 2179 1032; x_wconf 81' lang='lat' dir='ltr'>excelso</span> <span class='ocrx_word' id='word_1_634' title='bbox 2210 952 2311 1009; x_wconf 90' lang='lat' dir='ltr'>illo</span> <span class='ocrx_word' id='word_1_635' title='bbox 2334 952 2732 1032; x_wconf 78' lang='lat' dir='ltr'>iirmamento,</span> <span class='ocrx_word' id='word_1_636' title='bbox 2760 955 3003 1032; x_wconf 80' lang='lat' dir='ltr'>utjuxta</span> <span class='ocrx_word' id='word_1_637' title='bbox 3021 952 3599 1032; x_wconf 45' lang='lat' dir='ltr'>quorumdamvaesti-</span> 
     </span>
    </p>
   </div>
   <div class='ocr_carea' id='block_1_91' title="bbox 1944 1024 3598 1103">
    <p class='ocr_par' dir='ltr' id='par_1_91' title="bbox 1944 1024 3598 1103">
     <span class='ocr_line' id='line_1_94' title="bbox 1944 1024 3598 1103; baseline 0.007 -24"><span class='ocrx_word' id='word_1_638' title='bbox 1944 1027 2275 1103; x_wconf 82' lang='lat' dir='ltr'>mationem</span> <span class='ocrx_word' id='word_1_639' title='bbox 2319 1024 2598 1103; x_wconf 73' lang='lat' dir='ltr'>diximus,</span> <span class='ocrx_word' id='word_1_640' title='bbox 2633 1040 2807 1103; x_wconf 64' lang='lat' dir='ltr'>aqua;</span> <span class='ocrx_word' id='word_1_641' title='bbox 2836 1024 3123 1103; x_wconf 77' lang='lat' dir='ltr'>desuper</span> <span class='ocrx_word' id='word_1_642' title='bbox 3170 1030 3499 1097; x_wconf 84' lang='lat' dir='ltr'>ﬂuxissent,</span> <span class='ocrx_word' id='word_1_643' title='bbox 3543 1040 3598 1091; x_wconf 89' lang='lat' dir='ltr'>et</span> 
     </span>
    </p>
   </div>
   <div class='ocr_carea' id='block_1_92' title="bbox 1946 1095 3597 1167">
    <p class='ocr_par' dir='ltr' id='par_1_92' title="bbox 1946 1095 3597 1167">
     <span class='ocr_line' id='line_1_95' title="bbox 1946 1095 3597 1167; baseline 0.007 -18"><span class='ocrx_word' id='word_1_644' title='bbox 1946 1095 2204 1166; x_wconf 89' lang='lat' dir='ltr'>spatium</span> <span class='ocrx_word' id='word_1_645' title='bbox 2254 1095 2420 1166; x_wconf 90' lang='lat' dir='ltr'>quod</span> <span class='ocrx_word' id='word_1_646' title='bbox 2474 1095 2872 1165; x_wconf 81' lang='lat' dir='ltr'>occupabant,</span> <span class='ocrx_word' id='word_1_647' title='bbox 2918 1095 3296 1167; x_wconf 81' lang='lat' dir='ltr'>dimiserunt,</span> <span class='ocrx_word' id='word_1_648' title='bbox 3360 1105 3408 1159; x_wconf 92' lang='lat' dir='ltr'>si</span> <span class='ocrx_word' id='word_1_649' title='bbox 3461 1095 3597 1161; x_wconf 89' lang='lat' dir='ltr'>illuc</span> 
     </span>
    </p>
   </div>
   <div class='ocr_carea' id='block_1_93' title="bbox 1944 1167 3597 1244">
    <p class='ocr_par' dir='ltr' id='par_1_93' title="bbox 1944 1167 3597 1244">
     <span class='ocr_line' id='line_1_96' title="bbox 1944 1167 3597 1244; baseline 0.006 -23"><span class='ocrx_word' id='word_1_650' title='bbox 1944 1171 2423 1244; x_wconf 74' lang='lat' dir='ltr'>revocataesunt,</span> <span class='ocrx_word' id='word_1_651' title='bbox 2452 1167 2598 1244; x_wconf 85' lang='lat' dir='ltr'>quid</span> <span class='ocrx_word' id='word_1_652' title='bbox 2630 1168 3133 1244; x_wconf 77' lang='lat' dir='ltr'>mirumsieadem</span> <span class='ocrx_word' id='word_1_653' title='bbox 3158 1189 3288 1244; x_wconf 63' lang='lat' dir='ltr'>quae</span> <span class='ocrx_word' id='word_1_654' title='bbox 3319 1175 3597 1232; x_wconf 91' lang='lat' dir='ltr'>deserue-</span> 
     </span>
    </p>
   </div>
   <div class='ocr_carea' id='block_1_94' title="bbox 1944 1236 3595 1317">
    <p class='ocr_par' dir='ltr' id='par_1_94' title="bbox 1944 1236 3595 1317">
     <span class='ocr_line' id='line_1_97' title="bbox 1944 1236 3595 1317; baseline 0.006 -25"><span class='ocrx_word' id='word_1_655' title='bbox 1944 1244 2078 1317; x_wconf 78' lang='lat' dir='ltr'>rant</span> <span class='ocrx_word' id='word_1_656' title='bbox 2109 1238 2303 1317; x_wconf 72' lang='lat' dir='ltr'>spatia</span> <span class='ocrx_word' id='word_1_657' title='bbox 2324 1236 2717 1317; x_wconf 74' lang='lat' dir='ltr'>complebant</span> <span class='ocrx_word' id='word_1_658' title='bbox 2742 1238 2785 1317; x_wconf 79' lang='lat'>?_</span> <span class='ocrx_word' id='word_1_659' title='bbox 2830 1241 2925 1317; x_wconf 68' lang='grc' dir='ltr'>γει</span> <span class='ocrx_word' id='word_1_660' title='bbox 2954 1251 3108 1298; x_wconf 90' lang='lat' dir='ltr'>certe</span> <span class='ocrx_word' id='word_1_661' title='bbox 3154 1236 3199 1298; x_wconf 83' lang='lat' dir='ltr'>si</span> <span class='ocrx_word' id='word_1_662' title='bbox 3232 1247 3305 1299; x_wconf 92' lang='lat' dir='ltr'>de</span> <span class='ocrx_word' id='word_1_663' title='bbox 3333 1248 3595 1302; x_wconf 91' lang='lat' dir='ltr'>nubibus</span> 
     </span>
    </p>
   </div>
   <div class='ocr_carea' id='block_1_95' title="bbox 1945 1307 3594 1379">
    <p class='ocr_par' dir='ltr' id='par_1_95' title="bbox 1945 1307 3594 1379">
     <span class='ocr_line' id='line_1_98' title="bbox 1945 1307 3594 1379; baseline 0.006 -15"><span class='ocrx_word' id='word_1_664' title='bbox 1945 1308 2156 1364; x_wconf 88' lang='lat' dir='ltr'>eadem</span> <span class='ocrx_word' id='word_1_665' title='bbox 2188 1307 2536 1362; x_wconf 89' lang='lat' dir='ltr'>nimborum</span> <span class='ocrx_word' id='word_1_666' title='bbox 2565 1309 2740 1379; x_wconf 90' lang='lat' dir='ltr'>copia</span> <span class='ocrx_word' id='word_1_667' title='bbox 2762 1310 2943 1365; x_wconf 82' lang='lat' dir='ltr'>fuisse</span> <span class='ocrx_word' id='word_1_668' title='bbox 2968 1320 3299 1371; x_wconf 86' lang='lat' dir='ltr'>monstrata</span> <span class='ocrx_word' id='word_1_669' title='bbox 3320 1319 3594 1374; x_wconf 91' lang='lat' dir='ltr'>concedi-</span> 
     </span>
    </p>
   </div>
   <div class='ocr_carea' id='block_1_96' title="bbox 1947 1378 3593 1459">
    <p class='ocr_par' dir='ltr' id='par_1_96' title="bbox 1947 1378 3593 1459">
     <span class='ocr_line' id='line_1_99' title="bbox 1947 1378 3593 1459; baseline 0.007 -25"><span class='ocrx_word' id='word_1_670' title='bbox 1947 1385 2058 1459; x_wconf 74' lang='lat' dir='ltr'>tur,</span> <span class='ocrx_word' id='word_1_671' title='bbox 2090 1379 2237 1459; x_wconf 72' lang='lat' dir='ltr'>quid</span> <span class='ocrx_word' id='word_1_672' title='bbox 2258 1378 2723 1459; x_wconf 27' lang='lat' dir='ltr'>intelligentibius</span> <span class='ocrx_word' id='word_1_673' title='bbox 2758 1383 3056 1438; x_wconf 88' lang='lat' dir='ltr'>mentibus</span> <span class='ocrx_word' id='word_1_674' title='bbox 3088 1395 3405 1457; x_wconf 84' lang='lat' dir='ltr'>repugnat,</span> <span class='ocrx_word' id='word_1_675' title='bbox 3441 1391 3485 1445; x_wconf 90' lang='lat' dir='ltr'>si</span> <span class='ocrx_word' id='word_1_676' title='bbox 3516 1392 3593 1446; x_wconf 89' lang='lat' dir='ltr'>ad</span> 
     </span>
    </p>
   </div>
   <div class='ocr_carea' id='block_1_97' title="bbox 1943 1450 3593 1531">
    <p class='ocr_par' dir='ltr' id='par_1_97' title="bbox 1943 1450 3593 1531">
     <span class='ocr_line' id='line_1_100' title="bbox 1943 1450 3593 1531; baseline 0.005 -25"><span class='ocrx_word' id='word_1_677' title='bbox 1943 1451 2133 1531; x_wconf 80' lang='lat' dir='ltr'>nubes</span> <span class='ocrx_word' id='word_1_678' title='bbox 2166 1450 2376 1531; x_wconf 84' lang='lat' dir='ltr'>iterum</span> <span class='ocrx_word' id='word_1_679' title='bbox 2409 1450 2540 1531; x_wconf 72' lang='lat' dir='ltr'>ipsa</span> <span class='ocrx_word' id='word_1_680' title='bbox 2566 1456 2889 1507; x_wconf 87' lang='lat' dir='ltr'>retrorsum</span> <span class='ocrx_word' id='word_1_681' title='bbox 2919 1450 3279 1531; x_wconf 39' lang='lat' dir='ltr'>verteret-ur“;</span> <span class='ocrx_word' id='word_1_682' title='bbox 3305 1450 3593 1531; x_wconf 88' lang='lat' dir='ltr'>quemad-</span> 
     </span>
    </p>
   </div>
   <div class='ocr_carea' id='block_1_98' title="bbox 1944 1523 3593 1602">
    <p class='ocr_par' dir='ltr' id='par_1_98' title="bbox 1944 1523 3593 1602">
     <span class='ocr_line' id='line_1_101' title="bbox 1944 1523 3593 1602; baseline 0.006 -25"><span class='ocrx_word' id='word_1_683' title='bbox 1944 1525 2194 1602; x_wconf 81' lang='lat' dir='ltr'>modum</span> <span class='ocrx_word' id='word_1_684' title='bbox 2226 1523 2284 1576; x_wconf 91' lang='lat' dir='ltr'>in</span> <span class='ocrx_word' id='word_1_685' title='bbox 2303 1523 2667 1602; x_wconf 80' lang='lat' dir='ltr'>quotidiana</span> <span class='ocrx_word' id='word_1_686' title='bbox 2698 1540 2897 1602; x_wconf 76' lang='lat' dir='ltr'>rerum</span> <span class='ocrx_word' id='word_1_687' title='bbox 2924 1523 3439 1602; x_wconf 79' lang='lat' dir='ltr'>administratione</span> <span class='ocrx_word' id='word_1_688' title='bbox 3465 1531 3593 1587; x_wconf 89' lang='lat' dir='ltr'>ﬂeri</span> 
     </span>
    </p>
   </div>
   <div class='ocr_carea' id='block_1_99' title="bbox 1944 1593 3596 1674">
    <p class='ocr_par' dir='ltr' id='par_1_99' title="bbox 1944 1593 3596 1674">
     <span class='ocr_line' id='line_1_102' title="bbox 1944 1593 3596 1674; baseline 0.007 -26"><span class='ocrx_word' id='word_1_689' title='bbox 1944 1595 2223 1674; x_wconf 77' lang='lat' dir='ltr'>cernitur,</span> <span class='ocrx_word' id='word_1_690' title='bbox 2256 1598 2319 1674; x_wconf 78' lang='lat' dir='ltr'>ut</span> <span class='ocrx_word' id='word_1_691' title='bbox 2343 1593 2544 1674; x_wconf 82' lang='lat' dir='ltr'>pluvia</span> <span class='ocrx_word' id='word_1_692' title='bbox 2568 1594 2649 1674; x_wconf 33' lang='lat' dir='ltr'>de.</span> <span class='ocrx_word' id='word_1_693' title='bbox 2673 1595 2934 1650; x_wconf 87' lang='lat' dir='ltr'>nubibus</span> <span class='ocrx_word' id='word_1_694' title='bbox 2961 1600 3181 1674; x_wconf 83' lang='lat' dir='ltr'>emissa</span> <span class='ocrx_word' id='word_1_695' title='bbox 3206 1606 3261 1656; x_wconf 92' lang='lat' dir='ltr'>et</span> <span class='ocrx_word' id='word_1_696' title='bbox 3287 1610 3596 1674; x_wconf 86' lang='lat' dir='ltr'>resumpta</span> 
     </span>
    </p>
   </div>
   <div class='ocr_carea' id='block_1_100' title="bbox 1945 1665 3592 1746">
    <p class='ocr_par' dir='ltr' id='par_1_100' title="bbox 1945 1665 3592 1746">
     <span class='ocr_line' id='line_1_103' title="bbox 1945 1665 3592 1746; baseline 0.007 -28"><span class='ocrx_word' id='word_1_697' title='bbox 1945 1665 2234 1746; x_wconf 79' lang='lat' dir='ltr'>videatur.</span> <span class='ocrx_word' id='word_1_698' title='bbox 2271 1668 2561 1719; x_wconf 67' lang='lat' dir='ltr'>Caeterum</span> <span class='ocrx_word' id='word_1_699' title='bbox 2615 1666 2651 1719; x_wconf 91' lang='lat' dir='ltr'>ii</span> <span class='ocrx_word' id='word_1_700' title='bbox 2697 1682 2939 1746; x_wconf 81' lang='lat' dir='ltr'>quoque</span> <span class='ocrx_word' id='word_1_701' title='bbox 2962 1671 3078 1746; x_wconf 79' lang='lat' dir='ltr'>qui</span> <span class='ocrx_word' id='word_1_702' title='bbox 3133 1676 3271 1726; x_wconf 90' lang='lat' dir='ltr'>ante</span> <span class='ocrx_word' id='word_1_703' title='bbox 3301 1665 3592 1729; x_wconf 76' lang='lat' dir='ltr'>diluvium</span> 
     </span>
    </p>
   </div>
   <div class='ocr_carea' id='block_1_101' title="bbox 1943 1736 3591 1815">
    <p class='ocr_par' dir='ltr' id='par_1_101' title="bbox 1943 1736 3591 1815">
     <span class='ocr_line' id='line_1_104' title="bbox 1943 1736 3591 1815; baseline 0.008 -28"><span class='ocrx_word' id='word_1_704' title='bbox 1943 1736 2208 1815; x_wconf 78' lang='lat' dir='ltr'>pluviam</span> <span class='ocrx_word' id='word_1_705' title='bbox 2231 1751 2515 1815; x_wconf 77' lang='lat' dir='ltr'>essenon</span> <span class='ocrx_word' id='word_1_706' title='bbox 2533 1736 2902 1815; x_wconf 76' lang='lat' dir='ltr'>permittunt,</span> <span class='ocrx_word' id='word_1_707' title='bbox 2936 1736 3010 1793; x_wconf 81' lang='lat' dir='ltr'>de</span> <span class='ocrx_word' id='word_1_708' title='bbox 3034 1756 3267 1815; x_wconf 85' lang='lat' dir='ltr'>recessu</span> <span class='ocrx_word' id='word_1_709' title='bbox 3290 1760 3591 1815; x_wconf 85' lang='lat' dir='ltr'>aquarum</span> 
     </span>
    </p>
   </div>
   <div class='ocr_carea' id='block_1_102' title="bbox 1945 1808 3597 1881">
    <p class='ocr_par' dir='ltr' id='par_1_102' title="bbox 1945 1808 3597 1881">
     <span class='ocr_line' id='line_1_105' title="bbox 1945 1808 3597 1881; baseline 0.006 -19"><span class='ocrx_word' id='word_1_710' title='bbox 1945 1808 2112 1881; x_wconf 85' lang='lat' dir='ltr'>aliter</span> <span class='ocrx_word' id='word_1_711' title='bbox 2127 1808 2411 1861; x_wconf 89' lang='lat' dir='ltr'>sentiunt.</span> <span class='ocrx_word' id='word_1_712' title='bbox 2428 1809 2545 1881; x_wconf 77' lang='lat' dir='ltr'>ipsi</span> <span class='ocrx_word' id='word_1_713' title='bbox 2564 1809 2722 1862; x_wconf 92' lang='lat' dir='ltr'>enim</span> <span class='ocrx_word' id='word_1_714' title='bbox 2741 1824 2879 1864; x_wconf 92' lang='lat' dir='ltr'>cum</span> <span class='ocrx_word' id='word_1_715' title='bbox 2898 1825 3189 1881; x_wconf 89' lang='lat' dir='ltr'>aquarum</span> <span class='ocrx_word' id='word_1_716' title='bbox 3210 1808 3597 1871; x_wconf 70' lang='lat' dir='ltr'>dimisionem</span> 
     </span>
    </p>
   </div>
   <div class='ocr_carea' id='block_1_103' title="bbox 1944 1879 3592 1949">
    <p class='ocr_par' dir='ltr' id='par_1_103' title="bbox 1944 1879 3592 1949">
     <span class='ocr_line' id='line_1_106' title="bbox 1944 1879 3592 1949; baseline 0.006 -16"><span class='ocrx_word' id='word_1_717' title='bbox 1944 1881 2018 1933; x_wconf 93' lang='lat' dir='ltr'>de</span> <span class='ocrx_word' id='word_1_718' title='bbox 2034 1879 2409 1933; x_wconf 77' lang='lat' dir='ltr'>ﬁrmamento</span> <span class='ocrx_word' id='word_1_719' title='bbox 2428 1879 2646 1933; x_wconf 86' lang='lat' dir='ltr'>factam</span> <span class='ocrx_word' id='word_1_720' title='bbox 2670 1879 3152 1949; x_wconf 81' lang='lat' dir='ltr'>pronuntiant,in</span> <span class='ocrx_word' id='word_1_721' title='bbox 3182 1888 3592 1943; x_wconf 83' lang='lat' dir='ltr'>nubestamen</span> 
     </span>
    </p>
   </div>
   <div class='ocr_carea' id='block_1_104' title="bbox 1946 1950 3592 2028">
    <p class='ocr_par' dir='ltr' id='par_1_104' title="bbox 1946 1950 3592 2028">
     <span class='ocr_line' id='line_1_107' title="bbox 1946 1950 3592 2028; baseline 0.006 -24"><span class='ocrx_word' id='word_1_722' title='bbox 1946 1950 2365 2028; x_wconf 75' lang='lat' dir='ltr'>tantummodo</span> <span class='ocrx_word' id='word_1_723' title='bbox 2387 1966 2489 2004; x_wconf 89' lang='lat' dir='ltr'>eas</span> <span class='ocrx_word' id='word_1_724' title='bbox 2510 1951 2700 2028; x_wconf 82' lang='lat' dir='ltr'>redire</span> <span class='ocrx_word' id='word_1_725' title='bbox 2726 1952 3078 2028; x_wconf 72' lang='lat' dir='ltr'>conﬁrmant</span> <span class='ocrx_word' id='word_1_726' title='bbox 3104 1972 3116 2020; x_wconf 90' lang='lat'><strong>;</strong></span> <span class='ocrx_word' id='word_1_727' title='bbox 3142 1961 3196 2028; x_wconf 89' lang='lat' dir='ltr'>et</span> <span class='ocrx_word' id='word_1_728' title='bbox 3222 1958 3592 2028; x_wconf 85' lang='lat' dir='ltr'>superﬂuum</span> 
     </span>
    </p>
   </div>
   <div class='ocr_carea' id='block_1_105' title="bbox 1944 2020 3591 2096">
    <p class='ocr_par' dir='ltr' id='par_1_105' title="bbox 1944 2020 3591 2096">
     <span class='ocr_line' id='line_1_108' title="bbox 1944 2020 3591 2096; baseline 0.006 -20"><span class='ocrx_word' id='word_1_729' title='bbox 1944 2020 2091 2076; x_wconf 90' lang='lat' dir='ltr'>illud</span> <span class='ocrx_word' id='word_1_730' title='bbox 2121 2022 2285 2091; x_wconf 91' lang='lat' dir='ltr'>quod</span> <span class='ocrx_word' id='word_1_731' title='bbox 2316 2036 2477 2091; x_wconf 91' lang='lat' dir='ltr'>aqua</span> <span class='ocrx_word' id='word_1_732' title='bbox 2507 2022 2764 2093; x_wconf 90' lang='lat' dir='ltr'>desuper</span> <span class='ocrx_word' id='word_1_733' title='bbox 2793 2022 2984 2096; x_wconf 78' lang='lat' dir='ltr'>ﬂuens</span> <span class='ocrx_word' id='word_1_734' title='bbox 3018 2020 3372 2096; x_wconf 67' lang='lat' dir='ltr'>prasbuerat,</span> <span class='ocrx_word' id='word_1_735' title='bbox 3409 2031 3591 2086; x_wconf 88' lang='lat' dir='ltr'>etiam</span> 
     </span>
    </p>
   </div>
   <div class='ocr_carea' id='block_1_106' title="bbox 1944 2094 3592 2166">
    <p class='ocr_par' dir='ltr' id='par_1_106' title="bbox 1944 2094 3592 2166">
     <span class='ocr_line' id='line_1_109' title="bbox 1944 2094 3592 2166; baseline 0.007 -21"><span class='ocrx_word' id='word_1_736' title='bbox 1944 2107 2105 2166; x_wconf 85' lang='lat' dir='ltr'>nunc</span> <span class='ocrx_word' id='word_1_737' title='bbox 2132 2107 2236 2166; x_wconf 86' lang='lat' dir='ltr'>per</span> <span class='ocrx_word' id='word_1_738' title='bbox 2257 2099 2692 2166; x_wconf 73' lang='lat' dir='ltr'>omnetempus</span> <span class='ocrx_word' id='word_1_739' title='bbox 2716 2094 3088 2151; x_wconf 74' lang='lat' dir='ltr'>turbulentos</span> <span class='ocrx_word' id='word_1_740' title='bbox 3110 2100 3263 2153; x_wconf 89' lang='lat' dir='ltr'>aeris</span> <span class='ocrx_word' id='word_1_741' title='bbox 3299 2109 3513 2166; x_wconf 82' lang='lat' dir='ltr'>motus,</span> <span class='ocrx_word' id='word_1_742' title='bbox 3537 2108 3592 2158; x_wconf 91' lang='lat' dir='ltr'>et</span> 
     </span>
    </p>
   </div>
   <div class='ocr_carea' id='block_1_107' title="bbox 1945 2163 3593 2244">
    <p class='ocr_par' dir='ltr' id='par_1_107' title="bbox 1945 2163 3593 2244">
     <span class='ocr_line' id='line_1_110' title="bbox 1945 2163 3593 2244; baseline 0.007 -26"><span class='ocrx_word' id='word_1_743' title='bbox 1945 2163 2397 2244; x_wconf 73' lang='lat' dir='ltr'>hemisphaerias</span> <span class='ocrx_word' id='word_1_744' title='bbox 2419 2164 2690 2244; x_wconf 75' lang='lat' dir='ltr'>diversas</span> <span class='ocrx_word' id='word_1_745' title='bbox 2708 2166 3056 2244; x_wconf 37' lang='lat' dir='ltr'>in&#39;nubibus</span> <span class='ocrx_word' id='word_1_746' title='bbox 3080 2170 3289 2244; x_wconf 83' lang='lat' dir='ltr'>gignit,</span> <span class='ocrx_word' id='word_1_747' title='bbox 3315 2174 3477 2243; x_wconf 92' lang='lat' dir='ltr'>quod</span> <span class='ocrx_word' id='word_1_748' title='bbox 3499 2163 3593 2229; x_wconf 80' lang='lat' dir='ltr'>re-</span> 
     </span>
    </p>
   </div>
   <div class='ocr_carea' id='block_1_108' title="bbox 1943 2234 3591 2305">
    <p class='ocr_par' dir='ltr' id='par_1_108' title="bbox 1943 2234 3591 2305">
     <span class='ocr_line' id='line_1_111' title="bbox 1943 2234 3591 2305; baseline 0.006 -16"><span class='ocrx_word' id='word_1_749' title='bbox 1943 2234 2196 2305; x_wconf 91' lang='lat' dir='ltr'>ciprocis</span> <span class='ocrx_word' id='word_1_750' title='bbox 2225 2234 2740 2290; x_wconf 89' lang='lat' dir='ltr'>immutationibus</span> <span class='ocrx_word' id='word_1_751' title='bbox 2768 2236 2927 2292; x_wconf 91' lang='lat' dir='ltr'>idem</span> <span class='ocrx_word' id='word_1_752' title='bbox 2962 2254 3061 2294; x_wconf 88' lang='lat' dir='ltr'>aer</span> <span class='ocrx_word' id='word_1_753' title='bbox 3086 2234 3403 2297; x_wconf 73' lang='lat' dir='ltr'>nﬁbilosus</span> <span class='ocrx_word' id='word_1_754' title='bbox 3430 2259 3591 2299; x_wconf 90' lang='lat' dir='ltr'>nunc</span> 
     </span>
    </p>
   </div>
   <div class='ocr_carea' id='block_1_109' title="bbox 1942 2306 3591 2377">
    <p class='ocr_par' dir='ltr' id='par_1_109' title="bbox 1942 2306 3591 2377">
     <span class='ocr_line' id='line_1_112' title="bbox 1942 2306 3591 2377; baseline 0.006 -16"><span class='ocrx_word' id='word_1_755' title='bbox 1942 2308 2004 2361; x_wconf 87' lang='lat' dir='ltr'>in</span> <span class='ocrx_word' id='word_1_756' title='bbox 2033 2306 2334 2361; x_wconf 85' lang='lat' dir='ltr'>inferiores</span> <span class='ocrx_word' id='word_1_757' title='bbox 2361 2314 2557 2377; x_wconf 88' lang='lat' dir='ltr'>partes</span> <span class='ocrx_word' id='word_1_758' title='bbox 2595 2306 2823 2370; x_wconf 86' lang='lat' dir='ltr'>mundi,</span> <span class='ocrx_word' id='word_1_759' title='bbox 2844 2309 2958 2363; x_wconf 89' lang='lat' dir='ltr'>hoc</span> <span class='ocrx_word' id='word_1_760' title='bbox 2986 2316 3075 2365; x_wconf 92' lang='lat' dir='ltr'>est</span> <span class='ocrx_word' id='word_1_761' title='bbox 3097 2317 3314 2369; x_wconf 84' lang='lat' dir='ltr'>terram</span> <span class='ocrx_word' id='word_1_762' title='bbox 3338 2321 3393 2369; x_wconf 92' lang='lat' dir='ltr'>et</span> <span class='ocrx_word' id='word_1_763' title='bbox 3426 2332 3591 2372; x_wconf 88' lang='lat' dir='ltr'>mare</span> 
     </span>
    </p>
   </div>
   <div class='ocr_carea' id='block_1_110' title="bbox 1943 2377 3587 2450">
    <p class='ocr_par' dir='ltr' id='par_1_110' title="bbox 1943 2377 3587 2450">
     <span class='ocr_line' id='line_1_113' title="bbox 1943 2377 3587 2450; baseline 0.006 -18"><span class='ocrx_word' id='word_1_764' title='bbox 1943 2377 2203 2450; x_wconf 87' lang='lat' dir='ltr'>dimittit,</span> <span class='ocrx_word' id='word_1_765' title='bbox 2240 2392 2398 2431; x_wconf 91' lang='lat' dir='ltr'>nunc</span> <span class='ocrx_word' id='word_1_766' title='bbox 2414 2377 2497 2450; x_wconf 8' lang='lat' dir='ltr'>de?</span> <span class='ocrx_word' id='word_1_767' title='bbox 2519 2378 2761 2442; x_wconf 88' lang='lat' dir='ltr'>eisdem,</span> <span class='ocrx_word' id='word_1_768' title='bbox 2786 2380 2939 2435; x_wconf 88' lang='lat' dir='ltr'>mari</span> <span class='ocrx_word' id='word_1_769' title='bbox 2969 2382 3188 2437; x_wconf 88' lang='lat' dir='ltr'>scilicet</span> <span class='ocrx_word' id='word_1_770' title='bbox 3212 2391 3269 2439; x_wconf 94' lang='lat' dir='ltr'>et</span> <span class='ocrx_word' id='word_1_771' title='bbox 3296 2391 3466 2450; x_wconf 89' lang='lat' dir='ltr'>terra,</span> <span class='ocrx_word' id='word_1_772' title='bbox 3501 2403 3587 2442; x_wconf 90' lang='lat' dir='ltr'>re-</span> 
     </span>
    </p>
   </div>
   <div class='ocr_carea' id='block_1_111' title="bbox 1944 2448 3590 2527">
    <p class='ocr_par' dir='ltr' id='par_1_111' title="bbox 1944 2448 3590 2527">
     <span class='ocr_line' id='line_1_114' title="bbox 1944 2448 3590 2527; baseline 0.007 -24"><span class='ocrx_word' id='word_1_773' title='bbox 1944 2448 2163 2527; x_wconf 86' lang='lat' dir='ltr'>coliigit</span> <span class='ocrx_word' id='word_1_774' title='bbox 2191 2449 2545 2527; x_wconf 32' lang='lat' dir='ltr'>{quomodo</span> <span class='ocrx_word' id='word_1_775' title='bbox 2586 2455 2641 2527; x_wconf 78' lang='lat' dir='ltr'>et</span> <span class='ocrx_word' id='word_1_776' title='bbox 2674 2450 2734 2503; x_wconf 90' lang='lat' dir='ltr'>in</span> <span class='ocrx_word' id='word_1_777' title='bbox 2765 2456 2998 2527; x_wconf 80' lang='lat' dir='ltr'>pectore</span> <span class='ocrx_word' id='word_1_778' title='bbox 3047 2453 3316 2527; x_wconf 86' lang='lat' dir='ltr'>humano</span> <span class='ocrx_word' id='word_1_779' title='bbox 3366 2448 3590 2515; x_wconf 87' lang='lat' dir='ltr'>halitus</span> 
     </span>
    </p>
   </div>
   <div class='ocr_carea' id='block_1_112' title="bbox 1942 2520 3591 2597">
    <p class='ocr_par' dir='ltr' id='par_1_112' title="bbox 1942 2520 3591 2597">
     <span class='ocr_line' id='line_1_115' title="bbox 1942 2520 3591 2597; baseline 0.007 -23"><span class='ocrx_word' id='word_1_780' title='bbox 1942 2520 2259 2597; x_wconf 82' lang='lat' dir='ltr'>reciprocis</span> <span class='ocrx_word' id='word_1_781' title='bbox 2292 2520 2719 2597; x_wconf 75' lang='lat' dir='ltr'>mutationibus</span> <span class='ocrx_word' id='word_1_782' title='bbox 2751 2522 2960 2576; x_wconf 90' lang='lat' dir='ltr'>eodem</span> <span class='ocrx_word' id='word_1_783' title='bbox 2994 2526 3176 2581; x_wconf 91' lang='lat' dir='ltr'>modo</span> <span class='ocrx_word' id='word_1_784' title='bbox 3205 2544 3323 2597; x_wconf 88' lang='lat' dir='ltr'>quo</span> <span class='ocrx_word' id='word_1_785' title='bbox 3348 2529 3591 2585; x_wconf 81' lang='lat' dir='ltr'>dimitti-</span> 
     </span>
    </p>
   </div>
   <div class='ocr_carea' id='block_1_113' title="bbox 1942 2590 3586 2669">
    <p class='ocr_par' dir='ltr' id='par_1_113' title="bbox 1942 2590 3586 2669">
     <span class='ocr_line' id='line_1_116' title="bbox 1942 2590 3586 2669; baseline 0.007 -23"><span class='ocrx_word' id='word_1_786' title='bbox 1942 2595 2053 2655; x_wconf 91' lang='lat' dir='ltr'>tur,</span> <span class='ocrx_word' id='word_1_787' title='bbox 2084 2592 2297 2669; x_wconf 69' lang='lat' dir='ltr'>iterum</span> <span class='ocrx_word' id='word_1_788' title='bbox 2328 2590 2581 2669; x_wconf 75' lang='lat' dir='ltr'>exigitur</span> <span class='ocrx_word' id='word_1_789' title='bbox 2613 2597 2675 2646; x_wconf 93' lang='lat' dir='ltr'>ut</span> <span class='ocrx_word' id='word_1_790' title='bbox 2705 2600 3063 2669; x_wconf 79' lang='lat' dir='ltr'>resumatur.</span> <span class='ocrx_word' id='word_1_791' title='bbox 3120 2598 3180 2651; x_wconf 90' lang='lat' dir='ltr'>In</span> <span class='ocrx_word' id='word_1_792' title='bbox 3222 2590 3330 2653; x_wconf 55' lang='lat' dir='ltr'>&#39;his</span> <span class='ocrx_word' id='word_1_793' title='bbox 3386 2608 3586 2656; x_wconf 90' lang='lat' dir='ltr'>autem</span> 
     </span>
    </p>
   </div>
   <div class='ocr_carea' id='block_1_114' title="bbox 1942 2661 3585 2739">
    <p class='ocr_par' dir='ltr' id='par_1_114' title="bbox 1942 2661 3585 2739">
     <span class='ocr_line' id='line_1_117' title="bbox 1942 2661 3585 2739; baseline 0.008 -24"><span class='ocrx_word' id='word_1_794' title='bbox 1942 2661 2275 2739; x_wconf 78' lang='lat' dir='ltr'>quamlibet</span> <span class='ocrx_word' id='word_1_795' title='bbox 2321 2662 2568 2739; x_wconf 80' lang='lat' dir='ltr'>diversis</span> <span class='ocrx_word' id='word_1_796' title='bbox 2625 2664 3032 2739; x_wconf 70' lang='lat' dir='ltr'>opinionibus</span> <span class='ocrx_word' id='word_1_797' title='bbox 3067 2672 3121 2721; x_wconf 92' lang='lat' dir='ltr'>et</span> <span class='ocrx_word' id='word_1_798' title='bbox 3164 2672 3585 2739; x_wconf 79' lang='lat' dir='ltr'>magistrorum</span> 
     </span>
    </p>
   </div>
   <div class='ocr_carea' id='block_1_115' title="bbox 1941 2733 3586 2814">
    <p class='ocr_par' dir='ltr' id='par_1_115' title="bbox 1941 2733 3586 2814">
     <span class='ocr_line' id='line_1_118' title="bbox 1941 2733 3586 2814; baseline 0.006 -27"><span class='ocrx_word' id='word_1_799' title='bbox 1941 2733 2213 2814; x_wconf 75' lang='lat' dir='ltr'>plurimis</span> <span class='ocrx_word' id='word_1_800' title='bbox 2240 2734 2629 2814; x_wconf 57' lang='lat' dir='ltr'>ambagibus,</span> <span class='ocrx_word' id='word_1_801' title='bbox 2645 2734 2758 2789; x_wconf 90' lang='lat' dir='ltr'>hoc</span> <span class='ocrx_word' id='word_1_802' title='bbox 2779 2737 2982 2814; x_wconf 82' lang='lat' dir='ltr'>animo</span> <span class='ocrx_word' id='word_1_803' title='bbox 3004 2737 3187 2794; x_wconf 83' lang='lat' dir='ltr'>ﬁxum</span> <span class='ocrx_word' id='word_1_804' title='bbox 3207 2733 3586 2814; x_wconf 70' lang='lat' dir='ltr'>suscipimus,</span> 
     </span>
    </p>
   </div>
   <div class='ocr_carea' id='block_1_116' title="bbox 1940 2804 3589 2886">
    <p class='ocr_par' dir='ltr' id='par_1_116' title="bbox 1940 2804 3589 2886">
     <span class='ocr_line' id='line_1_119' title="bbox 1940 2804 3589 2886; baseline 0.005 -26"><span class='ocrx_word' id='word_1_805' title='bbox 1940 2804 2104 2886; x_wconf 89' lang='lat' dir='ltr'>quod</span> <span class='ocrx_word' id='word_1_806' title='bbox 2134 2820 2444 2886; x_wconf 37' lang='lat' dir='ltr'>aqu-arum.</span> <span class='ocrx_word' id='word_1_807' title='bbox 2471 2805 2897 2886; x_wconf 84' lang='lat' dir='ltr'>quodcumque</span> <span class='ocrx_word' id='word_1_808' title='bbox 2946 2809 3204 2886; x_wconf 79' lang='lat' dir='ltr'>desuper</span> <span class='ocrx_word' id='word_1_809' title='bbox 3230 2804 3491 2879; x_wconf 76' lang='lat' dir='ltr'>venerat,</span> <span class='ocrx_word' id='word_1_810' title='bbox 3528 2804 3589 2872; x_wconf 82' lang='lat' dir='ltr'>ut</span> 
     </span>
    </p>
   </div>
   <div class='ocr_carea' id='block_1_117' title="bbox 1942 2876 3585 2946">
    <p class='ocr_par' dir='ltr' id='par_1_117' title="bbox 1942 2876 3585 2946">
     <span class='ocr_line' id='line_1_120' title="bbox 1942 2876 3585 2946; baseline 0.007 -17"><span class='ocrx_word' id='word_1_811' title='bbox 1942 2884 2095 2931; x_wconf 89' lang='lat' dir='ltr'>terra</span> <span class='ocrx_word' id='word_1_812' title='bbox 2127 2876 2299 2946; x_wconf 87' lang='lat' dir='ltr'>aquis</span> <span class='ocrx_word' id='word_1_813' title='bbox 2325 2876 2672 2941; x_wconf 90' lang='lat' dir='ltr'>nudaretur,</span> <span class='ocrx_word' id='word_1_814' title='bbox 2706 2876 2918 2933; x_wconf 86' lang='lat' dir='ltr'>ventus</span> <span class='ocrx_word' id='word_1_815' title='bbox 2948 2876 3272 2938; x_wconf 85' lang='lat' dir='ltr'>lambebat.</span> <span class='ocrx_word' id='word_1_816' title='bbox 3305 2886 3396 2939; x_wconf 92' lang='lat' dir='ltr'>Sic</span> <span class='ocrx_word' id='word_1_817' title='bbox 3428 2876 3585 2941; x_wconf 83' lang='lat' dir='ltr'>enim</span> 
     </span>
    </p>
   </div>
   <div class='ocr_carea' id='block_1_118' title="bbox 1942 2947 3587 3023">
    <p class='ocr_par' dir='ltr' id='par_1_118' title="bbox 1942 2947 3587 3023">
     <span class='ocr_line' id='line_1_121' title="bbox 1942 2947 3587 3023; baseline 0.008 -23"><span class='ocrx_word' id='word_1_818' title='bbox 1942 2947 2215 3023; x_wconf 76' lang='lat' dir='ltr'>scribitur</span> <span class='ocrx_word' id='word_1_819' title='bbox 2245 2963 2255 3001; x_wconf 92' lang='lat'><strong>:</strong></span> <span class='ocrx_word' id='word_1_820' title='bbox 2291 2947 2523 3001; x_wconf 75' lang='lat' dir='ltr'>Immisit</span> <span class='ocrx_word' id='word_1_821' title='bbox 2551 2949 2813 3023; x_wconf 66' lang='lat' dir='ltr'>Qomt&#39;nus</span> <span class='ocrx_word' id='word_1_822' title='bbox 2842 2957 3055 3023; x_wconf 73' lang='lat' dir='ltr'>ventum</span> <span class='ocrx_word' id='word_1_823' title='bbox 3079 2969 3247 3023; x_wconf 80' lang='lat' dir='ltr'>super</span> <span class='ocrx_word' id='word_1_824' title='bbox 3277 2963 3504 3021; x_wconf 85' lang='lat' dir='ltr'>terram,</span> <span class='ocrx_word' id='word_1_825' title='bbox 3539 2964 3587 3012; x_wconf 82' lang='lat' dir='ltr'>et</span> 
     </span>
    </p>
   </div>
   <div class='ocr_carea' id='block_1_119' title="bbox 1940 3017 3588 3090">
    <p class='ocr_par' dir='ltr' id='par_1_119' title="bbox 1940 3017 3588 3090">
     <span class='ocr_line' id='line_1_122' title="bbox 1940 3017 3588 3090; baseline 0.007 -19"><span class='ocrx_word' id='word_1_826' title='bbox 1940 3017 2822 3090; x_wconf 64' lang='lat' dir='ltr'>diminutwsuntaquze(Gemvm,</span> <span class='ocrx_word' id='word_1_827' title='bbox 2844 3022 2916 3090; x_wconf 84' lang='lat' dir='ltr'>l).</span> <span class='ocrx_word' id='word_1_828' title='bbox 2941 3017 3302 3081; x_wconf 48' lang='lat' dir='ltr'>Utrum&#39;vero</span> <span class='ocrx_word' id='word_1_829' title='bbox 3328 3030 3382 3082; x_wconf 89' lang='lat' dir='ltr'>in</span> <span class='ocrx_word' id='word_1_830' title='bbox 3398 3017 3588 3085; x_wconf 89' lang='lat' dir='ltr'>nubes</span> 
     </span>
    </p>
   </div>
   <div class='ocr_carea' id='block_1_120' title="bbox 1944 3089 3587 3171">
    <p class='ocr_par' dir='ltr' id='par_1_120' title="bbox 1944 3089 3587 3171">
     <span class='ocr_line' id='line_1_123' title="bbox 1944 3089 3587 3171; baseline 0.009 -30"><span class='ocrx_word' id='word_1_831' title='bbox 1944 3094 2155 3171; x_wconf 64' lang='lat' dir='ltr'>ventus</span> <span class='ocrx_word' id='word_1_832' title='bbox 2177 3089 2483 3171; x_wconf 79' lang='lat' dir='ltr'>lymphata</span> <span class='ocrx_word' id='word_1_833' title='bbox 2509 3104 2750 3161; x_wconf 69' lang='lat' dir='ltr'>aequora</span> <span class='ocrx_word' id='word_1_834' title='bbox 2766 3091 3102 3171; x_wconf 83' lang='lat' dir='ltr'>collegerat,</span> <span class='ocrx_word' id='word_1_835' title='bbox 3128 3111 3202 3150; x_wconf 85' lang='lat' dir='ltr'>an</span> <span class='ocrx_word' id='word_1_836' title='bbox 3225 3098 3322 3153; x_wconf 89' lang='lat' dir='ltr'>illa</span> <span class='ocrx_word' id='word_1_837' title='bbox 3346 3101 3587 3171; x_wconf 88' lang='lat' dir='ltr'>superni</span> 
     </span>
    </p>
   </div>
   <div class='ocr_carea' id='block_1_121' title="bbox 1940 3160 3588 3235">
    <p class='ocr_par' dir='ltr' id='par_1_121' title="bbox 1940 3160 3588 3235">
     <span class='ocr_line' id='line_1_124' title="bbox 1940 3160 3588 3235; baseline 0.009 -22"><span class='ocrx_word' id='word_1_838' title='bbox 1940 3160 2302 3235; x_wconf 80' lang='lat' dir='ltr'>ﬁrmamenti</span> <span class='ocrx_word' id='word_1_839' title='bbox 2324 3160 2597 3229; x_wconf 34' lang='lat' dir='ltr'>spatium’</span> <span class='ocrx_word' id='word_1_840' title='bbox 2610 3170 3037 3235; x_wconf 84' lang='lat' dir='ltr'>resumpserat,</span> <span class='ocrx_word' id='word_1_841' title='bbox 3060 3181 3167 3235; x_wconf 91' lang='lat' dir='ltr'>pro</span> <span class='ocrx_word' id='word_1_842' title='bbox 3198 3178 3354 3223; x_wconf 90' lang='lat' dir='ltr'>certo</span> <span class='ocrx_word' id='word_1_843' title='bbox 3375 3160 3588 3227; x_wconf 78' lang='lat' dir='ltr'>eruditi</span> 
     </span>
    </p>
   </div>
   <div class='ocr_carea' id='block_1_122' title="bbox 1944 3230 3589 3309">
    <p class='ocr_par' dir='ltr' id='par_1_122' title="bbox 1944 3230 3589 3309">
     <span class='ocr_line' id='line_1_125' title="bbox 1944 3230 3589 3309; baseline 0.008 -24"><span class='ocrx_word' id='word_1_844' title='bbox 1944 3230 2217 3309; x_wconf 74' lang='lat' dir='ltr'>viderint.</span> <span class='ocrx_word' id='word_1_845' title='bbox 2246 3236 2435 3309; x_wconf 73' lang='lat' dir='ltr'>_Aquas</span> <span class='ocrx_word' id='word_1_846' title='bbox 2466 3236 2665 3309; x_wconf 70' lang='lat' dir='ltr'>autem</span> <span class='ocrx_word' id='word_1_847' title='bbox 2692 3232 2803 3285; x_wconf 59' lang='lat' dir='ltr'>illa;</span> <span class='ocrx_word' id='word_1_848' title='bbox 2827 3230 2965 3303; x_wconf 63' lang='lat' dir='ltr'>quae</span> <span class='ocrx_word' id='word_1_849' title='bbox 2991 3230 3075 3289; x_wconf 54' lang='lat' dir='ltr'>de&#39;</span> <span class='ocrx_word' id='word_1_850' title='bbox 3095 3238 3297 3309; x_wconf 81' lang='lat' dir='ltr'>abyssi</span> <span class='ocrx_word' id='word_1_851' title='bbox 3324 3240 3589 3297; x_wconf 86' lang='lat' dir='ltr'>fontibus</span> 
     </span>
    </p>
   </div>
   <div class='ocr_carea' id='block_1_123' title="bbox 1941 3301 3589 3374">
    <p class='ocr_par' dir='ltr' id='par_1_123' title="bbox 1941 3301 3589 3374">
     <span class='ocr_line' id='line_1_126' title="bbox 1941 3301 3589 3374; baseline 0.007 -17"><span class='ocrx_word' id='word_1_852' title='bbox 1941 3302 2035 3357; x_wconf 93' lang='lat' dir='ltr'>dis</span> <span class='ocrx_word' id='word_1_853' title='bbox 2046 3301 2479 3372; x_wconf 88' lang='lat' dir='ltr'>ruptislargiter</span> <span class='ocrx_word' id='word_1_854' title='bbox 2491 3301 2880 3365; x_wconf 82' lang='lat' dir='ltr'>deﬂuxerunt,</span> <span class='ocrx_word' id='word_1_855' title='bbox 2910 3320 3014 3374; x_wconf 90' lang='lat' dir='ltr'>per</span> <span class='ocrx_word' id='word_1_856' title='bbox 3034 3301 3276 3364; x_wconf 62' lang='lat' dir='ltr'>easdem</span> <span class='ocrx_word' id='word_1_857' title='bbox 3290 3311 3415 3366; x_wconf 89' lang='lat' dir='ltr'>vias</span> <span class='ocrx_word' id='word_1_858' title='bbox 3431 3313 3589 3368; x_wconf 90' lang='lat' dir='ltr'>unde</span> 
     </span>
    </p>
   </div>
   <div class='ocr_carea' id='block_1_124' title="bbox 1948 3374 3588 3444">
    <p class='ocr_par' dir='ltr' id='par_1_124' title="bbox 1948 3374 3588 3444">
     <span class='ocr_line' id='line_1_127' title="bbox 1948 3374 3588 3444; baseline 0.005 -15"><span class='ocrx_word' id='word_1_859' title='bbox 1948 3379 2516 3444; x_wconf 87' lang='lat' dir='ltr'>venerant,rursum</span> <span class='ocrx_word' id='word_1_860' title='bbox 2547 3374 2849 3429; x_wconf 91' lang='lat' dir='ltr'>dominico</span> <span class='ocrx_word' id='word_1_861' title='bbox 2874 3376 3045 3444; x_wconf 89' lang='lat' dir='ltr'>jussu</span> <span class='ocrx_word' id='word_1_862' title='bbox 3071 3381 3436 3436; x_wconf 89' lang='lat' dir='ltr'>remeabant.</span> <span class='ocrx_word' id='word_1_863' title='bbox 3473 3384 3588 3439; x_wconf 82' lang='lat' dir='ltr'>Sed</span> 
     </span>
    </p>
   </div>
   <div class='ocr_carea' id='block_1_125' title="bbox 1943 3443 3585 3518">
    <p class='ocr_par' dir='ltr' id='par_1_125' title="bbox 1943 3443 3585 3518">
     <span class='ocr_line' id='line_1_128' title="bbox 1943 3443 3585 3518; baseline 0.005 -18"><span class='ocrx_word' id='word_1_864' title='bbox 1943 3446 2141 3501; x_wconf 88' lang='lat' dir='ltr'>adhuc</span> <span class='ocrx_word' id='word_1_865' title='bbox 2173 3443 2345 3518; x_wconf 86' lang='lat' dir='ltr'>nobis</span> <span class='ocrx_word' id='word_1_866' title='bbox 2375 3446 2713 3518; x_wconf 84' lang='lat' dir='ltr'>communis</span> <span class='ocrx_word' id='word_1_867' title='bbox 2744 3443 2995 3517; x_wconf 71' lang='lat' dir='ltr'>quaestio</span> <span class='ocrx_word' id='word_1_868' title='bbox 3022 3448 3080 3503; x_wconf 89' lang='lat' dir='ltr'>in</span> <span class='ocrx_word' id='word_1_869' title='bbox 3112 3450 3205 3504; x_wconf 89' lang='lat' dir='ltr'>his</span> <span class='ocrx_word' id='word_1_870' title='bbox 3237 3453 3585 3518; x_wconf 88' lang='lat' dir='ltr'>renascitur,</span> 
     </span>
    </p>
   </div>
   <div class='ocr_carea' id='block_1_126' title="bbox 1944 3516 3587 3595">
    <p class='ocr_par' dir='ltr' id='par_1_126' title="bbox 1944 3516 3587 3595">
     <span class='ocr_line' id='line_1_129' title="bbox 1944 3516 3587 3595; baseline 0.007 -24"><span class='ocrx_word' id='word_1_871' title='bbox 1944 3532 2075 3595; x_wconf 61' lang='lat' dir='ltr'>quas</span> <span class='ocrx_word' id='word_1_872' title='bbox 2106 3518 2164 3595; x_wconf 88' lang='lat' dir='ltr'>in</span> <span class='ocrx_word' id='word_1_873' title='bbox 2188 3516 2427 3595; x_wconf 77' lang='lat' dir='ltr'>reliquis</span> <span class='ocrx_word' id='word_1_874' title='bbox 2456 3516 2611 3595; x_wconf 64' lang='lat' dir='ltr'>velut</span> <span class='ocrx_word' id='word_1_875' title='bbox 2644 3523 2851 3595; x_wconf 77' lang='lat' dir='ltr'>curata</span> <span class='ocrx_word' id='word_1_876' title='bbox 2874 3519 3186 3595; x_wconf 76' lang='lat' dir='ltr'>videbatur</span> <span class='ocrx_word' id='word_1_877' title='bbox 3214 3516 3587 3595; x_wconf 87' lang='lat' dir='ltr'>:Si,quando</span> 
     </span>
    </p>
   </div>
   <div class='ocr_carea' id='block_1_127' title="bbox 1943 3588 3585 3663">
    <p class='ocr_par' dir='ltr' id='par_1_127' title="bbox 1943 3588 3585 3663">
     <span class='ocr_line' id='line_1_130' title="bbox 1943 3588 3585 3663; baseline 0.005 -20"><span class='ocrx_word' id='word_1_878' title='bbox 1943 3588 2404 3663; x_wconf 82' lang='lat' dir='ltr'>inundaverant,</span> <span class='ocrx_word' id='word_1_879' title='bbox 2426 3588 2667 3658; x_wconf 88' lang='lat' dir='ltr'>aliquod</span> <span class='ocrx_word' id='word_1_880' title='bbox 2690 3589 2950 3663; x_wconf 83' lang='lat' dir='ltr'>spatium</span> <span class='ocrx_word' id='word_1_881' title='bbox 2982 3588 3394 3663; x_wconf 74' lang='lat' dir='ltr'>relinquebant</span> <span class='ocrx_word' id='word_1_882' title='bbox 3420 3612 3431 3659; x_wconf 92' lang='lat'>;</span> <span class='ocrx_word' id='word_1_883' title='bbox 3453 3603 3508 3651; x_wconf 93' lang='lat' dir='ltr'>et</span> <span class='ocrx_word' id='word_1_884' title='bbox 3535 3597 3585 3651; x_wconf 90' lang='lat' dir='ltr'>si</span> 
     </span>
    </p>
   </div>
   <div class='ocr_carea' id='block_1_128' title="bbox 1944 3658 3588 3738">
    <p class='ocr_par' dir='ltr' id='par_1_128' title="bbox 1944 3658 3588 3738">
     <span class='ocr_line' id='line_1_131' title="bbox 1944 3658 3588 3738; baseline 0.005 -24"><span class='ocrx_word' id='word_1_885' title='bbox 1944 3658 2210 3738; x_wconf 71' lang='lat' dir='ltr'>nonhoc</span> <span class='ocrx_word' id='word_1_886' title='bbox 2241 3659 2593 3738; x_wconf 65' lang='lat' dir='ltr'>habuerant,</span> <span class='ocrx_word' id='word_1_887' title='bbox 2651 3661 2896 3729; x_wconf 90' lang='lat' dir='ltr'>quando</span> <span class='ocrx_word' id='word_1_888' title='bbox 2951 3658 3205 3738; x_wconf 59' lang='lat' dir='ltr'>reversae</span> <span class='ocrx_word' id='word_1_889' title='bbox 3265 3658 3588 3738; x_wconf 86' lang='lat' dir='ltr'>suntquid</span> 
     </span>
    </p>
   </div>
   <div class='ocr_carea' id='block_1_129' title="bbox 1945 3729 3589 3804">
    <p class='ocr_par' dir='ltr' id='par_1_129' title="bbox 1945 3729 3589 3804">
     <span class='ocr_line' id='line_1_132' title="bbox 1945 3729 3589 3804; baseline 0.005 -19"><span class='ocrx_word' id='word_1_890' title='bbox 1945 3729 2277 3804; x_wconf 82' lang='lat' dir='ltr'>implebant</span> <span class='ocrx_word' id='word_1_891' title='bbox 2299 3731 2326 3784; x_wconf 76' lang='lat' dir='ltr'>‘t</span> <span class='ocrx_word' id='word_1_892' title='bbox 2349 3729 2541 3804; x_wconf 57' lang='lat' dir='ltr'>Crateri</span> <span class='ocrx_word' id='word_1_893' title='bbox 2568 3730 2724 3804; x_wconf 83' lang='lat' dir='ltr'>hanc</span> <span class='ocrx_word' id='word_1_894' title='bbox 2753 3731 3144 3802; x_wconf 66' lang='lat' dir='ltr'>quaestionem</span> <span class='ocrx_word' id='word_1_895' title='bbox 3164 3734 3246 3789; x_wconf 87' lang='lat' dir='ltr'>ita</span> <span class='ocrx_word' id='word_1_896' title='bbox 3266 3729 3589 3804; x_wconf 78' lang='lat' dir='ltr'>disserunt,</span> 
     </span>
    </p>
   </div>
   <div class='ocr_carea' id='block_1_130' title="bbox 1945 3800 3586 3877">
    <p class='ocr_par' dir='ltr' id='par_1_130' title="bbox 1945 3800 3586 3877">
     <span class='ocr_line' id='line_1_133' title="bbox 1945 3800 3586 3877; baseline 0.006 -21"><span class='ocrx_word' id='word_1_897' title='bbox 1945 3801 2291 3877; x_wconf 27' lang='lat' dir='ltr'>quod‘mare</span> <span class='ocrx_word' id='word_1_898' title='bbox 2324 3807 2461 3877; x_wconf 78' lang='lat' dir='ltr'>tunc</span> <span class='ocrx_word' id='word_1_899' title='bbox 2490 3800 2593 3877; x_wconf 92' lang='lat' dir='ltr'>_Dei</span> <span class='ocrx_word' id='word_1_900' title='bbox 2620 3800 2798 3871; x_wconf 82' lang='lat' dir='ltr'>jussu</span> <span class='ocrx_word' id='word_1_901' title='bbox 2820 3804 2894 3877; x_wconf 86' lang='lat' dir='ltr'>de</span> <span class='ocrx_word' id='word_1_902' title='bbox 2923 3820 3034 3859; x_wconf 90' lang='lat' dir='ltr'>suo</span> <span class='ocrx_word' id='word_1_903' title='bbox 3067 3806 3248 3861; x_wconf 91' lang='lat' dir='ltr'>modo</span> <span class='ocrx_word' id='word_1_904' title='bbox 3275 3800 3586 3877; x_wconf 74' lang='lat' dir='ltr'>consueto,</span> 
     </span>
    </p>
   </div>
   <div class='ocr_carea' id='block_1_131' title="bbox 1946 3872 3593 3953">
    <p class='ocr_par' dir='ltr' id='par_1_131' title="bbox 1946 3872 3593 3953">
     <span class='ocr_line' id='line_1_134' title="bbox 1946 3872 3593 3953; baseline 0.005 -25"><span class='ocrx_word' id='word_1_905' title='bbox 1946 3872 2060 3953; x_wconf 3' lang='lat' dir='ltr'>per,</span> <span class='ocrx_word' id='word_1_906' title='bbox 2089 3872 2325 3927; x_wconf 90' lang='lat' dir='ltr'>illorum</span> <span class='ocrx_word' id='word_1_907' title='bbox 2351 3872 2616 3953; x_wconf 65' lang='lat' dir='ltr'>fontium</span> <span class='ocrx_word' id='word_1_908' title='bbox 2646 3875 3010 3953; x_wconf 76' lang='lat' dir='ltr'>apertionem</span> <span class='ocrx_word' id='word_1_909' title='bbox 3045 3892 3328 3945; x_wconf 88' lang='lat' dir='ltr'>crescere,</span> <span class='ocrx_word' id='word_1_910' title='bbox 3354 3887 3407 3935; x_wconf 92' lang='lat' dir='ltr'>et</span> <span class='ocrx_word' id='word_1_911' title='bbox 3441 3872 3593 3938; x_wconf 81' lang='lat' dir='ltr'>ultra</span> 
     </span>
    </p>
   </div>
   <div class='ocr_carea' id='block_1_132' title="bbox 1947 3944 3591 4018">
    <p class='ocr_par' dir='ltr' id='par_1_132' title="bbox 1947 3944 3591 4018">
     <span class='ocr_line' id='line_1_135' title="bbox 1947 3944 3591 4018; baseline 0.007 -19"><span class='ocrx_word' id='word_1_912' title='bbox 1947 3949 2138 4018; x_wconf 83' lang='lat' dir='ltr'>metas</span> <span class='ocrx_word' id='word_1_913' title='bbox 2172 3960 2314 3997; x_wconf 90' lang='lat' dir='ltr'>suas</span> <span class='ocrx_word' id='word_1_914' title='bbox 2350 3944 2738 4018; x_wconf 84' lang='lat' dir='ltr'>inundatione</span> <span class='ocrx_word' id='word_1_915' title='bbox 2772 3945 3012 4001; x_wconf 89' lang='lat' dir='ltr'>insolita</span> <span class='ocrx_word' id='word_1_916' title='bbox 3043 3965 3146 4018; x_wconf 91' lang='lat' dir='ltr'>per</span> <span class='ocrx_word' id='word_1_917' title='bbox 3175 3958 3389 4007; x_wconf 89' lang='lat' dir='ltr'>cuncta</span> <span class='ocrx_word' id='word_1_918' title='bbox 3425 3959 3591 4009; x_wconf 71' lang='lat' dir='ltr'>terras</span> 
     </span>
    </p>
   </div>
   <div class='ocr_carea' id='block_1_133' title="bbox 1949 4016 3595 4097">
    <p class='ocr_par' dir='ltr' id='par_1_133' title="bbox 1949 4016 3595 4097">
     <span class='ocr_line' id='line_1_136' title="bbox 1949 4016 3595 4097; baseline 0.007 -28"><span class='ocrx_word' id='word_1_919' title='bbox 1949 4017 2143 4097; x_wconf 76' lang='lat' dir='ltr'>spatia</span> <span class='ocrx_word' id='word_1_920' title='bbox 2174 4016 2569 4097; x_wconf 80' lang='lat' dir='ltr'>transundare</span> <span class='ocrx_word' id='word_1_921' title='bbox 2601 4022 2847 4097; x_wconf 75' lang='lat' dir='ltr'>poterat,</span> <span class='ocrx_word' id='word_1_922' title='bbox 2904 4024 2959 4097; x_wconf 74' lang='lat' dir='ltr'>ei</span> <span class='ocrx_word' id='word_1_923' title='bbox 2998 4016 3057 4073; x_wconf 83' lang='lat' dir='ltr'>in</span> <span class='ocrx_word' id='word_1_924' title='bbox 3089 4036 3149 4075; x_wconf 88' lang='lat' dir='ltr'>se</span> <span class='ocrx_word' id='word_1_925' title='bbox 3166 4022 3392 4097; x_wconf 74' lang='lat' dir='ltr'>iterum</span> <span class='ocrx_word' id='word_1_926' title='bbox 3428 4026 3595 4097; x_wconf 89' lang='lat' dir='ltr'>quod</span> 
     </span>
    </p>
   </div>
   <div class='ocr_carea' id='block_1_134' title="bbox 1948 4088 3597 4161">
    <p class='ocr_par' dir='ltr' id='par_1_134' title="bbox 1948 4088 3597 4161">
     <span class='ocr_line' id='line_1_137' title="bbox 1948 4088 3597 4161; baseline 0.005 -18"><span class='ocrx_word' id='word_1_927' title='bbox 1948 4088 2233 4143; x_wconf 87' lang='lat' dir='ltr'>amiserat</span> <span class='ocrx_word' id='word_1_928' title='bbox 2260 4088 2711 4161; x_wconf 80' lang='lat' dir='ltr'>resumer_e._vel</span> <span class='ocrx_word' id='word_1_929' title='bbox 2740 4088 2918 4143; x_wconf 87' lang='lat' dir='ltr'>etiam</span> <span class='ocrx_word' id='word_1_930' title='bbox 2944 4089 3001 4143; x_wconf 92' lang='lat' dir='ltr'>in</span> <span class='ocrx_word' id='word_1_931' title='bbox 3023 4092 3285 4161; x_wconf 89' lang='lat' dir='ltr'>spatium</span> <span class='ocrx_word' id='word_1_932' title='bbox 3313 4088 3475 4151; x_wconf 58' lang='lat' dir='ltr'>terrae</span> <span class='ocrx_word' id='word_1_933' title='bbox 3500 4100 3597 4151; x_wconf 85' lang='lat' dir='ltr'>de-</span> 
     </span>
    </p>
   </div>
   <div class='ocr_carea' id='block_1_135' title="bbox 1949 4157 3595 4238">
    <p class='ocr_par' dir='ltr' id='par_1_135' title="bbox 1949 4157 3595 4238">
     <span class='ocr_line' id='line_1_138' title="bbox 1949 4157 3595 4238; baseline 0.005 -24"><span class='ocrx_word' id='word_1_934' title='bbox 1949 4165 2205 4238; x_wconf 87' lang='lat' dir='ltr'>portare,</span> <span class='ocrx_word' id='word_1_935' title='bbox 2232 4157 2396 4229; x_wconf 90' lang='lat' dir='ltr'>quod</span> <span class='ocrx_word' id='word_1_936' title='bbox 2428 4158 2501 4213; x_wconf 87' lang='lat' dir='ltr'>ad</span> <span class='ocrx_word' id='word_1_937' title='bbox 2526 4158 2832 4238; x_wconf 81' lang='lat' dir='ltr'>inferiores</span> <span class='ocrx_word' id='word_1_938' title='bbox 2850 4176 3040 4238; x_wconf 84' lang='lat' dir='ltr'>aquas</span> <span class='ocrx_word' id='word_1_939' title='bbox 3062 4157 3433 4238; x_wconf 41' lang='lat' dir='ltr'>&quot;pertinebat:</span> <span class='ocrx_word' id='word_1_940' title='bbox 3459 4184 3595 4238; x_wconf 72' lang='lat' dir='ltr'>quas</span> 
     </span>
    </p>
   </div>
   <div class='ocr_carea' id='block_1_136' title="bbox 1949 4231 3597 4301">
    <p class='ocr_par' dir='ltr' id='par_1_136' title="bbox 1949 4231 3597 4301">
     <span class='ocr_line' id='line_1_139' title="bbox 1949 4231 3597 4301; baseline 0.004 -16"><span class='ocrx_word' id='word_1_941' title='bbox 1949 4236 2104 4285; x_wconf 88' lang='lat' dir='ltr'>terra</span> <span class='ocrx_word' id='word_1_942' title='bbox 2117 4245 2354 4299; x_wconf 88' lang='lat' dir='ltr'>semper</span> <span class='ocrx_word' id='word_1_943' title='bbox 2379 4231 2789 4300; x_wconf 89' lang='lat' dir='ltr'>superpositas</span> <span class='ocrx_word' id='word_1_944' title='bbox 2814 4231 3094 4301; x_wconf 80' lang='lat' dir='ltr'>lymphas</span> <span class='ocrx_word' id='word_1_945' title='bbox 3115 4235 3222 4289; x_wconf 90' lang='lat' dir='ltr'>nisi</span> <span class='ocrx_word' id='word_1_946' title='bbox 3238 4237 3310 4290; x_wconf 90' lang='lat' dir='ltr'>de</span> <span class='ocrx_word' id='word_1_947' title='bbox 3332 4231 3597 4292; x_wconf 83' lang='lat' dir='ltr'>fontibus</span> 
     </span>
    </p>
   </div>
   <div class='ocr_carea' id='block_1_137' title="bbox 1952 4301 3593 4373">
    <p class='ocr_par' dir='ltr' id='par_1_137' title="bbox 1952 4301 3593 4373">
     <span class='ocr_line' id='line_1_140' title="bbox 1952 4301 3593 4373; baseline 0.005 -18"><span class='ocrx_word' id='word_1_948' title='bbox 1952 4301 2291 4365; x_wconf 89' lang='lat' dir='ltr'>absumere,</span> <span class='ocrx_word' id='word_1_949' title='bbox 2337 4305 2393 4354; x_wconf 85' lang='lat' dir='ltr'>et</span> <span class='ocrx_word' id='word_1_950' title='bbox 2440 4302 2499 4354; x_wconf 90' lang='lat' dir='ltr'>in</span> <span class='ocrx_word' id='word_1_951' title='bbox 2530 4303 2911 4371; x_wconf 78' lang='lat' dir='ltr'>semetipsum</span> <span class='ocrx_word' id='word_1_952' title='bbox 2948 4305 3213 4373; x_wconf 88' lang='lat' dir='ltr'>redigere</span> <span class='ocrx_word' id='word_1_953' title='bbox 3240 4309 3593 4373; x_wconf 89' lang='lat' dir='ltr'>consuescit,</span> 
     </span>
    </p>
   </div>
   <div class='ocr_carea' id='block_1_138' title="bbox 1950 4374 3597 4443">
    <p class='ocr_par' dir='ltr' id='par_1_138' title="bbox 1950 4374 3597 4443">
     <span class='ocr_line' id='line_1_141' title="bbox 1950 4374 3597 4443; baseline 0.005 -18"><span class='ocrx_word' id='word_1_954' title='bbox 1950 4374 2237 4443; x_wconf 91' lang='lat' dir='ltr'>quoniam</span> <span class='ocrx_word' id='word_1_955' title='bbox 2254 4387 2369 4426; x_wconf 92' lang='lat' dir='ltr'>non</span> <span class='ocrx_word' id='word_1_956' title='bbox 2385 4377 2586 4427; x_wconf 90' lang='lat' dir='ltr'>contra</span> <span class='ocrx_word' id='word_1_957' title='bbox 2612 4374 3105 4429; x_wconf 89' lang='lat' dir='ltr'>consuetudinem</span> <span class='ocrx_word' id='word_1_958' title='bbox 3128 4376 3399 4432; x_wconf 88' lang='lat' dir='ltr'>videmus</span> <span class='ocrx_word' id='word_1_959' title='bbox 3420 4381 3597 4435; x_wconf 89' lang='lat' dir='ltr'>etiam</span> 
     </span>
    </p>
   </div>
   <div class='ocr_carea' id='block_1_139' title="bbox 1953 4444 3598 4514">
    <p class='ocr_par' dir='ltr' id='par_1_139' title="bbox 1953 4444 3598 4514">
     <span class='ocr_line' id='line_1_142' title="bbox 1953 4444 3598 4514; baseline 0.004 -17"><span class='ocrx_word' id='word_1_960' title='bbox 1953 4459 2275 4514; x_wconf 87' lang='lat' dir='ltr'>perparvas</span> <span class='ocrx_word' id='word_1_961' title='bbox 2296 4459 2388 4498; x_wconf 89' lang='lat' dir='ltr'>res</span> <span class='ocrx_word' id='word_1_962' title='bbox 2414 4444 2473 4497; x_wconf 90' lang='lat' dir='ltr'>in</span> <span class='ocrx_word' id='word_1_963' title='bbox 2503 4444 2698 4511; x_wconf 88' lang='lat' dir='ltr'>majus</span> <span class='ocrx_word' id='word_1_964' title='bbox 2727 4459 3008 4498; x_wconf 87' lang='lat' dir='ltr'>crescere.</span> <span class='ocrx_word' id='word_1_965' title='bbox 3041 4448 3152 4500; x_wconf 86' lang='lat' dir='ltr'>Nec</span> <span class='ocrx_word' id='word_1_966' title='bbox 3201 4455 3405 4505; x_wconf 90' lang='lat' dir='ltr'>contra</span> <span class='ocrx_word' id='word_1_967' title='bbox 3432 4457 3598 4506; x_wconf 89' lang='lat' dir='ltr'>natu-</span> 
     </span>
    </p>
   </div>
   <div class='ocr_carea' id='block_1_140' title="bbox 1952 4514 3599 4588">
    <p class='ocr_par' dir='ltr' id='par_1_140' title="bbox 1952 4514 3599 4588">
     <span class='ocr_line' id='line_1_143' title="bbox 1952 4514 3599 4588; baseline 0.004 -19"><span class='ocrx_word' id='word_1_968' title='bbox 1952 4531 2080 4569; x_wconf 91' lang='lat' dir='ltr'>ram</span> <span class='ocrx_word' id='word_1_969' title='bbox 2106 4520 2269 4569; x_wconf 79' lang='lat' dir='ltr'>terrae</span> <span class='ocrx_word' id='word_1_970' title='bbox 2288 4518 2392 4578; x_wconf 89' lang='lat' dir='ltr'>est,</span> <span class='ocrx_word' id='word_1_971' title='bbox 2413 4514 2816 4588; x_wconf 78' lang='lat' dir='ltr'>superpositos</span> <span class='ocrx_word' id='word_1_972' title='bbox 2838 4515 3120 4588; x_wconf 88' lang='lat' dir='ltr'>humores</span> <span class='ocrx_word' id='word_1_973' title='bbox 3138 4534 3373 4588; x_wconf 82' lang='lat' dir='ltr'>semper</span> <span class='ocrx_word' id='word_1_974' title='bbox 3388 4536 3599 4576; x_wconf 87' lang='lat' dir='ltr'>consu-</span> 
     </span>
    </p>
   </div>
   <div class='ocr_carea' id='block_1_141' title="bbox 1954 4585 3597 4659">
    <p class='ocr_par' dir='ltr' id='par_1_141' title="bbox 1954 4585 3597 4659">
     <span class='ocr_line' id='line_1_144' title="bbox 1954 4585 3597 4659; baseline 0.004 -18"><span class='ocrx_word' id='word_1_975' title='bbox 1954 4602 2137 4659; x_wconf 81' lang='lat' dir='ltr'>mere,</span> <span class='ocrx_word' id='word_1_976' title='bbox 2166 4585 2487 4659; x_wconf 66' lang='lat' dir='ltr'>praesertim</span> <span class='ocrx_word' id='word_1_977' title='bbox 2517 4600 2653 4659; x_wconf 84' lang='lat' dir='ltr'>cum</span> <span class='ocrx_word' id='word_1_978' title='bbox 2686 4586 2799 4640; x_wconf 88' lang='lat' dir='ltr'>hoc</span> <span class='ocrx_word' id='word_1_979' title='bbox 2832 4587 3073 4659; x_wconf 72' lang='lat' dir='ltr'>Qeusin</span> <span class='ocrx_word' id='word_1_980' title='bbox 3106 4585 3395 4659; x_wconf 38' lang='lat' dir='ltr'>potes—tate</span> <span class='ocrx_word' id='word_1_981' title='bbox 3418 4593 3597 4647; x_wconf 91' lang='lat' dir='ltr'>etiam</span> 
     </span>
    </p>
   </div>
   <div class='ocr_carea' id='block_1_142' title="bbox 1956 4654 3600 4735">
    <p class='ocr_par' dir='ltr' id='par_1_142' title="bbox 1956 4654 3600 4735">
     <span class='ocr_line' id='line_1_145' title="bbox 1956 4654 3600 4735; baseline 0.007 -27"><span class='ocrx_word' id='word_1_982' title='bbox 1956 4654 2179 4735; x_wconf 13' lang='lat' dir='ltr'>sanctis,</span> <span class='ocrx_word' id='word_1_983' title='bbox 2206 4656 2327 4709; x_wconf 89' lang='lat' dir='ltr'>suis</span> <span class='ocrx_word' id='word_1_984' title='bbox 2358 4654 3134 4735; x_wconf 58' lang='lat' dir='ltr'>t_i&#39;_ibu_it,_qtieixiadmoduni</span> <span class='ocrx_word' id='word_1_985' title='bbox 3154 4661 3282 4735; x_wconf 63' lang='lat' dir='ltr'>Elite</span> <span class='ocrx_word' id='word_1_986' title='bbox 3301 4668 3353 4717; x_wconf 93' lang='lat' dir='ltr'>et</span> <span class='ocrx_word' id='word_1_987' title='bbox 3374 4663 3600 4735; x_wconf 66' lang='lat' dir='ltr'>Elysaao</span> 
     </span>
    </p>
   </div>
   <div class='ocr_carea' id='block_1_143' title="bbox 1956 4727 3599 4799">
    <p class='ocr_par' dir='ltr' id='par_1_143' title="bbox 1956 4727 3599 4799">
     <span class='ocr_line' id='line_1_146' title="bbox 1956 4727 3599 4799; baseline 0.007 -16"><span class='ocrx_word' id='word_1_988' title='bbox 1956 4729 2047 4799; x_wconf 91' lang='lat' dir='ltr'>(IlI</span> <span class='ocrx_word' id='word_1_989' title='bbox 2066 4727 2550 4797; x_wconf 63' lang='lat' dir='ltr'>Reg.xvru,4i,45;</span> <span class='ocrx_word' id='word_1_990' title='bbox 2576 4727 2789 4797; x_wconf 78' lang='lat' dir='ltr'>lVReg.</span> <span class='ocrx_word' id='word_1_991' title='bbox 2810 4727 3599 4797; x_wconf 64' lang='lat' dir='ltr'>nr.20)deditinnube6ula‘.</span> 
     </span>
    </p>
   </div>
   <div class='ocr_carea' id='block_1_144' title="bbox 1955 4800 3604 4872">
    <p class='ocr_par' dir='ltr' id='par_1_144' title="bbox 1955 4800 3604 4872">
     <span class='ocr_line' id='line_1_147' title="bbox 1955 4800 3604 4872; baseline 0.004 -15"><span class='ocrx_word' id='word_1_992' title='bbox 1955 4801 2131 4857; x_wconf 86' lang='lat' dir='ltr'>Maria</span> <span class='ocrx_word' id='word_1_993' title='bbox 2159 4814 2398 4869; x_wconf 91' lang='lat' dir='ltr'>quoque</span> <span class='ocrx_word' id='word_1_994' title='bbox 2420 4803 2585 4852; x_wconf 81' lang='lat' dir='ltr'>extra</span> <span class='ocrx_word' id='word_1_995' title='bbox 2600 4800 2881 4872; x_wconf 90' lang='lat' dir='ltr'>terminos</span> <span class='ocrx_word' id='word_1_996' title='bbox 2895 4800 3176 4872; x_wconf 89' lang='lat' dir='ltr'>antiquos</span> <span class='ocrx_word' id='word_1_997' title='bbox 3193 4820 3455 4862; x_wconf 78' lang='lat' dir='ltr'>urescere</span> <span class='ocrx_word' id='word_1_998' title='bbox 3468 4823 3604 4864; x_wconf 89' lang='lat' dir='ltr'>con-</span> 
     </span>
    </p>
   </div>
   <div class='ocr_carea' id='block_1_145' title="bbox 1958 4871 3604 4949">
    <p class='ocr_par' dir='ltr' id='par_1_145' title="bbox 1958 4871 3604 4949">
     <span class='ocr_line' id='line_1_148' title="bbox 1958 4871 3604 4949; baseline 0.006 -24"><span class='ocrx_word' id='word_1_999' title='bbox 1958 4874 2258 4949; x_wconf 80' lang='lat' dir='ltr'>suescunt,</span> <span class='ocrx_word' id='word_1_1000' title='bbox 2278 4875 2332 4949; x_wconf 77' lang='lat' dir='ltr'>et</span> <span class='ocrx_word' id='word_1_1001' title='bbox 2353 4873 2643 4949; x_wconf 82' lang='lat' dir='ltr'>terrarum</span> <span class='ocrx_word' id='word_1_1002' title='bbox 2663 4871 2856 4949; x_wconf 86' lang='lat' dir='ltr'>spatia</span> <span class='ocrx_word' id='word_1_1003' title='bbox 2884 4871 3225 4949; x_wconf 74' lang='lat' dir='ltr'>diminuunt</span> <span class='ocrx_word' id='word_1_1004' title='bbox 3255 4883 3432 4949; x_wconf 86' lang='lat' dir='ltr'>atque</span> <span class='ocrx_word' id='word_1_1005' title='bbox 3461 4896 3604 4947; x_wconf 72' lang='lat' dir='ltr'>prae-</span> 
     </span>
    </p>
   </div>
   <div class='ocr_carea' id='block_1_146' title="bbox 1958 4942 3605 5018">
    <p class='ocr_par' dir='ltr' id='par_1_146' title="bbox 1958 4942 3605 5018">
     <span class='ocr_line' id='line_1_149' title="bbox 1958 4942 3605 5018; baseline 0.005 -21"><span class='ocrx_word' id='word_1_1006' title='bbox 1958 4942 2255 5018; x_wconf 75' lang='lat' dir='ltr'>scindunt,</span> <span class='ocrx_word' id='word_1_1007' title='bbox 2286 4942 2431 4995; x_wconf 89' lang='lat' dir='ltr'>sicut</span> <span class='ocrx_word' id='word_1_1008' title='bbox 2447 4946 2499 4995; x_wconf 90' lang='lat' dir='ltr'>et</span> <span class='ocrx_word' id='word_1_1009' title='bbox 2513 4957 2682 5018; x_wconf 74' lang='lat' dir='ltr'>senes</span> <span class='ocrx_word' id='word_1_1010' title='bbox 2700 4948 2902 5018; x_wconf 68' lang='lat' dir='ltr'>nostro</span> <span class='ocrx_word' id='word_1_1011' title='bbox 2918 4944 3113 5018; x_wconf 82' lang='lat' dir='ltr'>adhuc</span> <span class='ocrx_word' id='word_1_1012' title='bbox 3130 4942 3395 5018; x_wconf 74' lang='lat' dir='ltr'>tempore</span> <span class='ocrx_word' id='word_1_1013' title='bbox 3408 4942 3605 5005; x_wconf 81' lang='lat' dir='ltr'>viven-</span> 
     </span>
    </p>
   </div>
   <div class='ocr_carea' id='block_1_147' title="bbox 1957 5012 3604 5081">
    <p class='ocr_par' dir='ltr' id='par_1_147' title="bbox 1957 5012 3604 5081">
     <span class='ocr_line' id='line_1_150' title="bbox 1957 5012 3604 5081; baseline 0.004 -12"><span class='ocrx_word' id='word_1_1014' title='bbox 1957 5019 2064 5081; x_wconf 90' lang='lat' dir='ltr'>tes,</span> <span class='ocrx_word' id='word_1_1015' title='bbox 2090 5012 2309 5068; x_wconf 88' lang='lat' dir='ltr'>vidisse</span> <span class='ocrx_word' id='word_1_1016' title='bbox 2336 5028 2395 5067; x_wconf 90' lang='lat' dir='ltr'>se</span> <span class='ocrx_word' id='word_1_1017' title='bbox 2423 5013 2794 5068; x_wconf 80' lang='lat' dir='ltr'>confirmant.</span> <span class='ocrx_word' id='word_1_1018' title='bbox 2827 5016 2990 5070; x_wconf 91' lang='lat' dir='ltr'>Unde</span> <span class='ocrx_word' id='word_1_1019' title='bbox 3013 5017 3187 5072; x_wconf 89' lang='lat' dir='ltr'>etiam</span> <span class='ocrx_word' id='word_1_1020' title='bbox 3223 5012 3451 5075; x_wconf 85' lang='lat' dir='ltr'>insulas</span> <span class='ocrx_word' id='word_1_1021' title='bbox 3470 5036 3604 5081; x_wconf 62' lang='lat' dir='ltr'>qua:</span> 
     </span>
    </p>
   </div>
   <div class='ocr_carea' id='block_1_148' title="bbox 1959 5084 3607 5153">
    <p class='ocr_par' dir='ltr' id='par_1_148' title="bbox 1959 5084 3607 5153">
     <span class='ocr_line' id='line_1_151' title="bbox 1959 5084 3607 5153; baseline 0.002 -13"><span class='ocrx_word' id='word_1_1022' title='bbox 1959 5085 2036 5140; x_wconf 89' lang='lat' dir='ltr'>ab</span> <span class='ocrx_word' id='word_1_1023' title='bbox 2057 5084 2222 5140; x_wconf 87' lang='lat' dir='ltr'>initio</span> <span class='ocrx_word' id='word_1_1024' title='bbox 2253 5084 2472 5139; x_wconf 87' lang='lat' dir='ltr'>conditi</span> <span class='ocrx_word' id='word_1_1025' title='bbox 2501 5087 2686 5152; x_wconf 89' lang='lat' dir='ltr'>orbis,</span> <span class='ocrx_word' id='word_1_1026' title='bbox 2718 5091 2776 5140; x_wconf 90' lang='lat' dir='ltr'>ut</span> <span class='ocrx_word' id='word_1_1027' title='bbox 2797 5086 2961 5141; x_wconf 90' lang='lat' dir='ltr'>multi</span> <span class='ocrx_word' id='word_1_1028' title='bbox 2986 5089 3309 5153; x_wconf 74' lang='lat' dir='ltr'>affirmant,</span> <span class='ocrx_word' id='word_1_1029' title='bbox 3344 5107 3463 5145; x_wconf 91' lang='lat' dir='ltr'>non</span> <span class='ocrx_word' id='word_1_1030' title='bbox 3488 5084 3607 5145; x_wconf 69' lang='lat' dir='ltr'>iue-</span> 
     </span>
    </p>
   </div>
   <div class='ocr_carea' id='block_1_149' title="bbox 1957 5155 3609 5243">
    <p class='ocr_par' dir='ltr' id='par_1_149' title="bbox 1957 5155 3609 5243">
     <span class='ocr_line' id='line_1_152' title="bbox 1957 5155 3609 5243; baseline 0.002 -31"><span class='ocrx_word' id='word_1_1031' title='bbox 1957 5162 2112 5223; x_wconf 90' lang='lat' dir='ltr'>rant,</span> <span class='ocrx_word' id='word_1_1032' title='bbox 2144 5171 2425 5243; x_wconf 78' lang='lat' dir='ltr'>processu</span> <span class='ocrx_word' id='word_1_1033' title='bbox 2460 5155 3021 5243; x_wconf 38' lang='lat' dir='ltr'>temporrisifaciunt,</span> <span class='ocrx_word' id='word_1_1034' title='bbox 3057 5163 3216 5243; x_wconf 28' lang='lat' dir='ltr'>ldum</span> <span class='ocrx_word' id='word_1_1035' title='bbox 3246 5162 3609 5243; x_wconf 70' lang='lat' dir='ltr'>propinqua</span> 
     </span>
    </p>
   </div>
   <div class='ocr_carea' id='block_1_150' title="bbox 1960 5227 3611 5299">
    <p class='ocr_par' dir='ltr' id='par_1_150' title="bbox 1960 5227 3611 5299">
     <span class='ocr_line' id='line_1_153' title="bbox 1960 5227 3611 5299; baseline 0.002 -16"><span class='ocrx_word' id='word_1_1036' title='bbox 1960 5227 2371 5299; x_wconf 87' lang='lat' dir='ltr'>promontoria</span> <span class='ocrx_word' id='word_1_1037' title='bbox 2386 5227 2629 5299; x_wconf 82' lang='lat' dir='ltr'>marinis</span> <span class='ocrx_word' id='word_1_1038' title='bbox 2644 5227 2863 5282; x_wconf 85' lang='lat' dir='ltr'>ﬁnibus</span> <span class='ocrx_word' id='word_1_1039' title='bbox 2886 5246 2919 5283; x_wconf 94' lang='lat' dir='ltr'>a</span> <span class='ocrx_word' id='word_1_1040' title='bbox 2935 5232 3256 5284; x_wconf 89' lang='lat' dir='ltr'>continenti</span> <span class='ocrx_word' id='word_1_1041' title='bbox 3272 5227 3439 5287; x_wconf 77' lang='lat' dir='ltr'>terra</span> <span class='ocrx_word' id='word_1_1042' title='bbox 3462 5227 3611 5287; x_wconf 87' lang='lat' dir='ltr'>divi-</span> 
     </span>
    </p>
   </div>
   <div class='ocr_carea' id='block_1_151' title="bbox 1960 5297 3611 5373">
    <p class='ocr_par' dir='ltr' id='par_1_151' title="bbox 1960 5297 3611 5373">
     <span class='ocr_line' id='line_1_154' title="bbox 1960 5297 3611 5373; baseline 0.002 -19"><span class='ocrx_word' id='word_1_1043' title='bbox 1960 5297 2130 5373; x_wconf 80' lang='lat' dir='ltr'>dunt.</span> <span class='ocrx_word' id='word_1_1044' title='bbox 2162 5298 2439 5373; x_wconf 73' lang='lat' dir='ltr'>Perquod</span> <span class='ocrx_word' id='word_1_1045' title='bbox 2459 5297 2817 5373; x_wconf 77' lang='lat' dir='ltr'>intelligitur,</span> <span class='ocrx_word' id='word_1_1046' title='bbox 2843 5301 3003 5369; x_wconf 90' lang='lat' dir='ltr'>quod</span> <span class='ocrx_word' id='word_1_1047' title='bbox 3025 5301 3431 5373; x_wconf 67' lang='lat' dir='ltr'>illaeferaaquee</span> <span class='ocrx_word' id='word_1_1048' title='bbox 3456 5306 3611 5359; x_wconf 89' lang='lat' dir='ltr'>insu-</span> 
     </span>
    </p>
   </div>
   <div class='ocr_carea' id='block_1_152' title="bbox 1962 5367 3612 5439">
    <p class='ocr_par' dir='ltr' id='par_1_152' title="bbox 1962 5367 3612 5439">
     <span class='ocr_line' id='line_1_155' title="bbox 1962 5367 3612 5439; baseline 0.003 -14"><span class='ocrx_word' id='word_1_1049' title='bbox 1962 5370 2155 5425; x_wconf 88' lang='lat' dir='ltr'>larum</span> <span class='ocrx_word' id='word_1_1050' title='bbox 2190 5367 2437 5423; x_wconf 86' lang='lat' dir='ltr'>orbibus</span> <span class='ocrx_word' id='word_1_1051' title='bbox 2464 5367 3001 5439; x_wconf 44' lang='lat' dir='ltr'>includuntur,&#39;non</span> <span class='ocrx_word' id='word_1_1052' title='bbox 3024 5371 3291 5429; x_wconf 88' lang='lat' dir='ltr'>humana</span> <span class='ocrx_word' id='word_1_1053' title='bbox 3306 5367 3612 5439; x_wconf 75' lang='lat' dir='ltr'>diligentia</span> 
     </span>
    </p>
   </div>
   <div class='ocr_carea' id='block_1_153' title="bbox 1962 5438 3613 5509">
    <p class='ocr_par' dir='ltr' id='par_1_153' title="bbox 1962 5438 3613 5509">
     <span class='ocr_line' id='line_1_156' title="bbox 1962 5438 3613 5509; baseline 0.004 -12"><span class='ocrx_word' id='word_1_1054' title='bbox 1962 5440 2359 5509; x_wconf 67' lang='lat' dir='ltr'>deveclm,sed</span> <span class='ocrx_word' id='word_1_1055' title='bbox 2377 5442 2433 5493; x_wconf 90' lang='lat' dir='ltr'>in</span> <span class='ocrx_word' id='word_1_1056' title='bbox 2463 5438 2558 5493; x_wconf 84' lang='lat' dir='ltr'>illa</span> <span class='ocrx_word' id='word_1_1057' title='bbox 2581 5439 3215 5497; x_wconf 86' lang='lat' dir='ltr'>divisioneinsularum</span> <span class='ocrx_word' id='word_1_1058' title='bbox 3233 5462 3267 5499; x_wconf 89' lang='lat' dir='ltr'>a</span> <span class='ocrx_word' id='word_1_1059' title='bbox 3290 5438 3613 5504; x_wconf 88' lang='lat' dir='ltr'>continenti</span> 
     </span>
    </p>
   </div>
   <div class='ocr_carea' id='block_1_154' title="bbox 1965 5510 3613 5588">
    <p class='ocr_par' dir='ltr' id='par_1_154' title="bbox 1965 5510 3613 5588">
     <span class='ocr_line' id='line_1_157' title="bbox 1965 5510 3613 5588; baseline -0.018 2"><span class='ocrx_word' id='word_1_1060' title='bbox 1965 5517 2119 5588; x_wconf 43' lang='lat' dir='ltr'>t9”?</span> <span class='ocrx_word' id='word_1_1061' title='bbox 2152 5515 2397 5581; x_wconf 49' lang='lat' dir='ltr'>reperta?</span> <span class='ocrx_word' id='word_1_1062' title='bbox 2422 5526 2547 5563; x_wconf 70' lang='lat' dir='ltr'>esse</span> <span class='ocrx_word' id='word_1_1063' title='bbox 2566 5510 2915 5588; x_wconf 56' lang='grc' dir='ltr'>ΡΓΟῘΨΠῙΨἎ</span> <span class='ocrx_word' id='word_1_1064' title='bbox 2934 5513 3074 5576; x_wconf 87' lang='lat' dir='ltr'>Quis</span> <span class='ocrx_word' id='word_1_1065' title='bbox 3098 5514 3457 5579; x_wconf 79' lang='lat' dir='ltr'>enim,verbi</span> <span class='ocrx_word' id='word_1_1066' title='bbox 3484 5536 3613 5588; x_wconf 58' lang='grc' dir='ltr'>ενδ.</span> 
     </span>
    </p>
   </div>
   <div class='ocr_carea' id='block_1_155' title="bbox 1962 5582 3609 5661">
    <p class='ocr_par' dir='ltr' id='par_1_155' title="bbox 1962 5582 3609 5661">
     <span class='ocr_line' id='line_1_158' title="bbox 1962 5582 3609 5661; baseline 0 -22"><span class='ocrx_word' id='word_1_1067' title='bbox 1962 5584 2067 5649; x_wconf 84' lang='lat' dir='ltr'>tia,</span> <span class='ocrx_word' id='word_1_1068' title='bbox 2100 5584 2291 5651; x_wconf 87' lang='lat' dir='ltr'>lupos,</span> <span class='ocrx_word' id='word_1_1069' title='bbox 2322 5597 2540 5661; x_wconf 78' lang='lat' dir='ltr'>cervos,</span> <span class='ocrx_word' id='word_1_1070' title='bbox 2579 5587 2633 5661; x_wconf 79' lang='lat' dir='ltr'>et</span> <span class='ocrx_word' id='word_1_1071' title='bbox 2678 5582 2977 5636; x_wconf 82' lang='lat' dir='ltr'>silvaticus</span> <span class='ocrx_word' id='word_1_1072' title='bbox 3001 5656 3008 5661; x_wconf 85' lang='lat'>_</span> <span class='ocrx_word' id='word_1_1073' title='bbox 3035 5601 3265 5661; x_wconf 78' lang='lat' dir='ltr'>porcos,</span> <span class='ocrx_word' id='word_1_1074' title='bbox 3301 5596 3350 5643; x_wconf 83' lang='lat' dir='ltr'>et</span> <span class='ocrx_word' id='word_1_1075' title='bbox 3388 5582 3609 5661; x_wconf 62' lang='lat' dir='ltr'>vulpes,</span> 
     </span>
    </p>
   </div>
   <div class='ocr_carea' id='block_1_156' title="bbox 1966 5652 3609 5725">
    <p class='ocr_par' dir='ltr' id='par_1_156' title="bbox 1966 5652 3609 5725">
     <span class='ocr_line' id='line_1_159' title="bbox 1966 5652 3609 5725; baseline 0.005 -16"><span class='ocrx_word' id='word_1_1076' title='bbox 1966 5661 2232 5717; x_wconf 71' lang='lat' dir='ltr'>taxoues,</span> <span class='ocrx_word' id='word_1_1077' title='bbox 2257 5660 2309 5706; x_wconf 86' lang='lat' dir='ltr'>et</span> <span class='ocrx_word' id='word_1_1078' title='bbox 2344 5652 2775 5717; x_wconf 64' lang='lat' dir='ltr'>lepusculo.s,et</span> <span class='ocrx_word' id='word_1_1079' title='bbox 2807 5652 3609 5725; x_wconf 60' lang='lat' dir='ltr'>sesquivolusiuHiberniam</span> 
     </span>
    </p>
   </div>
   <div class='ocr_carea' id='block_1_157' title="bbox 1969 5725 3651 5803">
    <p class='ocr_par' dir='ltr' id='par_1_157' title="bbox 1969 5725 3651 5803">
     <span class='ocr_line' id='line_1_160' title="bbox 1969 5725 3651 5803; baseline 0.001 -22"><span class='ocrx_word' id='word_1_1080' title='bbox 1969 5727 2286 5784; x_wconf 81' lang='lat' dir='ltr'>deveheret</span> <span class='ocrx_word' id='word_1_1081' title='bbox 2326 5725 2352 5781; x_wconf 73' lang='lat' dir='ltr'>‘I</span> <span class='ocrx_word' id='word_1_1082' title='bbox 2389 5725 2480 5780; x_wconf 89' lang='lat' dir='ltr'>Vel</span> <span class='ocrx_word' id='word_1_1083' title='bbox 2518 5726 2768 5798; x_wconf 85' lang='lat' dir='ltr'>qualiter</span> <span class='ocrx_word' id='word_1_1084' title='bbox 2799 5727 2845 5781; x_wconf 86' lang='lat' dir='ltr'>si</span> <span class='ocrx_word' id='word_1_1085' title='bbox 2880 5734 3015 5782; x_wconf 88' lang='lat' dir='ltr'>tunc</span> <span class='ocrx_word' id='word_1_1086' title='bbox 3061 5729 3386 5790; x_wconf 70' lang='lat' dir='ltr'>domestica</span> <span class='ocrx_word' id='word_1_1087' title='bbox 3426 5750 3612 5803; x_wconf 76' lang='lat' dir='ltr'>eram,</span> <span class='ocrx_word' id='word_1_1088' title='bbox 3638 5776 3651 5783; x_wconf 11' lang='lat'><em>7,</em></span> 
     </span>
    </p>
   </div>
  </div>
