4120 6202
506 182 645 237 2159

510 318 763 361 manum
791 297 1081 372 portantis
1113 295 1194 352 ita
1214 294 1573 372 effugerant,
1600 297 1665 348 ut
1706 294 1911 372 omnia
1944 308 2164 372 genera

509 378 635 433 base
664 390 768 446 per
788 364 966 426 silvas
992 384 1151 424 nunc
1183 364 1462 446 oberrare
1477 364 1794 446 videantur
1818 366 1845 421 ?
1867 366 1985 420 Sed
2012 382 2161 446 nou-

511 436 941 503 nulliauctores
955 454 1173 510 genera
1194 438 1321 510 haec
1339 438 1666 510 bestiarum
1688 436 2019 510 etferorum
2038 437 2163 493 ani-

512 519 781 580 malium,
808 508 1002 585 ipsam
1028 516 1245 585 terram
1270 509 1509 585 gignere
1531 508 1755 572 dicunt,
1782 509 2023 580 quiheec
2042 509 2162 585 ani;

511 589 693 644 malia
723 580 859 658 quae
882 586 940 639 in
971 582 1179 638 insulis
1212 580 1616 658 includuntur,
1638 595 1756 634 non
1780 596 2029 658 εις-ξιτεδ,
2059 580 2161 635 sed

511 676 583 716 ex
615 651 920 730 ipsa'terra
954 658 1264 730 procreata
1294 666 1421 730 esse
1451 651 1990 730 existi_mant.i_lanc
2022 667 2162 707 vero

510 721 1130 804 putationemeorum
1156 725 1228 804 de
1259 722 1479 804 quibus
1510 721 1792 804 diximus,
1824 723 1897 804 de
1926 738 2162 804 recessu

511 794 803 873 aquarum
829 797 1051 873 diluvii,
1083 794 1193 873 etsi
1223 795 1759 873 aliquisacceptarn
1792 800 1845 850 et
1869 794 2163 873 sufficien-

515 865 631 929 tem
663 888 793 926 esse
817 868 1152 932 crediderit,
1178 865 1393 921 nostris
1427 872 1623 919 tamen
1641 865 1839 920 adhuc
1862 866 2163 920 mentibus

511 945 611 1000 illa
648 943 905 1015 quaestio
932 938 1218 994 innodata
1251 937 1509 1015 residet;
1533 936 1903 1015 Quotidianis
1945 938 2161 992 etenim

512 1008 1005 1071 inundationibus
1037 1008 1444 1064 etrecessibus
1475 1008 1711 1073 Oceani,
1764 1008 1888 1062 haec
1927 1024 2165 1079 semper

512 1087 760 1159 quaestio
774 1080 1395 1159 renascitur.Quemad
1406 1080 1649 1159 modum
1664 1080 1818 1134 hanc
1833 1079 2161 1159 inundatio-

511 1152 649 1215 nem
701 1157 857 1211 unde
888 1154 1065 1218 venit,
1108 1159 1210 1207 aut
1258 1167 1379 1223 quo
1430 1152 1650 1205 recedit
1700 1154 2001 1223 nescimus
2036 1167 2049 1215 ;
2083 1153 2165 1207 ita

512 1232 690 1287 etiam
724 1242 1029 1284 recessum
1062 1222 1670 1294 diluvii’ignoramus.
1720 1222 1854 1277 H&:C
1898 1238 2164 1294 namque

512 1299 862 1374 quotidiana
875 1295 1190 1374 inundatio
1204 1294 1365 1374 bisin
1379 1293 1473 1347 die
1487 1309 1521 1347 a
1534 1297 1801 1363 tempore
1815 1294 1889 1374 ad
1903 1293 2160 1374 tempus,

514 1368 619 1446 per
648 1373 828 1446 horas
859 1368 1059 1446 viginti
1081 1372 1340 1446 quatuor
1359 1380 1601 1446 semper
1626 1368 1947 1446 peragitur,
1984 1371 2041 1445 et
2058 1382 2164 1446 per

514 1437 771 1500 alternas
784 1437 1200 1494 hebdomadas
1216 1437 1467 1489 Ledonis
1486 1440 1543 1488 et
1559 1437 1781 1491 Matinae
1817 1437 2161 1493 vicissitudo

513 1516 917 1570 commutatur
949 1510 1049 1579 (α).
1083 1508 1191 1564 Sed
1218 1507 1369 1561 Ledo
1400 1524 1502 1561 sex
1525 1508 1701 1561 horas
1726 1508 2161 1574 inundationis,

514 1593 569 1641 et
598 1583 842 1640 totidem
868 1578 1135 1635 recessus
1152 1579 1333 1633 habet
1357 1595 1369 1643 ;
1404 1578 1616 1633 Malina
1630 1595 1767 1651 vero
1785 1580 2033 1648 grandis
2059 1595 2165 1651 per

514 1658 782 1728 quinque
814 1655 991 1728 horas
1011 1652 1242 1728 ebullit,
1262 1650 1877 1728 etperseptemﬂhoras
1898 1650 2162 1728 littorum

512 1723 700 1782 dorsa
732 1726 958 1793 retegit.
998 1724 1136 1786 Qua:
1164 1728 1388 1776 tantam
1422 1723 1805 1777 concordiam
1850 1738 1987 1777 cum
2019 1723 2162 1780 luna

511 1797 797 1863 ostendit,
825 1802 885 1850 ut
908 1802 1235 1865 antequam
1263 1794 1404 1847 luna
1426 1799 1729 1858 nascatur,
1751 1794 2162 1849 tribusdiebus

513 1876 565 1926 et
589 1868 909 1925 duodecim
932 1867 1092 1921 horis
1118 1881 1350 1935 semper
1382 1865 1623 1935 incipiat
1648 1882 1661 1930 ;
1690 1872 1892 1935 etpost
1914 1881 2158 1921 nascen-

512 1944 584 1997 tis
606 1943 763 1995 lunae
794 1938 1087 2010 principia
1106 1936 1253 2010 alios
1282 1942 1393 2010 tres
1416 1937 1561 2000 dies,
1585 1937 1967 2010 etduodecim
1983 1938 2160 1992 horas

512 2006 849 2068 consuescit
870 2006 1091 2063 habere
1125 2030 1136 2061 :
1174 2006 1441 2061 similiter
1492 2014 1547 2062 et
1600 2013 1733 2062 ante
1766 2008 2160 2078 plenilunium

515 2084 702 2139 tribus
715 2081 929 2135 diebus
952 2086 1005 2133 et
1033 2078 1353 2133 duodecim
1374 2078 1535 2132 horis
1554 2079 1780 2149 incipit,
1809 2084 1860 2133 et
1880 2084 2013 2148 post
2038 2081 2156 2134 toti-

512 2154 651 2210 dem
681 2153 961 2222 temporis
991 2166 1205 2204 cursus
1234 2150 1322 2203 sui
1353 2149 1671 2222 terminum
1703 2152 2021 2205 consumit.
2050 2155 2161 2208 Sex

509 2242 653 2280 vero
675 2220 1149 2292 uniuscujusque
1174 2220 1458 2291 temporis
1482 2220 1743 2292 Malinas,
1763 2223 1916 2276 veris
1940 2222 2162 2278 scilicet

507 2265 830 2359 etaestatis,
866 2265 1136 2348 alitumni
1170 2297 1224 2346 et
1254 2265 1484 2355 hiemis,
1520 2265 1851 2346 secundum
1886 2293 2159 2349 lunarem

511 2367 1024 2439 supputationem.
1051 2364 1163 2417 hoc
1190 2368 1294 2426 est,
1329 2362 1507 2439 simul
1536 2366 1979 2439 omnesuviginti
2007 2381 2161 2439 qua-

507 2434 649 2495 tuor
674 2436 1088 2507 unusquisque
1101 2436 1441 2507 communis
1464 2450 1659 2489 annus
1678 2434 1872 2500 habet,
1900 2434 2158 2507 exceptis

508 2510 781 2564 videlicet
811 2505 1203 2569 embolismis,
1236 2505 1339 2577 qui
1369 2505 1573 2575 viginti
1598 2512 1652 2561 et
1682 2523 1786 2561 sex
1812 2505 2157 2562 Malinasre-

511 2583 695 2636 tinent
729 2596 741 2633 :
777 2583 832 2632 et
865 2576 1335 2647 uniuscujusque
1367 2576 1438 2630 de
1465 2577 1763 2647 praedictis
1788 2578 2157 2648 temporibus

509 2652 724 2708 media:
748 2656 882 2717 ture,
908 2649 1175 2703 videlicet
1200 2648 1663 2718 aequinoctiales,
1683 2656 1736 2703 et
1762 2649 1891 2703 alia;
1912 2650 2157 2720 quando

513 2724 599 2778 vel
643 2722 769 2777 dies
804 2721 891 2775 vel
922 2736 1040 2774 nox
1091 2733 1304 2774 cursus
1365 2720 1455 2773 sui
1488 2721 1807 2773 terminum
1838 2724 2153 2787 consumit,

509 2795 681 2850 solito
708 2792 959 2848 validior
980 2789 1450 2845 aciuundatione
1464 2790 1638 2844 altior
1663 2790 1785 2845 ﬁeri
1801 2793 2153 2848 consuescit.

508 2864 877 2935 Interpositis
902 2878 1043 2935 vero
1070 2862 1275 2932 spatiis
1297 2862 1508 2935 iterum
1529 2863 1899 2935 tantumdem
1925 2880 2158 2934 semper

507 2931 1102 3005 Ledointermittdur.
1125 2937 1197 2987 At
1218 2948 1353 2987 vero
1373 2931 1743 3005 rationabilis
1762 2933 1940 3005 hujus
1964 2931 2156 3005 perse-

504 3008 783 3064 verentia;
814 3004 1146 3069 inundatio,
1179 3019 1301 3075 quo
1341 3004 1578 3069 recedit,
1615 3004 1913 3060 mentibus
1939 3004 2156 3062 nostris

505 3080 801 3135 occultata
817 3082 929 3132 est:
960 3091 1079 3130 non
1099 3077 1388 3130 minorem
1414 3075 1741 3146 profectum
1758 3078 2156 3133 nescientibus

505 3146 1367 3229 praeparatscieutiahominis.
1392 3150 1539 3202 Nam
1560 3149 1663 3229 qui
1682 3163 1892 3229 veram
1924 3149 2154 3229 sapien-

508 3219 651 3278 tiam
685 3220 864 3289 cupit,
894 3219 971 3274 ad
1003 3223 1293 3274 aeternum
1317 3233 1567 3287 regnum
1593 3219 1970 3274 ubinullaest
1991 3219 2158 3289 igno~

505 3293 721 3361 rantia,
752 3290 1034 3346 festinare
1065 3290 1410 3362 contendat,
1440 3295 1495 3345 et
1517 3290 1749 3344 interim
1777 3306 1913 3344 cum
1936 3290 2155 3362 insigni

507 3366 773 3436 gentium
807 3362 1095 3436 magistro
1126 3362 1330 3436 dicat_:
1364 3361 1454 3414 Ex
1508 3367 1663 3436 parte
1682 3361 2073 3436 cognoscimus,
2103 3369 2153 3417 et

505 3432 570 3492 Ea:
596 3443 750 3507 parte
776 3433 1157 3507 prophetumus
1186 3434 1225 3501 (l
1271 3432 1394 3486 Cor.
1424 3447 1543 3499 xui,
1573 3432 1648 3507 9).
1681 3432 1905 3507 Etenim
1938 3449 2151 3488 omnes

505 3502 618 3573 res,
652 3502 804 3576 quas
830 3502 1230 3577 possidemus,
1256 3519 1325 3556 ex
1348 3508 1515 3577 parte
1537 3502 1627 3557 vix
1650 3504 2151 3577 novimus.Terraa

505 3574 769 3649 namque
801 3574 1138 3647 superﬁcies
1157 3575 1215 3629 in
1236 3574 1736 3649 qualaboramus,
1759 3575 1995 3649 alimur,
2017 3578 2153 3649 vivi:

507 3669 642 3707 mus
658 3646 711 3707 et
733 3646 1155 3708 sustentamur,
1184 3646 1402 3700 nostris
1424 3647 2020 3717 apparetobtutibus;
2047 3648 2151 3703 sed

509 3730 707 3780 tamen
730 3718 1542 3791 quomodoilla’sustentatur,
1564 3717 2146 3788 adhucignoramus.

508 3795 601 3850 Sol
632 3794 686 3846 in
711 3791 1099 3844 ministerium
1123 3794 1338 3860 nostrae
1357 3791 1723 3845 necessitatis
1741 3805 1843 3860 per
1859 3791 2016 3845 diem
2041 3797 2153 3846 tra-

506 3864 685 3925 ditur,
718 3862 819 3915 sed
854 3861 1093 3933 qualem
1124 3859 1182 3913 in
1212 3866 1380 3933 nocte
1421 3859 1755 3933 profectum
1784 3862 2148 3933 exsequitur,

506 3951 543 3989 a
573 3938 776 3987 nostra
806 3931 1049 3985 scientia
1075 3930 1423 4002 occultatur.
1458 3932 1635 3986 Lunae
1665 3930 2007 4002 quindecim
2034 3933 2152 3989 die-

503 4005 619 4060 bus
654 4002 994 4062 crescentis,
1028 4005 1086 4054 et
1120 4000 1363 4055 totidem
1419 4000 1700 4071 tempore
1734 4004 2148 4070 decrescentis,

504 4074 681 4131 totius
697 4071 1116 4127 vicissitudinis
1130 4087 1347 4124 causas
1363 4070 1499 4142 quis
1512 4070 1835 4141 intelligere
1861 4074 2152 4131 sufﬁciat?

503 4142 1310 4215 Marisinundantistumores
1338 4142 1719 4215 considerare
1734 4147 2150 4215 permittimur,

503 4219 607 4273 sed
624 4215 952 4272 recedentis
969 4213 1121 4267 illius
1135 4212 1520 4281 intelligentia
1536 4212 1858 4284 privamur.
1876 4218 1939 4271 In
1955 4218 2153 4273 nobis-

503 4289 769 4361 metipsis
794 4287 957 4361 diem
987 4290 1204 4361 nostras
1242 4285 1806 4361 nativitatisscimus
1836 4294 1891 4342 et
1923 4304 2154 4344 memo—

500 4356 705 4417 ramus
731 4377 743 4425 ;
773 4358 932 4413 diem
950 4357 1155 4412 mortis
1177 4356 1423 4425 quando
1447 4357 1659 4421 veniet,
1686 4373 1823 4414 cum
1840 4365 1994 4414 certe
2012 4375 2152 4415 ven-

500 4440 634 4489 tura
662 4432 753 4501 sit,
810 4430 1128 4485 nescimus.
1193 4428 1303 4483 Res
1356 4428 1544 4502 etiam
1576 4430 1939 4502 corporales
1994 4446 2151 4502 quas

503 4500 797 4569 videmus,
827 4518 898 4557 ex
932 4506 1097 4572 parte
1126 4506 1355 4555 tantum
1382 4500 1758 4556 considerare
1801 4500 2146 4572 possumus.

504 4580 582 4631 Ex
616 4580 938 4648 parte_ergo
950 4572 1399 4648 cognoscimus.
1417 4572 1707 4648 quamdiu
1724 4574 1779 4648 in
1800 4572 1912 4648 hoc
1934 4574 2150 4631 sreculo

503 4643 731 4701 sumus.
767 4645 880 4699 Sed
916 4645 959 4697 si
993 4644 1072 4699 ad
1104 4643 1264 4697 illam
1297 4644 1491 4698 lucem
1520 4644 1706 4699 Patris
1735 4646 2029 4701 luminum
2058 4662 2149 4701 ve-

501 4720 790 4781 nerimus,
821 4716 965 4770 nihil
985 4716 1043 4769 in
1072 4716 1356 4769 creaturis
1379 4717 1486 4770 erit
1508 4715 1673 4786 quod
1696 4717 2054 4772 nesciamus.
2084 4723 2152 4772 At

500 4805 642 4845 vero
675 4794 735 4843 ut
760 4792 1033 4842 nostrum
1060 4802 1385 4857 sequamur
1429 4788 1803 4857 propositum
1834 4790 1890 4844 in
1926 4789 2035 4844 isto
2066 4789 2150 4844 di-

559 4914 571 4946 ¹
603 4912 705 4964 Ms.
743 4910 899 4968 Aud.,
937 4910 1072 4959 dedit
1104 4911 1157 4958 in
1190 4910 1388 4958 viduas.

558 4977 625 5039 (a)
662 4974 895 5039 Bedade
926 4974 1047 5039 Nat.
1090 4976 1283 5035 temp.,
1318 4986 1440 5035 cap.
1483 4973 1579 5019 28:
1608 4990 1633 5019 α
1662 4972 1860 5039 (Batus,
1894 4975 1985 5030 ait.
2008 4991 2147 5039 cres-

493 5034 671 5089 centes
707 5037 953 5089 Malinas,
986 5034 1351 5100 decrescentes
1386 5034 1607 5100 autem,
1638 5035 1835 5098 placuit
1875 5038 2145 5100 appellare

489 5104 715 5151 Ledones
748 5116 758 5157 ;
784 5118 808 5147 ››
846 5099 1066 5162 perinde
1094 5098 1323 5162 loquens
1344 5110 1405 5162 ac
1432 5098 1474 5144 si
1508 5111 1694 5162 recens
1716 5100 1868 5162 hunc
1897 5098 1950 5147 in
1982 5116 2142 5151 usum

486 5166 725 5234 adhiberi
752 5158 1456 5234 cmpisse'utnea'xocabula.
1492 5160 1644 5232 Apud
1683 5160 1994 5234 Marcellum

485 5230 729 5291 piricum,
769 5222 873 5291 qui
889 5226 953 5291 in
969 5223 1137 5291 Gallia
1154 5222 1451 5291 Theodosio
1465 5224 1671 5291 seniore
1685 5224 1977 5287 imperante
1993 5228 2139 5284 vixit,

482 5286 736 5339 Lidunam
765 5286 817 5339 e't
846 5288 1119 5341 Mutinam,
1152 5299 1310 5348 capp.
1342 5287 1399 5332 16
1439 5289 1488 5334 et
1518 5287 1595 5341 25,
1622 5286 1795 5347 legere
1824 5292 1903 5336 est
1928 5306 1938 5345 ;
1972 5290 2064 5338 sed
2089 5291 2141 5339 in

484 5355 784 5416 signiﬁcatu
824 5350 1063 5399 nonnihil
1097 5347 1326 5399 diverso.
1361 5350 1434 5397 uti
1464 5347 1717 5420 observat
1738 5350 1807 5420 .V.
1838 5351 1937 5403 CL.
1968 5352 2032 5405 D.
2068 5353 2139 5401 du

482 5415 658 5472 Gange
689 5418 739 5464 in
775 5415 945 5464 Gloss.
1000 5416 1258 5462 Craterum
1300 5411 1448 5460 Bcdre
1498 5425 1550 5459 ιιι
1585 5411 1839 5472 praedicto
1878 5412 1967 5461 lib.
2020 5427 2136 5472 cap.

559 5431 658 5464 [128
689 5432 739 5464 ll]
775 5428 945 5464 UIOSS.
1000 5428 1258 5462 υῑριθτυιη
1301 5428 1448 5460 1101]ῐὲ
1498 5428 1550 5459 ll]
1586 5428 1839 5464 ιιιιεαιειο
1878 5428 1967 5461 HD.
2020 5428 2136 5464 can.

482 5430 658 5478 [18.088
689 5432 739 5464 ll]
775 5430 945 5464 UIOSS.
1000 5430 1258 5462 bustorum
1301 5430 1448 5460 0(3th
1498 5430 1550 5459 Ill
1585 5430 1839 5472 pl’iBUlClO
1878 5430 1967 5461 HD.
2020 5430 2136 5477 cap.

482 5478 527 5530 8,
565 5483 856 5539 nostroque
888 5478 1088 5525 auctori
1127 5476 1227 5529 hic.
1269 5473 1420 5539 Ledo
1440 5478 1520 5521 est
1541 5479 1704 5523 (estus
1735 5474 1822 5523 ille
1838 5477 2000 5525 maris
2027 5476 2138 5525 lan-

482 5538 693 5601 guidior
726 5536 814 5601 qui
850 5552 943 5601 per
967 5542 1203 5601 quatuor,
1226 5550 1361 5599 pene
1392 5536 1504 5601 dies
1532 5540 1638 5585 tam
1671 5540 1794 5585 ante
1821 5552 1986 5599 quam
2017 5544 2137 5601 post

481 5599 773 5647 secundam
812 5599 1163 5664 ultimamque
1195 5600 1335 5648 lunae
1362 5599 1766 5664 quadraturam,
1796 5613 1979 5650 mense
2007 5599 2138 5653 uno-

480 5673 696 5731 quoque
721 5662 913 5731 a_ccidit
944 5661 1182 5731 animus
1212 5675 1338 5731 vero
1369 5661 1532 5731 aestus
1568 5661 1953 5731 vehementior,
2001 5678 2136 5731 _con-

477 5722 693 5792 ﬁngens
729 5722 919 5773 diebus
940 5723 1058 5775 aliis
1090 5723 1161 5775 ad
1184 5724 1525 5776 nov‘dunium
1559 5728 1613 5778 et
1636 5724 1705 5778 ad
1752 5724 2134 5793 plenilunium.

1245 168 1344 223 DE
1382 166 1850 226 MIRABlLIBUS
1890 167 2147 225 SACRAS
2185 164 2634 233 SCRIPTURA’L‘,
2677 164 2742 225 S.
2779 162 3171 225 AUGUSTINI

3785 166 3923 227 9160

2268 292 2411 349 luvii
2439 298 2557 350 tam
2585 308 2807 363 magno
2838 292 2901 347 in
2948 293 3050 348 Dei
3084 292 3371 349 creaturis
3408 292 3722 360 miraculo,
3777 294 3927 350 nihil

2271 372 2477 438 contra
2518 372 2796 420 naturam
2825 364 3047 438 factum
3075 379 3203 419 esse
3244 364 3598 432 ostenditur,
3630 366 3925 438 quoniam

2270 436 2418 492 nihii
2451 444 2659 509 contra
2687 443 2963 509 naturam
2982 436 3204 491 factum
3234 451 3370 491 esse
3396 436 3756 504 ostendit—ur,
3781 453 3926 509 quo-

2270 510 2433 563 niam
2465 507 2607 562 nihil
2648 508 2810 580 quod
2845 510 2998 563 Deus
3040 508 3099 561 in
3132 512 3539 580 creaturarum
3571 510 3777 580 prima
3794 507 3930 565 con-

2271 579 2493 635 ditione
2541 578 2688 634 non'
2710 580 2947 642 fecerat,
3009 578 3507 650 superinductum
3566 578 3703 636 esse
3751 582 3925 637 vide-

2274 658 2367 707 tur
2399 668 2413 717 ;
2444 651 2559 706 nisi
2584 652 2749 722 quod
2770 651 2940 706 solito
2976 649 3377 723 abundantior
3402 652 3608 723 imaris
3636 654 3844 723 copia,
3877 660 3927 709 et

2273 722 2557 779 imbrium
2588 721 2768 778 ducta
2798 728 3213 792 congregatur.
3231 721 3930 781 Nihilinbisauctoritate

2270 795 2656 859 ﬁrmaverim,
2694 800 2754 849 ut
2780 794 2841 849 in
2862 794 3208 850 defensione
3234 794 3487 864 alicujus
3513 797 3930 851 contentiosus

2272 867 2383 921 sim
2409 882 2422 920 :
2456 866 2561 921 sed
2594 868 2643 920 si
2673 866 2818 937 quid
2850 866 3088 921 alterius
3114 866 3355 934 ingenio
3406 865 3553 921 forte
3580 867 3819 922 meliori
3848 868 3930 922 in-

2275 937 2592 1007 telligentia
2621 936 2837 992 borum
2852 938 3221 1000 succurrerit,
3236 936 3352 992 hoc
3377 942 3433 992 et
3460 952 3596 991 meo
3614 938 3925 1007 ingeniolo

2274 1008 2517 1064 forsitan
2537 1008 2952 1080 complacebit.
2984 1011 3103 1077 Ego
3124 1010 3279 1081 enim
3307 1008 3467 1079 quod
3485 1010 3543 1063 in
3564 1008 3682 1081 hoc
3704 1012 3929 1081 magis-

2271 1086 2500 1136 trorum
2527 1079 3053 1151 quorumcumque
3098 1079 3353 1135 eruditio
3382 1080 3655 1145 contulit,
3700 1079 3928 1137 litteru-

2271 1152 2342 1206 lis
2366 1152 2459 1206 his
2491 1152 2782 1217 intimavi,
2816 1152 2875 1205 in
2900 1152 3124 1223 quibus
3150 1151 3197 1204 si
3223 1152 3370 1222 quid
3390 1151 3702 1223 vitiosum,
3736 1160 3793 1208 et
3826 1155 3927 1209 mi-

2271 1240 2385 1279 nus
2417 1238 2579 1277 sana;
2609 1222 2957 1279 intentionis
3009 1229 3299 1294 apparet;
3349 1238 3471 1278 non
3500 1222 3768 1290 illorum,
3826 1225 3929 1281 sed

2272 1310 2408 1350 mea
2440 1295 2710 1349 titubavit
2736 1294 3000 1349 intentio.

2307 1366 2531 1421 CAPUT
2570 1367 2711 1421 Vill.
2744 1396 2813 1405 —
2849 1368 2925 1419 De
2952 1380 3116 1419 cursu
3151 1364 3283 1419 solis
3310 1370 3359 1418 et
3390 1363 3533 1418 (una
3566 1364 3625 1419 in
3655 1365 3889 1421 diluvio.

2341 1437 2420 1491 De
2462 1438 2751 1504 terminis,
2774 1438 2849 1492 de
2880 1452 3123 1492 recursu
3148 1437 3289 1490 solis
3320 1440 3376 1490 et
3399 1436 3555 1491 luna
3580 1436 3640 1491 in
3673 1437 3926 1504 diluvio,

2269 1508 2548 1581 quamvis
2561 1508 2813 1581 famosa
2835 1508 3243 1581 plurimorum,
3260 1515 3487 1562 mentes
3507 1509 3773 1579 quaestio
3802 1510 3928 1581 pul-

2270 1579 2359 1635 sat
2384 1596 2398 1645 ;
2431 1580 2651 1635 nihilin
2673 1579 3063 1635 luminarium
3082 1579 3464 1634 autsiderum
3489 1579 3929 1637 consuetis'mi-

2272 1652 2723 1706 nistrationibus
2762 1652 3052 1706 diluvium
3082 1658 3510 1714 commutasse,
3551 1651 3751 1714 ipsius
3784 1654 3928 1708 anni

2268 1738 2390 1794 quo
2416 1724 2707 1779 diluvium
2738 1728 2829 1778 est
2857 1724 3102 1787 factum,
3134 1737 3347 1777 cursus
3386 1724 3765 1779 manifestat.
3810 1726 3927 1779 Noe

2268 1797 2427 1849 enim
2459 1796 2698 1851 secundi
2729 1794 2963 1850 decimo
2986 1796 3241 1864 septimo
3265 1794 3359 1848 die
3387 1795 3610 1850 mensis
3630 1810 3778 1850 cum
3803 1795 3931 1851 uni-

2270 1868 2475 1931 versis,
2508 1882 2642 1938 quae
2698 1867 2775 1921 ad
2822 1882 2959 1921 eum
3012 1864 3412 1937 pertinebant,
3439 1881 3643 1921 arcam
3687 1867 3930 1923 intravit

2268 1938 2422 2009 (Gen.
2456 1954 2553 2005 vn,
2586 1940 2668 2017 tt,
2705 1938 3225 2017 13)._Postcentum
3248 1939 3690 2017 quinquaginta
3711 1938 3845 2017 dies
3866 1939 3924 1995 in

2271 2008 2473 2064 mense
2496 2011 2751 2081 septimo
2783 2009 3071 2077 vigesimo
3101 2008 3196 2081 die
3237 2008 3480 2081 mensis,
3518 2009 3586 2081 in,
3612 2010 3927 2065 montibus

2270 2080 2575 2135 Armeniae
2590 2081 2803 2136 eadem
2834 2096 2973 2135 arca
3004 2080 3304 2150 requievit.
3336 2081 3523 2135 Prima
3552 2080 3649 2135 die
3698 2080 3922 2137 decimi

2268 2153 2585 2207 cacumina
2637 2152 2929 2207 montium
2986 2157 3414 2223 apparuerunt.
3478 2154 3541 2207 Et
3572 2153 3773 2222 prima
3828 2153 3923 2208 die

2267 2226 2489 2279 mcusis
2523 2224 2697 2295 primi
2727 2239 2901 2295 aqum
2955 2224 3201 2295 minutae
3233 2228 3416 2295 sunt,
3448 2224 3643 2294 Atque
3673 2224 3920 2280 evoluto

2267 2296 2408 2350 anni
2438 2293 2679 2360 circulo,
2713 2293 2918 2349 mense
2932 2294 3218 2358 secundo,
3237 2293 3527 2363 vigesima
3541 2293 3808 2364 septima
3825 2296 3920 2351 die

2268 2368 2489 2421 mensis
2514 2367 2771 2421 arefacta
2802 2374 2958 2421 terra
2984 2364 3346 2436 conspicitur
3374 2382 3385 2419 :
3413 2381 3536 2436 qua
3566 2367 3666 2421 die
3684 2367 3917 2422 Domini

2258 2440 2453 2507 jussu,
2489 2440 2607 2493 Noe
2646 2454 2783 2493 cum
2817 2437 2981 2493 omni
3021 2438 3204 2492 domo
3232 2436 3444 2509 suade
3472 2453 3613 2509 arca
3643 2454 3915 2509 egressus

2266 2517 2354 2563 est
2379 2510 2490 2580 (Id.
2516 2525 2634 2580 Vlll,
2660 2509 2829 2579 4-18).
2848 2512 2925 2564 Ex
2939 2509 3161 2580 quibus
3175 2508 3405 2580 indiciis
3424 2508 3915 2565 manifestissime

2265 2579 2615 2653 ostenditur,
2648 2584 2813 2653 quod
2843 2582 2902 2635 in
2929 2579 3001 2653 iis
3026 2579 3248 2653 quaead
3268 2580 3406 2634 anni
3427 2579 3720 2635 circulum
3751 2597 3917 2653 pera-

2264 2652 2529 2723 gendum
2553 2652 2950 2723 pertinebant,
2968 2652 3027 2705 in
3055 2652 3441 2723 luminarium
3468 2652 3923 2709 ministrationi-

2262 2723 2376 2777 bus
2403 2722 2637 2778 dierum
2669 2739 2739 2778 ac
2769 2724 3037 2778 noctium
3068 2722 3436 2793 plenitudine
3465 2724 3740 2787 decursa,
3773 2724 3919 2779 nihil

2263 2795 2551 2849 decedere
2575 2794 2821 2850 videtur.
2841 2796 3065 2850 Sienim
3091 2793 3502 2858 luminarium,
3530 2793 3674 2849 solis
3698 2796 3921 2851 scilicet

2264 2872 2319 2921 et
2340 2866 2516 2931 lunas,
2540 2866 2825 2921 cursusin
2846 2866 3049 2937 aliquo
3077 2866 3353 2921 titubaret
3380 2866 3643 2930 ;dierum
3673 2882 3746 2922 ac
3776 2884 3920 2923 noc-

2265 2938 2413 3009 tium
2447 2939 2718 3009 primitus
2751 2936 3113 3003 vicissitudo,
3137 2937 3421 2992 etdeinde
3454 2938 3787 2993 totiusanni
3813 2941 3919 2994 cir.

2264 3008 2787 3081 culus’impeditus
2819 3014 3135 3081 appareret
3162 3026 3173 3063 :
3206 3009 3516 3081 dumivero
3542 3010 3715 3081 nullo,
3732 3011 3919 3067 modo

2264 3079 2608 3136 turbatusin
2640 3096 2701 3136 se
2718 3081 2858 3137 anni
2885 3079 3139 3135 circulus
3164 3080 3491 3144 revertitur,
3526 3080 3917 3137 manifestum

2262 3157 2354 3207 est
2381 3152 2543 3224 quod
2592 3152 2653 3207 iu
2679 3168 2840 3207 anno
2870 3152 3241 3224 praecedente
3270 3152 3663 3207 luminarium
3704 3169 3917 3209 cursus

2262 3238 2384 3279 non
2404 3223 2701 3279 turbatur.

2441 3294 2664 3349 CAPUT
2705 3294 2790 3348 lx.
2824 3324 2892 3334 —
2926 3292 3000 3348 De
3028 3292 3355 3364 dispersione
3385 3293 3724 3364 linguarum.

2331 3366 2359 3419 J
2366 3381 2463 3420 am
2497 3365 2756 3435 generali
2786 3365 2966 3438 totius
2994 3365 3157 3420 orbis
3182 3366 3531 3438 purgatione
3552 3380 3660 3437 per
3685 3381 3918 3438 aquam

2264 3438 2381 3491 Deo
2413 3439 2785 3506 gubernante
2807 3436 3088 3508 perfecta,
3116 3443 3297 3508 atque
3314 3438 3490 3508 aquis
3520 3436 3917 3494 iterumiterra

2260 3508 2472 3563 eodem
2481 3510 2656 3579 jussu
2672 3509 3242 3577 retecta,egressade
3269 3523 3409 3563 arca
3421 3510 3540 3562 Noe
3565 3509 3754 3564 solius
3778 3516 3917 3565 tunc

2254 3579 2404 3649 justi
2422 3580 2722 3705 prosagia,
2748 3582 2924 3635 totius
2938 3579 3358 3651 mundipartes
3371 3579 3767 3660 completum,
3799 3581 3914 3637 cito

2261 3654 2594 3705 πωροι-θνα(
2649 3668 2731 3704 en.
2765 3667 2823 3705 ix
2848 3655 2897 3705 et
2927 3654 3008 3705 xl.
3044 3650 3155 3705 Sed
3209 3657 3533 3705 antequam
3583 3665 3647 3705 ιιι
3699 3667 3913 3705 omnes

2261 3650 2551 3707 succrevit
2575 3650 2731 3721 (Gen.
2765 3667 2823 3705 ix
2848 3655 2897 3705 et
2927 3654 3008 3719 ι).
3044 3650 3177 3707 διξὰ
3209 3657 3533 3722 antequam
3583 3650 3647 3705 in
3699 3667 3913 3707 omnes

2261 3727 2448 3777 terras
2483 3729 2683 3778 essent
2711 3722 2903 3787 divisi,
2932 3722 3126 3793 impia
3154 3729 3508 3777 cunctorum
3528 3723 3839 3778 mentibus
3858 3730 3914 3779 et

2261 3794 2521 3865 superba
2551 3794 2828 3864 cogitatio
2858 3792 3175 3865 subrepsit,
3193 3795 3323 3848 utin
3338 3808 3661 3849 commune
3677 3795 3916 3864 magni-

2259 3864 2439 3920 ficare
2462 3882 2681 3921 nomen
2707 3881 2903 3929 suum,
2924 3864 3166 3936 nou’Dei
3181 3866 3481 3927 creatoris,
3504 3881 3609 3936 per
3625 3868 3915 3921 excellen-

2262 3938 2503 3992 tissimaa
2571 3938 2745 3992 turris
2789 3937 2867 3992 ad
2927 3935 3143 3991 coelum
3204 3952 3394 4007 usque
3448 3935 3915 3993 aediﬁcationem

2259 4008 2665 4073 decernerent,
2694 4007 2832 4080 etin
2859 4008 3152 4063 memoria
3174 4008 3534 4078 posteritatis
3561 4023 3669 4080 per
3700 4024 3915 4065 omnes

2260 4084 2472 4150 postea
2501 4079 2931 4149 generationes,
2947 4079 3430 4149 gubernationes,
3444 4084 3501 4134 et
3519 4078 3701 4134 totius
3714 4080 3917 4135 saeculi

2263 4157 2496 4223 tempus
2526 4150 2822 4223 indelebili
2844 4156 3195 4205 cunctorum
3218 4150 3521 4223 praaconio
3538 4150 3805 4207 celebres
3836 4150 3917 4207 fo-

2260 4222 2406 4277 rent.
2443 4222 2555 4277 Sed
2587 4224 2709 4294 hac,
2723 4223 3046 4277 temeritate
3076 4228 3129 4276 et
3155 4222 3415 4293 superba
3442 4224 3917 4294 praesumptione

2258 4309 2465 4348 rursus
2481 4296 2633 4349 Deus
2648 4293 2937 4361 offensus,
2953 4309 3059 4364 per
3073 4294 3248 4349 totius
3272 4296 3504 4364 generis
3517 4293 3913 4350 communem

2260 4365 2499 4435 culpam
2531 4365 2843 4420 individua
2871 4364 3144 4420 omnium
3177 4370 3394 4436 strage,
3428 4364 3593 4435 quod
3625 4366 3686 4420 in
3720 4366 3914 4421 homi-

2259 4436 2431 4491 nibus
2458 4451 2647 4508 nuper
2673 4442 2797 4492 erat
2826 4438 3123 4507 expertus,
3174 4436 3504 4508 praesertim
3535 4451 3675 4491 cum
3707 4436 3913 4493 nullus

2260 4514 2527 4580 repertus
2560 4512 2647 4564 est
2670 4508 2893 4580 justus,
2915 4508 3024 4580 qui
3045 4508 3319 4580 residuus
3340 4512 3515 4572 esset,
3550 4513 3743 4563 totam
3775 4508 3914 4564 fun-

2259 4578 2417 4633 ditus
2446 4578 2682 4648 gentem
2715 4579 2911 4634 delere
2933 4578 3139 4634 noluit.
3154 4579 3575 4634 Verumtamen
3593 4594 3738 4635 cum
3757 4580 3909 4636 illud

2259 4665 2447 4730 usque
2463 4656 2697 4722 tempus
2727 4649 3074 4730 es_set_un_ius
3097 4650 3316 4719 lingum
3339 4652 3907 4730 cunctuspopulus,

2260 4721 2669 4794 universorum
2695 4722 2797 4794 qui
2825 4721 2902 4794 ad
2919 4721 3030 4794 tale
3061 4737 3214 4793 opus
3234 4727 3539 4794 venerant,
3574 4721 3817 4791 linguas
3849 4722 3909 4778 in

2257 4792 2495 4848 diversa
2522 4793 2703 4849 verba
2716 4792 2930 4848 divisit
2955 4792 3061 4861 (Id.
3095 4808 3170 4859 ιι,
3210 4794 3349 4863 1-9),
3370 4792 3595 4848 scilicet
3625 4800 3687 4849 ut
3712 4794 3913 4850 rectis-

2258 4864 2411 4918 simo
2436 4864 2580 4934 justi
2611 4865 2814 4920 arbitri
2836 4864 3084 4935 judicio,
3112 4865 3215 4990 qui
3239 4863 3357 4920 alto
3388 4865 3575 4919 Deum
3607 4864 3912 4936 superbiae

2259 4939 2488 4990 tumore
2512 4942 3017 4990 contempserant.
3049 4936 3109 4990 in
3161 4935 3520 4990 ratrilissimo
3550 4936 3911 4990 substantia

2259 4939 2488 4991 tumore
2512 4942 3017 5007 contempserant,
3049 4936 3109 4991 in
3137 4935 3520 5005 fragilissimo
3550 4936 3911 4992 substantiis

2258 5024 2377 5061 sure
2431 5008 2702 5063 membro
2730 5009 3027 5063 sermonis
3084 5022 3325 5079 poenam
3362 5009 3565 5079 utique
3597 5010 3910 5064 sentirent.

2256 5079 2448 5151 Ethoc
2477 5080 2680 5151 nonin
2703 5080 2846 5150 ipsis
2872 5084 3101 5151 tantum
3131 5078 3397 5150 patribus
3427 5078 3594 5151 quod
3625 5086 3915 5151 evenerat

2252 5150 2610 5231 ἥβιιςιῑξεθιί
2642 5149 2993 5231 οεξιδλριῐιιιθετ
3047 5150 3302 5231 filiorum
3352 5149 3721 5231 propagines
3774 5149 3911 5205 talis

2253 5222 2530 5276 vindictae
2561 5222 2824 5277 conditio
2872 5222 3274 5292 pertransibat
3304 5237 3317 5273 :
3370 5226 3433 5277 ut
3462 5222 3567 5293 qui
3612 5226 3911 5277 aeternam

2252 5293 2365 5347 sibi
2382 5294 2741 5364 posteritatis
2756 5293 2807 5347 fa
2822 5309 2981 5347 mam
2994 5297 3699 5365 qumrerent,mansuram
3716 5293 3775 5348 in
3791 5293 3908 5348 illis

2251 5366 2693 5435 posteritatibus
2720 5365 2908 5436 ipsius
2954 5365 3440 5436 praesumptionis
3466 5380 3573 5435 per
3619 5366 3909 5420 universa

2251 5436 2481 5490 venturi
2513 5436 2713 5492 saeculi
2745 5442 3017 5507 tempora
3054 5436 3641 5507 animadversionem
3673 5436 3908 5491 inveni-

2246 5512 2395 5562 rent.
2425 5506 2890 5588 Posteaquoque
2908 5506 3035 5588 haec
3060 5507 3401 5588 linguarum
3413 5506 3637 5588 divisio
3661 5508 3758 5563 Dei
3784 5507 3906 5562 dis-

2246 5582 2598 5649 pensatione
2623 5578 2915 5643 evenerat,
2952 5584 3015 5633 ut
3051 5578 3396 5634 divinarum
3449 5578 3906 5650 Scripturarum

2244 5650 2588 5724 mysterium
2607 5651 2901 5724 usquead
2927 5654 3236 5724 maturum,
3258 5655 3493 5724 tempus
3527 5649 3707 5705 unius
3730 5649 3906 5724 electi

2243 5720 2319 5780 ex
2336 5721 2537 5780 multis
2564 5720 2775 5799 populi
2794 5721 3004 5797 lingua
3013 5721 3359 5782 custodiret:
3381 5720 3578 5781 donec
3587 5721 3909 5799 prmﬁnito

4107 460 4109 529 ι
