4120 6202
226 167 368 221 2161

225 291 519 361 tempore,
541 286 790 361 quando
809 286 1102 361 universis
1127 289 1403 359 gentibus
1434 295 1880 348 sacramentum

228 358 839 444 sum—dispensationis
853 360 1084 431 aperire
1102 358 1594 444 voluit,Spirit_um
1612 370 1884 444 sauctum
1926 397 1933 403 ι

224 432 301 488 de
332 431 567 488 excelso
597 431 944 501 linguarum
993 433 1265 489 omnium
1292 431 1602 490 scientiam
1636 435 1883 490 afferen-

228 510 370 569 tem,
413 503 690 576 ejusdem
716 505 1077 576 sacramenti
1126 506 1547 576 praeordinatis
1596 507 1881 561 ministris

230 574 563 649 transmisit
593 593 605 631 :
635 574 738 645 qui
794 575 893 630 Dei
926 574 1229 645 magnalia
1262 576 1343 649 ad
1382 578 1526 632 illud
1559 593 1747 649 usque
1778 593 1884 649 per

227 646 700 712 unamlinguam
723 652 1081 712 cantaverat,
1104 648 1351 703 velutad
1373 646 1879 705 consecrationem

227 719 504 792 omnium
530 717 874 792 linguarum
899 717 958 773 in
992 718 1122 792 ipso
1149 734 1259 792 suo
1286 720 1480 792 primo
1497 721 1757 792 adventu
1776 736 1881 792 per

222 789 542 863 Apostolus
564 788 949 863 praedicabat.
983 788 1073 863 Sic
1094 791 1254 863 enim
1272 788 1354 846 illi
1375 807 1529 863 quos
1548 791 1622 847 de
1652 788 1880 848 univer-

225 860 311 934 sis
327 861 622 934 gentibus,
648 860 806 915 velut
823 860 899 914 ad
914 860 1094 934 hujus
1110 862 1189 917 rei
1216 860 1793 934 comprobationem,
1818 865 1877 919 in

223 933 552 1013 Jerusalem
577 936 855 1013 tunc-tem
867 932 1024 1013 poris
1044 932 1561 1013 eollegerat'Deus,
1577 935 1876 1013 dicebant,

224 1004 555 1084 ᾼμᾴἱυὶηιυξ
582 1019 665 1084 eos
697 1003 901 1084 litigatis
938 1004 1140 1084 nostris
1171 1005 1881 1084 loqacntes__1nagnalz‘a_Dei

223 1076 375 1148 (Act.
400 1092 467 1150 _u,
514 1075 688 1145 4-H).
737 1075 848 1150 Sig
882 1075 1569 1150 apostolicaihumilitas
1628 1077 1878 1150 Spiritus

224 1145 412 1221 sancti
445 1161 692 1202 munere
719 1145 1058 1221 colligebat,
1090 1147 1267 1221 quod
1286 1148 1562 1218 superbia
1589 1145 1879 1221 praesum-

224 1218 453 1291 ptionis
466 1223 526 1291 et
548 1232 717 1272 vanae
739 1217 943 1291 glorias
966 1217 1186 1291 cupido
1211 1217 1606 1291 disperserat:
1618 1221 1876 1289 Linguas

221 1288 425 1347 autem
442 1289 573 1344 illas
588 1290 972 1361 septuaginta
984 1288 1137 1361 duas
1150 1305 1303 1355 esse,
1316 1288 1567 1361 plurimi
1603 1288 1879 1347 auctores

223 1361 627 1426 consentiunt,
655 1359 805 1431 quia
833 1360 895 1415 in
923 1359 1383 1417 aedificationem
1423 1363 1599 1417 turris
1631 1363 1786 1418 illius
1818 1363 1877 1416 in

225 1437 383 1489 terra
413 1433 714 1505 Sennaar,
736 1447 1059 1505 quainunc
1111 1438 1203 1505 est
1228 1432 1520 1505 Babylon,
1566 1438 1647 1489 tot
1676 1439 1876 1504 patres

225 1502 1064 1575 congregatosfuissedicunt.
1083 1504 1246 1559 Unde
1264 1509 1319 1559 et
1343 1502 1630 1560 Dominus
1645 1502 1879 1575 septua-

219 1573 391 1648 ginta
408 1575 557 1648 duos
578 1573 934 1644 discipulos,
957 1574 1355 1648 exceptisiilis
1379 1576 1676 1648 primariis
1700 1573 1876 1647 Apos-

221 1646 380 1711 tolis,
403 1647 649 1716 elegisse
679 1660 955 1701 sermone
984 1646 1563 1719 Evangeliirefertur,
1595 1664 1698 1718 per
1726 1646 1878 1719 quos

222 1725 439 1787 postea
468 1720 768 1791 insomnes
795 1723 999 1791 gentes
1033 1718 1195 1773 idem
1237 1720 1623 1788 Evangelium
1665 1718 1880 1791 praedi-

222 1794 459 1846 caretur
519 1788 670 1859 (Luc.
716 1805 779 1861 x,
826 1789 912 1861 1).
962 1792 1025 1844 In
1070 1804 1329 1860 quorum
1396 1788 1879 1861 praeﬁgur’atione

221 1862 406 1942 etiam
428 1861 609 1942 Moysi
636 1859 957 1942 spiritusin
988 1859 1882 1942 septuagintasenioresdistri-

222 1933 427 1988 buitur
456 1949 469 1988 :
498 1930 556 1988 et
596 1930 726 1987 aliis
754 1930 989 1987 duobus
1032 1930 1137 1999 qui
1184 1930 1243 1987 in
1272 1933 1481 1989 castris
1508 1934 1875 1999 resederant,

223 2002 451 2076 Heldad
484 2002 750 2076 videlicet
779 2007 836 2057 et
865 2002 1091 2076 medad,
1116 2003 1247 2075 ejus
1278 2005 1517 2075 spiritus
1549 2004 1877 2076 prophetia:

222 2075 456 2148 donum
482 2074 856 2148 condonatur
885 2074 1075 2143 (Num.
1109 2074 1180 2148 in,
1207 2078 1294 2140 24,
1314 2074 1394 2147 6).
1416 2074 1682 2141 Quorum
1704 2075 1877 2148 quasi

222 2146 577 2203 hmreditarii
614 2161 1013 2211 successores,
1055 2146 1133 2201 ad
1163 2147 1551 2204 Ptolomaeum
1590 2146 1880 2204 Philadel-

223 2220 417 2291 phum
447 2217 824 2291 Alexandriae
864 2232 1065 2291 regem
1083 2234 1133 2291 _a
1174 2219 1576 2287 pontificibus,
1609 2219 1878 2276 Eleazaro

220 2288 444 2363 scilicet
474 2294 531 2345 et
571 2288 824 2354 caeteris,
852 2290 957 2359 qui
987 2289 1201 2363 eodem
1244 2295 1507 2363 tempore
1533 2292 1876 2363 Judaeorum

224 2360 455 2434 populo
480 2364 802 2434 praeranl,
831 2361 1210 2434 septuaginta
1230 2360 1554 2434 sapientes,
1586 2362 1690 2433 qui
1713 2379 1783 2417 ex
1802 2365 1873 2416 Is.

223 2431 350 2505 rael
375 2431 554 2505 stirpe
600 2431 1059 2505 descenderant,
1088 2433 1252 2505 missi
1276 2431 1431 2497 sunt,
1460 2440 1515 2488 et
1551 2431 1878 2505 scripturas

224 2503 493 2576 antiquas
510 2504 661 2573 legis
673 2504 732 2576 in
747 2518 998 2576 graacum
1013 2503 1307 2575 eloquium
1323 2503 1877 2560 transtulerunt.Ha-

225 2574 829 2632 rum'veroomnium
849 2574 1189 2643 linguarum
1211 2577 1350 2631 novi
1369 2576 1722 2631 Testamenti
1738 2582 1879 2631 tem-

223 2646 585 2720 pore,tribus
612 2645 1877 2720 linguis,hebraicaautique,gra3cmetiatinte

221 2717 599 2791 principatus
619 2717 1023 2791 committitur
1048 2735 1063 2787 ;
1089 2718 1230 2791 quia
1252 2719 1312 2773 in
1337 2718 1419 2791 eis
1450 2719 1642 2791 crucis
1668 2718 1879 2773 Christi

228 2788 437 2845 iitulus
460 2788 664 2860 litteris
692 2788 1009 2855 hebraicis,
1042 2789 1249 2860 graecis
1289 2793 1346 2844 et
1380 2790 1574 2844 latinis
1603 2790 1876 2860 scriptus,

231 2859 596 2930 Evangelica
612 2860 957 2915 auctoritate
971 2859 1637 2931 perhibetur(Joan.xrx,
1667 2859 1777 2931 20).
1812 2863 1882 2914 At

233 2948 377 2988 vero
404 2934 557 2987 Deus
584 2932 643 3003 in
667 2932 780 2986 hoc
810 2937 1020 3003 contra
1054 2938 1338 3003 naturam
1374 2932 1621 3003 humani
1662 2931 1881 3003 eloquii

230 3020 421 3086 quam
444 3002 583 3086 oiim
599 3002 911 3086 disposuit,
938 3002 1359 3086 nildividend‘o
1389 3002 1881 3086 etcoufundendo

228 3074 471 3147 linguas
483 3075 795 3130 hominum
811 3081 866 3147 et
877 3090 1183 3130 sermones
1197 3075 1351 3139 fecit;
1365 3074 1609 3145 quando
1623 3075 1880 3147 ejusdem

229 3145 485 3218 loquelas
520 3146 809 3218 naturain
838 3146 1181 3218 hominibus
1212 3150 1541 3218 permanet,
1576 3145 1686 3199 nisi
1718 3145 1883 3215 quod

230 3216 606 3274 consuetudo
620 3216 1107 3273 diversadeviare
1121 3217 1199 3273 ab
1211 3216 1884 3285 alterutrolinguas,non

230 3288 713 3355 naturaliter,sed
732 3288 1255 3344 consuetudinarie
1268 3287 1630 3343 docet.Latin
1642 3304 1707 3341 us
1721 3303 1885 3342 nam-

231 3377 355 3433 que
368 3359 714 3433 velGraacus
732 3361 883 3433 inter
899 3360 1245 3415 Barbaricos
1259 3361 1493 3433 geuitus
1506 3358 1594 3433 vel
1610 3375 1644 3433 n
1657 3358 1881 3433 utritus,

230 3430 546 3488 barbarico
584 3430 847 3503 loquitur
878 3447 892 3497 ;
930 3447 1221 3503 versaque
1250 3431 1375 3486 vice
1400 3430 1637 3486 barbari
1666 3430 1820 3503 filius
1847 3446 1882 3485 a

234 3504 451 3560 Gratcis
465 3506 570 3557 aut
592 3502 810 3557 Latinis
834 3503 1098 3567 edoctus,
1127 3501 1388 3559 venusto
1420 3517 1695 3557 sermone
1719 3501 1899 3561 fatur.

235 3578 318 3631 Ex
340 3590 462 3645 quo
502 3573 845 3642 intelligitur
873 3574 1058 3629 Deum
1114 3590 1232 3629 non
1268 3580 1543 3630 naturam
1582 3574 1898 3628 hominum

239 3652 524 3709 mutasse,
563 3659 682 3700 non
704 3660 926 3700 novum
971 3646 1029 3700 in
1045 3646 1129 3700 eis
1160 3646 1382 3716 aliquid
1400 3645 1759 3708 condidisse,
1794 3647 1897 3699 sed

240 3716 722 3771 dicenditantum
749 3716 963 3772 modos
989 3721 1045 3772 et
1074 3716 1368 3772 formasin
1386 3716 1637 3773 diversis
1674 3716 1899 3784 generi-

239 3788 355 3844 bus
384 3787 679 3843 divisisse.

470 3858 692 3915 CAPUT
731 3861 797 3914 X.
835 3888 901 3899 —-
942 3857 1019 3913 De
1057 3858 1379 3914 Sodomitica
1405 3857 1668 3915 vindicta.

313 3932 524 3997 Magno
571 3929 789 3985 deinde
839 3934 1126 4001 temporis
1180 3929 1485 3985 intervallo
1535 3932 1798 4000 peracto,
1835 3929 1894 3984 in

242 4001 505 4057 conﬁnio
538 4001 767 4074 Arabia
787 4006 845 4074 et
866 4000 1717 4074 Palaestinaequinqueposiim
1761 4000 1896 4074 civi-

238 4077 411 4137 tates,
454 4072 740 4137 Sodoma,
773 4072 1085 4138 Gomorra,
1136 4072 1683 4137 AddmafSeboim,
1718 4077 1772 4127 et
1798 4073 1893 4128 Se-

244 4159 376 4213 gor,
390 4144 922 4201 fecundissimisoli
938 4146 1323 4210 habitatione,
1339 4150 1605 4200 etrerum
1616 4144 1894 4200 omnium

240 4214 618 4287 abundantia
650 4217 1043 4287 perfruentes,
1069 4216 1537 4271 inconvenientis
1567 4215 1817 4287 luxuria:
1839 4220 1894 4271 et

239 4286 539 4356 cupidinis
562 4286 1041 4344 incontractione
1067 4288 1235 4344 tritici
1255 4286 1893 4354 convictaa,dominicm

241 4358 519 4431 vindicta
569 4359 799 4431 aditum
850 4360 1235 4431 praebuerunt
1284 4377 1297 4424 ;
1358 4359 1438 4413 ita
1481 4364 1552 4431 ut_
1596 4358 1892 4431 imbribus

238 4429 402 4502 ignis
425 4435 480 4502 et
511 4430 817 4502 sulphuris
853 4428 1173 4502 superfusa
1202 4435 1325 4486 tota
1363 4445 1498 4485 cum
1540 4428 1893 4502 habitatori-

240 4501 356 4572 bus
380 4501 504 4555 suis
530 4506 585 4555 et
613 4500 1027 4558 animantibus
1048 4508 1103 4557 et
1135 4502 1403 4565 urbibus,
1438 4501 1599 4572 regio
1630 4500 1894 4572 ﬂagrans

240 4571 652 4639 arderet(Gen.
682 4573 825 4642 xix).
852 4574 972 4629 Hoc
986 4588 1251 4644 namque
1274 4572 1456 4628 modo
1479 4571 1892 4638 conveniebat,

240 4648 311 4698 ut
333 4644 439 4714 qui
466 4645 766 4699 communi
791 4646 987 4700 studio
1012 4648 1194 4700 Deum
1214 4644 1607 4709 offenderant,
1626 4658 1895 4699 commu-

242 4715 335 4769 nis
363 4714 637 4787 vindicttr
664 4716 890 4787 impetu
908 4715 1117 4771 eodem
1148 4717 1408 4787 perirent
1437 4733 1448 4770 :
1474 4722 1527 4771 et
1558 4715 1660 4786 qui
1688 4722 1895 4787 contra

237 4786 734 4843 consuetudinem
758 4786 1075 4843 hominum
1101 4786 1160 4842 in
1185 4787 1373 4857 turpis
1394 4786 1894 4857 concupiscentiae

240 4859 683 4929 perpetratione
736 4863 1102 4923 exarserant,
1152 4864 1361 4914 contra
1404 4864 1752 4929 consuetam
1776 4856 1895 4929 sho-

238 4927 474 4984 initium
494 4934 743 4985 mortem
764 4946 883 4985 non
908 4936 1139 4987 terrena
1157 4930 1541 4993 vindicta,sed
1563 4927 1895 4983 ccelestium

236 5000 473 5073 ignium
504 5000 807 5073 infusione
839 5002 1141 5057 arderent:
1168 5007 1223 5056 et
1248 5002 1352 5073 qui
1386 5004 1694 5073 peccatum
1718 5014 1896 5073 suum

239 5068 365 5144 non
390 5071 586 5128 solum
614 5072 907 5139 faciendo,
941 5073 1047 5128 sed
1079 5068 1666 5144 etiam'praedicando
1693 5068 1896 5140 palam

238 5142 523 5207 fecerant,
556 5144 846 5200 infamem
877 5144 1061 5200 vitam
1093 5142 1327 5200 famosa
1358 5158 1540 5214 paena
1579 5156 1891 5197 consume-

240 5221 395 5269 rent.
419 5215 562 5279 Quaa
578 5215 833 5271 vindicta
855 5216 1144 5271 hactenus
1167 5215 1515 5271 eorumdem
1537 5218 1752 5268 terram
1774 5226 1895 5267 non

238 5285 526 5358 deseruit,
558 5286 703 5341 dum
727 5287 887 5358 quali
923 5302 1137 5358 paena,
1170 5287 1273 5357 qui
1307 5286 1445 5358 talia
1472 5292 1655 5356 agunt
1695 5284 1898 5358 subia-

240 5355 483 5420 cebunt,
500 5354 776 5412 ostendit.
803 5354 957 5413 Inter
978 5358 1122 5413 istas
1158 5354 1295 5412 vero
1324 5357 1478 5413 duas
1501 5354 1783 5425 primaria
1803 5354 1896 5409 sin

241 5427 465 5483 saeculo
487 5444 719 5497 pmnas,
741 5428 945 5484 diluvii
963 5429 1252 5484 scilicetet
1272 5428 1745 5490 Sodomitanam,
1767 5426 1897 5481 talis

238 5498 579 5571 differentia
617 5501 1104 5571 deprehenditur,
1153 5500 1314 5571 quod
1362 5514 1522 5570 aqua
1560 5514 1689 5571 una
1722 5502 1894 5561 terra,

239 5570 364 5643 igni
427 5570 612 5643 altera
665 5568 873 5643 punita
930 5568 1245 5627 videatur:
1296 5568 1595 5643 una‘pceii
1638 5585 1791 5633 rore,
1842 5571 1897 5643 et

241 5637 455 5714 abyssi
488 5641 650 5700 unda
668 5637 967 5712 'diluitur;
1010 5643 1193 5700 altera
1240 5643 1417 5713 igneo
1459 5640 1671 5714 imbre,
1702 5646 1757 5714 et
1784 5637 1898 5714 sul-

241 5711 457 5788 phuris
488 5714 904 5789 superfusione
944 5711 1289 5775 damnatur;
1335 5714 1467 5773 Una
1505 5712 1649 5773 anni
1676 5711 1897 5772 circulo

1398 165 1611 221 LIBER
1654 165 1949 223 PRIMUS.
1994 199 2059 207 -—
2101 167 2486 225 APPENDIX.

3503 170 3644 227 2162

1991 292 2586 373 uniuspermanente,
2610 292 2765 347 terra
2780 289 3061 373 retegitur
3078 307 3090 358 ;
3106 306 3211 373 per
3232 291 3474 373 alteram
3491 298 3644 373 terra

1990 369 2046 420 et
2083 364 2282 421 adhuc
2322 364 2654 420 cessatione
2685 368 3055 419 macerctur:
3105 364 3165 419 in
3209 380 3330 421 una
3364 368 3637 423 naturale

1989 436 2181 491 scelus
2203 437 2261 492 in
2288 435 2635 491 hominibus
2667 434 2929 505 punitur,
2949 450 3053 506 per
3083 434 3331 490 alteram
3363 437 3639 491 adiuven—

1990 508 2072 563 tio
2090 507 2588 563 concupiscentiae
2611 512 2815 560 contra
2836 507 3325 561 consuetudinem
3346 506 3503 562 facta
3519 509 3643 563 vin-

1989 579 2251 636 dicatur.
2288 576 2351 633 In
2378 579 2493 633 ista
2532 592 2669 631 vero
2689 576 3087 646 ,Sodomitana
3119 593 3298 647 paena
3325 578 3407 633 nil
3433 584 3641 635 contra

1987 656 2269 706 naturam
2298 653 2449 705 Deus
2476 648 2667 703 facere
2694 648 2971 712 cernitur,
3006 665 3142 702 cum
3170 650 3428 718 desuper
3466 666 3641 705 acreo

1985 723 2172 791 ignito
2186 722 2285 777 illo
2299 719 2734 792 spatio,insoliti
2748 719 3021 792 desiderii
3037 720 3211 774 ardor
3225 720 3636 777 inﬂammatur.

1986 790 2215 849 CAPUT
2256 790 2347 849 XI.
2375 823 2443 831 —
2471 793 2540 846 De
2571 807 2735 845 uxore
2765 790 2900 845 Loth
2915 791 2967 845 in
2983 796 3220 844 statuam
3240 792 3375 845 satis
3406 800 3635 847 mutata.

2060 865 2138 919 De
2184 881 2306 935 qua
2341 862 2946 935 peccatorumhplaga
2986 862 3128 917 Loth
3166 864 3261 917 Dei
3300 879 3501 918 servus
3533 879 3638 933 per

1985 932 2245 1005 Angelos
2270 932 2525 1001 eruitur;
2560 934 2665 988 sed
2686 932 2842 989 illius
2874 948 3022 1005 uxor
3042 948 3117 987 ne
3140 938 3294 988 retro
3324 932 3640 1005 respiceret

1980 1004 2172 1075 jussa,
2227 1007 2373 1062 dum
2412 1005 2668 1077 respicit,
2717 1005 2775 1077 in
2829 1004 2968 1059 salis
3020 1008 3281 1059 statuam
3351 1004 3637 1077 solidatur

1983 1078 2299 1149 (Gen.,x1x,
2338 1082 2417 1142 l7,
2442 1076 2638 1149 26),Aut
2659 1076 2831 1145 cujus
2866 1076 3175 1149 visus_non
3199 1080 3324 1131 erat
3348 1076 3635 1131 immunis

1985 1146 2057 1204 ex
2092 1148 2282 1219 culpa:
2314 1146 2634 1212 consortio,
2672 1150 2920 1219 mortem
2947 1146 3227 1219 effugere
3256 1162 3375 1201 non
3410 1153 3631 1219 posset,

1983 1216 2259 1292 quamvis
2298 1224 2540 1292 propter
2576 1217 2721 1292 justi
2760 1216 3219 1292 contubernium
3252 1216 3425 1273 eruta
3446 1218 3634 1292 sitde

1986 1288 2279 1346 incendio.
2301 1288 2428 1347 Sed
2459 1290 2604 1344 dum
2648 1289 2761 1343 hoc
2792 1288 3253 1358 assumpsimus,
3298 1290 3459 1359 quod
3492 1289 3635 1343 nihil

1983 1362 2043 1417 in
2073 1362 2169 1417 Dei
2188 1366 2460 1417 creatura
2481 1365 2687 1415 contra
2704 1362 2980 1413 naturam
3004 1359 3096 1421 sit,
3112 1359 3215 1413 sed
3239 1359 3412 1414 insita
3426 1366 3636 1416 natura

1983 1449 2221 1504 semper
2258 1433 2318 1488 in
2365 1432 2642 1504 omnibus
2682 1431 3047 1504 gubernetur
3098 1446 3111 1493 ;
3155 1429 3433 1504 qualiter,
3485 1447 3636 1486 uxor

1984 1500 2133 1560 Loth
2151 1520 2288 1560 cum
2316 1504 2375 1559 in
2402 1503 2540 1559 salis
2572 1507 2833 1557 statuam
2868 1501 3126 1567 vertitur,
3155 1500 3404 1555 humani
3430 1516 3634 1568 corpo-

1984 1577 2065 1631 ris
2096 1580 2307 1631 natura
2334 1577 2389 1630 in
2421 1575 2534 1630 hac
2553 1574 2881 1628 mutatione
2914 1572 3281 1641 gubernatur
3304 1571 3332 1624 ‘?
3361 1571 3507 1627 Salis
3530 1572 3635 1641 igi-

1984 1591 2065 1631 ris
2096 1588 2307 1631 natura
2334 1591 2389 1630 in
2422 1588 2881 1630 nacmutauone
2914 1588 3281 1641 gubernatur
3306 1588 3331 1624 r
3361 1588 3543 1627 ballSl
3594 1588 3635 1626 l-

1984 1651 2080 1703 tur
2106 1653 2381 1702 naturam
2414 1647 2473 1701 in
2494 1646 2763 1700 humano
2791 1660 3040 1714 corpore
3070 1658 3197 1697 esse
3224 1642 3425 1697 nullus
3449 1588 3637 1698 811]ἕὶ-

1986 1719 2089 1787 git,
2120 1720 2224 1790 qui
2274 1718 2679 1790 lacrymarum
2724 1715 3136 1790 salsitudiuem
3173 1714 3632 1790 comprobavit;

1984 1785 2121 1862 quae
2142 1785 2189 1845 ἀ
2218 1785 2453 1844 turbato
2483 1788 2634 1854 felle,
2659 1791 2721 1842 ut
2743 1785 3200 1862 inedicidicunt,
3233 1785 3632 1862 egredientes,

1986 1856 2126 1917 s'alis
2177 1866 2475 1923 naturam,
2521 1858 2807 1931 quamaiu
2857 1856 3165 1931 recondito
3222 1861 3450 1931 naturae
3499 1856 3635 1909 sinu

1984 1933 2348 2003 concipiunt,
2380 1931 2453 1986 de
2475 1928 2662 2003 oculis
2703 1928 2974 2003 ﬂuentes,
3000 1928 3180 2003 etiam
3213 1928 3444 2003 saporis
3474 1941 3634 2003 com-

1985 1997 2709 2075 probationeaostendunt.
2753 2002 2818 2055 Et
2861 2014 2981 2075 non
3009 1998 3204 2075 solum
3235 1998 3294 2053 in
3330 1997 3631 2075 lacrymis,

1986 2070 2090 2130 sed
2132 2076 2305 2131 etiam
2349 2074 2407 2128 in
2451 2073 2911 2145 phlegmatetet
2943 2070 3087 2126 tussi
3132 2084 3414 2145 expresso
3455 2073 3633 2145 sputo

1986 2147 2249 2219 pectoris
2267 2140 2512 2216 sapitur,
2541 2140 2704 2219 quod
2748 2142 2888 2197 salis
2920 2145 3136 2196 natura
3161 2155 3267 2211 per
3296 2140 3635 2219 humanum

1985 2210 2205 2289 corpus
2238 2210 2580 2290 inseratur.—
2596 2218 2814 2290 Potens
2845 2228 2985 2281 ergo
3016 2210 3214 2290 rerum
3249 2210 3631 2290 gubernator,

1985 2282 2123 2346 cum
2151 2294 2339 2345 totum
2361 2288 2420 2342 in
2443 2291 2672 2358 partem
2697 2288 2921 2358 vertere
2938 2284 3116 2358 eupit,
3132 2282 3299 2353 quod
3317 2282 3374 2336 in
3398 2282 3636 2358 modica

1986 2367 2155 2433 parte
2194 2353 2583 2429 latebatfper
2625 2362 2815 2433 totum
2865 2354 3144 2433 infundit.
3178 2358 3367 2433 Atque
3411 2353 3527 2433 hac
3561 2367 3634 2407 ex

1984 2423 2191 2496 causa,
2221 2448 2358 2486 cum
2400 2423 2643 2485 uxorem
2682 2426 2827 2482 Loth
2870 2427 2928 2481 in
2961 2432 3216 2480 statuam
3244 2423 3386 2496 salis
3410 2427 3635 2496 vertere

1984 2494 2195 2569 voluit,
2222 2519 2361 2574 pars
2379 2502 2477 2574 illa
2504 2498 2857 2574 tenuissima
2883 2496 3031 2574 salis
3062 2495 3393 2574 quaecarni
3423 2494 3633 2574 inerat,

1986 2566 2423 2644 totumcorpus
2446 2571 2662 2626 iniecit.
2684 2572 2746 2624 Et
2771 2568 2851 2645 ita
2876 2566 3101 2623 factum
3131 2572 3237 2629 est,
3265 2570 3325 2621 ut
3344 2566 3635 2645 quisextp

1986 2646 2082 2701 die
2127 2640 2336 2700 omnes
2376 2651 2620 2700 naturas
2650 2640 3005 2695 constituere
3054 2640 3521 2701 consummavit,
3557 2640 3641 2689 nie-

1986 2717 2069 2772 hil
2090 2731 2161 2771 ex
2191 2716 2393 2788 aliqua
2422 2719 2635 2788 natura
2659 2713 2719 2767 in
2743 2711 2926 2788 aliam
2952 2708 3278 2788 congessit,
3302 2708 3407 2788 sed
3427 2723 3646 2788 unam-

1988 2778 2306 2869 quamque
2324 2788 2382 2842 in
2409 2786 2730 2869 semetipsa
2755 2778 3095 2869 gubernat;
3117 2795 3303 2851 quam
3337 2780 3396 2833 in
3446 2778 3648 2849 prima

1988 2854 2329 2915 conditione
2369 2854 2791 2912 constituebat.

1990 2931 2213 2986 CAPUT
2234 2931 2337 2985 Xll.
2369 2958 2435 2969 —
2467 2931 2541 2981 De
2578 2927 2743 2999 Sara
2764 2921 3145 2999 nonagenaria
3169 2918 3645 2999 pariente/ilium.

2065 3001 2283 3055 Eodem
2300 3000 2416 3053 fere
2436 3002 2696 3067 tempore
2716 2989 2969 3067 Abrahae
3000 2989 3247 3067 iiliusex
3272 2989 3651 3067 multitudine

1991 3072 2255 3137 gentium
2292 3072 2347 3123 in
2372 3070 2469 3122 Dei
2503 3062 2833 3121 amicitiam
2866 3065 3057 3128 electi,
3086 3063 3235 3117 Sara
3264 3062 3475 3137 sterilis
3500 3076 3651 3137 uxor

1990 3133 2204 3205 filium,
2257 3141 2421 3195 Isaac
2462 3139 2722 3200 nomine,
2771 3138 2902 3207 jam
2962 3136 3374 3203 nonagenaria
3425 3133 3656 3203 peperit

1994 3214 2152 3285 (Gen.
2180 3228 2299 3277 xxi,
2334 3214 2383 3277 l,
2408 3210 2485 3285 ‘2)_,
2510 3206 2838 3285 cumillain
2862 3221 3055 3285 usque
3070 3210 3306 3285 aetatem
3338 3218 3443 3285 per
3464 3206 3651 3257 totum

1992 3273 2127 3340 vitai
2163 3273 2593 3353 sum'spatiuma
2615 3278 2828 3353 steriiis
2857 3273 2983 3332 fuit.
3011 3275 3125 3331 Sed
3148 3275 3265 3353 hoc
3292 3273 3468 3353 valde
3494 3288 3651 3353 Icon-

1992 3355 2287 3419 veniebat,
2320 3342 2382 3410 ut
2412 3352 2702 3425 quoniam
2743 3349 2898 3425 filius
2927 3342 3529 3425 quem_parturiebat,
3570 3342 3655 3425 ip-

1997 3444 2127 3483 sam
2158 3414 2412 3495 figu'ram
2432 3414 2676 3495 'Christi,
2709 3422 2833 3495 quia
2860 3435 2933 3475 ex
2948 3414 3349 3495 'sola_Yirgine
3392 3414 3517 3468 sine
3542 3414 3652 3495 ali-

2012 3515 2134 3571 qua
2202 3488 2485 3571 humanae
2550 3488 2870 3571 voluptatis
2935 3488 3651 3571 cupidine-aasaeretur,

2010 3558 2267 3641 praetulit
2304 3588 2319 3639 ;
2352 3568 2520 3641 illum
2550 3580 2671 3641 non
2698 3558 2872 3641 aetate
2909 3558 3032 3632 qua
3070 3559 3260 3614 solent
3291 3558 3654 3641 feininmlpa-

2007 3627 2157 3707 rere,
2190 3641 2249 3695 id
2280 3627 2387 3703 e'st,
2418 3654 2453 3693 a
2487 3636 2848 3692 duodecimo
2878 3627 3039 3707 anno
3072 3644 3263 3707 usque
3292 3627 3368 3683 ad
3390 3627 3655 3707 quadra-

2008 3700 2301 3779 gesimum
2321 3700 2547 3765 nonum
2572 3722 2819 3773 annum,
2850 3704 2956 3759 sed
2983 3703 3135 3779 ultra
3161 3700 3322 3779 iiiius
3341 3701 3657 3779 cgnsuetu-

2006 3768 2165 3839 diuis
2200 3787 2388 3837 metas
2419 3779 2736 3852 parturiret
2770 3793 2781 3832 :
2809 3768 2893 3852 "ut
2929 3774 3151 3830 scilicet
3182 3772 3273 3826 ille
3310 3768 3508 3852 infans
3538 3782 3659 3852 non

2006 3855 2200 3912 solum
2243 3852 2392 3909 ultra
2423 3841 3008 3923 quinquagesimum
3051 3860 3302 3923 annum,
3347 3841 3658 3896 desinente

2004 3918 2588 3999 partusofficiofsed
2611 3918 2816 3999 etiam.
2842 3918 3422 3999 nonagesimonaano
3453 3926 3659 3967 nasce-

2003 3986 2507 4061 retur,desinente
2531 3990 2850 4061 voluptatis
2876 3988 3194 4045 desiderio.
3222 3989 3284 4061 Et
3315 3986 3426 4040 hoc
3447 3999 3660 4055 quam-

2000 4071 2091 4126 vis
2107 4057 2310 4126 contra
2323 4057 2962 4128 consuetudinem,non
2976 4065 3175 4117 tamen
3190 4057 3658 4128 adversusnatu-

2003 4158 2131 4198 ram
2148 4142 2365 4197 factum
2382 4145 2489 4196 est:
2506 4137 2796 4209 quoniam
2810 4126 2922 4188 etsi
2938 4138 3145 4187 contra
3159 4126 3658 4209 consuetudinem

2004 4220 2095 4270 est
2127 4217 2191 4268 ut
2220 4212 2413 4282 pariat
2442 4204 2624 4282 auus,
2659 4207 2952 4282 adversus
2976 4209 3185 4282 tamen
3226 4204 3659 4282 naturaur‘non

2003 4266 2093 4341 est
2121 4266 2183 4337 ut
2207 4266 2465 4338 inutero
2490 4266 2752 4351 feminali
2782 4279 3064 4330 nascatur
3094 4270 3461 4351 quandoque
3479 4266 3659 4351 filius.

2018 4340 2253 4414 CAPUT
2284 4355 2415 4409 Xlll.
2461 4382 2526 4391 —
2572 4350 2651 4405 De
2700 4354 3065 4487 puteiﬁlguem
3112 4340 3256 4396 bidit
3294 4340 3448 4409 Agar
3495 4340 3660 4408 ejecta

2689 4435 2807 4473 cum
2898 4434 2969 4470 ιο.

2689 4435 2807 4473 cum
2837 4434 2969 4473 ηιιο.

2078 4498 2207 4561 Quo
2235 4495 2515 4549 nascente
2528 4490 2652 4546 ﬁlio
2674 4480 3063 4561 etabiactato,
3097 4480 3314 4561 ancilla
3340 4482 3497 4561 agar
3517 4492 3655 4532 cum

2002 4555 2128 4622 ﬁlio
2160 4581 2269 4621 suo
2313 4561 2669 4634 Ismae1_qui
2706 4560 2866 4630 prior
2914 4560 3090 4634 natus
3116 4556 3202 4634 est
3240 4555 3489 4634 eiicitur,
3518 4564 3655 4620 quae

2001 4654 2109 4710 per
2136 4636 2433 4710 desertum
2454 4626 2971 4710 deficienteaqua!
3001 4630 3056 4710 et
3086 4626 3176 4679 siti
3203 4626 3653 4710 morientecum

2005 4695 2192 4781 puero
2231 4706 2456 4781 vadens
2488 4695 2879 4781 lacrymatur'.‘
2928 4697 3043 4781 Sed
3085 4695 3299 4777 angelo
3329 4708 3463 4748 eam
3490 4708 3655 4781 coam.-

2002 4770 2262 4852 pellante
2290 4782 2345 4833 et
2367 4770 2631 4852 dicente,
2653 4771 2959 4852 Exaudiait
2984 4770 3242 4852 Dominus
3258 4770 3654 4852 .voceui‘pu‘ari,

2004 4835 2189 4918 aperti
2216 4855 2355 4904 sunt
2380 4847 2529 4903 oculi
2552 4835 2700 4915 ejus,
2734 4851 2787 4901 et
2810 4844 2954 4899 vidit
2986 4835 3655 4918 puteum_in-solitu‘dine

2003 4908 2157 4995 (Gen.
2188 4938 2307 4986 XXI,
2342 4922 2523 4989 9-19).
2561 4908 2638 4995 De
2684 4908 2806 4995 quo
2836 4908 3017 4988 puteo
3048 4908 3528 4995 ita‘refertur,‘ut
3555 4910 3657 4995 aut

2005 4975 2156 5051 tunc
2187 4975 2513 5064 erumpens
2558 4990 2684 5060 jam
2704 4975 2764 5043 ’θ
2794 4975 2946 5064 terra
2987 4982 3300 5064 prodatur,
3353 4982 3456 5033 aut
3486 4975 3659 5064 si

2004 5071 2141 5122 ante
2164 5051 2526 5127 fueritftunc
2553 5051 2709 5129 Agar
2734 5059 2913 5122 oculi,
2938 5051 3005 5112 ut
3030 5055 3273 5116 videret,
3307 5064 3488 5121 quem
3524 5051 3660 5101 ante

2003 5153 2124 5193 non
2145 5138 2379 5204 poterat
2406 5132 2767 5205 aperiantur.
3056 5196 3098 5205 η
3192 5194 3203 5205 _
3371 5190 3385 5205 ,
3408 5196 3420 5205 ,
3472 5187 3508 5205 ,.

2005 5187 2389 5265 ξᾸΪδῦῗδζ-Νζ
2410 5187 2506 5244 "-r—
2529 5204 2605 5258 De
2640 5203 3002 5341 arietielgaem
3026 5194 3306 5250 Abraham
3336 5187 3529 5246 obtulit
3558 5203 3662 5259 pro

2798 5310 2799 5313 η
2828 5288 2898 5324 20.

2798 5288 2898 5324 UO.

2079 5351 2147 5405 Ut
2168 5352 2367 5403 autem
2390 5346 2705 5416 appareret
2730 5329 2908 5397 etiam
2936 5329 3665 5416 hominibusquam‘tide-

2004 5401 2333 5477 lis—innDei
2383 5401 2642 5472 amicitia
2692 5414 3067 5485 parmaneret
3119 5401 3661 5485 Abraham,f_i_li.u.m

2002 5474 2183 5547 suum
2219 5494 2384 5545 Isaac
2409 5503 2547 5544 cum
2577 5474 2729 5541 esset
2750 5484 2878 5554 jam
2910 5480 3170 5556 adultus,
3204 5474 3563 5556 of’f‘erre_sibi
3592 5474 3655 5529 in

2005 5564 2426 5620 holocaustum
2448 5573 2627 5630 super
2640 5572 2825 5630 unum
2849 5554 3169 5630 montium,
3189 5564 3369 5621 quem
3392 5554 3443 5630 ei
3458 5561 3637 5630 rnons

2008 5617 2285 5701 t—i-averat,
2318 5632 2474 5687 Deus
2511 5617 2811 5702 praecepit.
2848 5624 2963 5702 Qui
2996 5617 3306 5702 obediens,
3337 5620 3411 5702 ad
3456 5617 3660 5673 locum

2005 5691 2190 5783 quem
2229 5691 2573 5764 ostenderat
2602 5702 2655 5761 ei
2686 5691 3009 5767 Deus,icito
3038 5691 3319 5768 perrexit,
3358 5692 3416 5749 et
3454 5702 3660 5761 assup—
