4120 6202
307 187 452 242 2165

298 312 505 368 sertim
519 327 654 394 cum
673 313 752 371 ad
768 316 968 394 nullgs
982 333 1145 394 usus,
1166 318 1280 374 nisi
1298 320 1376 376 ad
1388 322 1542 393 signi
1554 326 1951 381 ostensionem

296 390 641 441 necessaria
689 392 869 443 esset.
906 390 966 466 Si
1010 392 1173 466 enim
1203 408 1381 447 verus
1427 390 1670 466 serpens
1720 396 1946 460 fuisset,

297 471 544 537 serpens
573 474 810 537 semper
840 464 986 537 post
1004 462 1181 537 signa
1221 472 1501 521 maneret.
1523 462 1767 524 'Etenim
1814 484 1951 524 vera

295 528 465 607 virga
495 528 687 584 fuerat
708 528 790 585 ex
818 528 940 603 qua
971 528 1203 604 Mojfses
1242 537 1555 607 [Egyptum
1607 539 1798 606 plagis
1848 540 1949 594 ila-

293 600 516 669 gellare
547 607 804 681 coeperat
836 600 856 668 ξ
889 600 1295 681 nunquamiiu
1316 600 1664 680 serpentem
1699 600 1944 674 mutata,

292 687 533 749 semper
563 680 723 749 virga
745 680 1286 749 permanseraLDe
1316 695 1438 749 qua
1469 697 1632 735 mare
1663 682 1947 736 dividitur

289 743 493 823 (Exod.
525 759 641 823 xiv,
664 745 873 823 I2t),_et
894 753 1076 823 petra}
1100 748 1159 802 in
1182 743 1414 806 Oreb'et
1446 751 1502 806 in
1528 751 1717 808 Cades
1741 770 1946 823 percu-

297 815 522 895 tiuntur
559 814 745 887 (Ibid.,
786 816 868 895 ῃ,
892 814 926 869 6
958 834 972 881 ;
1008 819 1173 895 Nam.
1206 836 1302 886 xx,
1333 824 1443 891 ll).
1474 825 1527 879 Si
1563 839 1703 892 ergo
1727 814 1946 894 imagi-

291 887 497 941 narius
512 901 759 962 serpens
784 887 877 942 ille
906 892 1196 962 persigna
1218 887 1450 948 tantum
1470 887 1820 962 ostenditur,
1840 887 1945 950 cur

289 973 496 1038 coram
510 958 815 1038 Pharaene
829 958 1017 1038 caeteri
1034 958 1670 1038 magorumserpentes
1684 983 1789 1038 per
1804 958 1943 1022 eum

289 1029 656 1110 devorantur
706 1030 901 1110 (Exod.
946 1040 1044 1096 vn,
1077 1029 1164 1102 l2)
1196 1036 1224 1091 ?
1268 1036 1369 1110 Cui
1413 1029 1732 1107 objectioni
1772 1038 1942 1094 facile

287 1100 446 1181 doeti
470 1100 831 1181 respondere
861 1100 1161 1181 poterunt,
1194 1107 1359 1181 quod
1390 1100 1591 1181 etipsi
1623 1116 1940 1180 serpentes,

289 1173 400 1246 qui
419 1187 522 1246 per
535 1173 1082 1246 eumdevorantur,
1102 1173 1437 1246 imaginarii
1453 1173 1684 1235 fuerunt
1701 1173 1788 1246 {et
1806 1173 1940 1237 ideo

284 1243 467 1298 divini
500 1243 652 1312 signi
682 1243 1031 1322 imaginatio
1056 1243 1344 1322 devorare
1391 1256 1618 1320 poterat
1641 1243 1805 1322 quod
1838 1268 1941 1322 per

289 1330 606 1392 magorum
667 1315 997 1392 diabolicas
1056 1315 1490 1392 incantationes
1540 1315 1937 1392 imaginatum

284 1385 487 1441 ﬁebat.
514 1388 691 1441 Juxta
707 1402 849 1456 ergo
870 1390 1026 1444 hanc
1052 1390 1512 1447 aestimationem
1542 1385 1740 1448 nonin
1764 1400 1938 1450 natu-

282 1473 428 1538 ram
452 1459 739 1538 serpentis
775 1460 943 1538 virga
983 1462 1246 1538 vertitus,
1280 1462 1385 1517 sed
1427 1480 1534 1535 pro
1566 1465 1734 1538 signo
1774 1466 1831 1520 in
1866 1467 1939 1522 si-

284 1528 679 1609 militudinem
715 1530 1064 1609 imaginarie
1086 1528 1512 1590 commutatur.
1535 1528 1683 1591 Nihil
1703 1537 1863 1609 enim
1879 1540 1937 1593 in

283 1600 513 1656 arboris
543 1606 775 1678 natura,
803 1604 966 1678 quod
990 1604 1181 1678 facere
1204 1613 1537 1677 serpentem
1567 1608 1757 1678 possit
1782 1610 1938 1663 inve-

283 1677 447 1752 nitur
471 1688 483 1725 :
506 1677 569 1752 ‘et
598 1672 956 1730 idcirco’nisi
996 1676 1056 1730 in
1082 1676 1228 1752 hora
1263 1672 1435 1752 signi,
1469 1672 1605 1750 quae
1625 1687 1747 1736 erat
1770 1681 1937 1751 virga

280 1743 648 1815 naturaliter,
679 1760 923 1814 serpens
953 1748 1285 1815 specialiter
1316 1743 1550 1804 videtur
1582 1752 1622 1804 ¹.

385 1813 611 1869 CAPUT
632 1813 816 1891 XVIII.
841 1847 920 1891 Α-
952 1813 1025 1873 De
1056 1836 1195 1889 aqua
1226 1820 1286 1873 in
1314 1822 1627 1891 sanguinem
1657 1837 1832 1878 versa.

354 1887 811 1963 Pergensigitur
838 1888 895 1943 in
930 1887 1249 1963 Egyptum
1284 1887 1532 1963 Moyses,
1560 1909 1696 1948 cum
1729 1909 1935 1948 coram

280 1956 785 2037 Pharaoneutsibi
802 1956 1166 2037 Domi_nn'si_r_u
1178 1956 1684 2037 peraverat,signa
1698 1964 1932 2037 faceret,

276 2035 337 2081 et
357 2029 453 2082 Dei
478 2030 852 2105 sententiam,
870 2037 932 2085 ut
954 2029 1333 2089 Israeliticum
1359 2029 1654 2105 populum
1677 2035 1936 2090 dimitte-

283 2106 390 2163 ret,
410 2101 550 2176 _regi
587 2100 886 2176 indicaret,
935 2110 989 2176 et
1015 2105 1140 2173 ipse
1177 2120 1279 2160 rex
1311 2100 1410 2161 Dei
1442 2100 1740 2176 praecepto
1770 2107 1934 2162 nullo

279 2170 466 2226 modo
495 2170 1205 2248 cqusentiretmtjubente
1234 2170 1487 2232 Domino
1504 2170 1712 2233 decem
1744 2178 1934 2248 plagis

280 2248 500 2323 terram
519 2243 753 2323 {Egypti
776 2244 1099 2323 ﬂagellaret
1125 2264 1138 2312 ;
1168 2248 1364 2317 primo
1393 2265 1703 2319 percussas
1725 2243 1785 2303 in
1804 2243 1935 2305 san-

276 2316 521 2392 g_uinem
557 2316 956 2392 vertitaquas,
985 2318 1066 2373 ita
1083 2316 1379 2392 utomnes
1394 2316 1585 2392 aquae
1620 2336 1723 2389 per
1745 2326 1933 2376 totam

277 2388 599 2467 {Egyptum
619 2393 859 2467 mutatae
882 2389 939 2467 in
953 2390 1338 2457 sanguinem;
1369 2388 1933 2467 anituaniibusquaa

276 2462 498 2537 inrip‘sis
526 2462 714 2537 erant,
746 2465 997 2537 mortem
1021 2468 1389 2537 praestarent,
1420 2469 1475 2537 et
1504 2479 1607 2533 per
1622 2462 1931 2537 _igterit’um

277 2528 757 2605 sitishominibus
791 2528 1035 2600 pcenale'
1053 2532 1312 2605 facerent
1328 2528 1586 2605 exitium
1610 2534 1808 2605 (Exod.
1835 2551 1929 2599 v11,

275 2603 363 2663 20,
393 2600 506 2670 2'1).
535 2603 665 2655 [-1th
687 2607 885 2657 autem
915 2603 1188 2673 primitus
1206 2604 1463 2661 vindicta
1479 2600 1760 2676 Egy'ptiis
1792 2622 1930 2660 cum

273 2686 412 2748 rege
433 2688 544 2748 suo
572 2675 995 2748 convenienter
1024 2682 1324 2740 evenerat,
1357 2684 1417 2731 ut
1445 2680 1549 2747 qui
1588 2675 1692 2732 Dei
1724 2676 1931 2748 populi

270 2742 527 2819 i_nfan_te_s
576 2744 633 2797 in
676 2743 900 2819 flumen
935 2746 1147 2819 jactari
1196 2742 1625 2818 praeceperant,
1660 2742 1929 2819 ejusdem

270 2813 536 2868 ﬂuminis
566 2830 725 2885 aqua
755 2815 813 2869 in
854 2813 1212 2884 sanguinem
1242 2813 1413 2875 versa
1443 2813 1931 2875 exitium'biben-

274 2885 431 2939 tibus
462 2885 723 2960 inferret,
747 2894 933 2942 etnon
952 2889 1298 2943 bibentibus
1324 2906 1568 2960 pcenam
1596 2895 1923 2960 praestaret.

270 2960 345 3011 At
369 2972 511 3032 vero
531 2962 587 3011 et
617 2958 1177 3032 hoc_requirendum
1200 2966 1306 3027 est,
1326 2958 1490 3032 quod
1516 2958 1929 3031 adprassentis

269 3027 467 3103 operis
502 3027 1159 3103 propositumrespicit,
1186 3027 1494 3103 quomodo
1528 3027 1677 3088 Deus
1700 3036 1929 3087 naturas

264 3100 632 3173 gubernator
666 3100 1017 3173 naturaliter
1050 3100 1272 3173 aquam
1305 3105 1363 3158 in
1408 3105 1762 3173 sanguinem
1800 3120 1927 3158 mu-

263 3171 430 3251 tavit.
459 3172 630 3241 Aqua
662 3172 836 3239 igitur
859 3171 1324 3251 cunctili‘quo‘ris
1357 3171 1631 3251 materia,
1658 3176 1927 3245 quotidie

268 3257 375 3313 per
399 3246 668 3313 ipsarum
702 3258 900 3299 rerum
937 3246 1403 3301 ministrationes
1432 3247 1491 3301 in
1518 3246 1712 3301 divers
1742 3263 1777 3301 a
1799 3262 1929 3302 mu-

266 3313 627 3389 tat_ur,_dum
674 3314 770 3389 ad_
804 3317 1273 3389 uniuscujusque
1316 3324 1542 3373 natum
1579 3325 1820 3388 pastum
1873 3322 1928 3373 et

264 3384 651 3439 refectionem
676 3384 1072 3443 indesinenter
1087 3384 1506 3445 etiiaturaliter
1532 3384 1922 3445 contrahitur.

269 3458 418 3511 Cum
461 3458 621 3510 enim
670 3473 773 3526 per
812 3459 944 3513 vitis
986 3460 1263 3515 arborem
1315 3461 1666 3525 infunditur,
1708 3461 1767 3514 in
1808 3460 1925 3514 vini

268 3543 549 3600 saporem
574 3528 900 3584 etcolorem
930 3535 1294 3586 mutaturzet
1318 3550 1450 3587 cum
1477 3533 1644 3588 olivas
1670 3532 1815 3600 ligni
1840 3532 1917 3585 ad

264 3598 535 3675 excelsas
562 3602 936 3675 summitates
949 3602 1236 3675 ascendit,
1254 3604 1461 3658 eadem
1493 3620 1652 3675 aqua
1665 3598 1776 3657 olei
1794 3603 1920 3673 pin-

264 3670 802 3744 g_uedinem__facit:
832 3679 885 3726 et
911 3688 1049 3728 cum
1074 3674 1150 3729 ab
1174 3675 1388 3744 apibus
1414 3676 1472 3729 in
1501 3670 1667 3729 favos
1699 3670 1919 3744 conge-

268 3742 437 3805 ritur,
464 3740 655 3816 mellis
682 3741 1061 3816 dulcedinem
1085 3740 1366 3816 operatur
1391 3762 1402 3798 :
1433 3751 1491 3800 et
1517 3762 1655 3800 cum
1675 3761 1777 3816 per
1794 3740 1918 3815 pal-

266 3828 505 3892 marum
546 3813 762 3893 robora
811 3813 1438 3893 digeritur,'dactylo_s
1486 3813 1693 3887 gignit,
1722 3813 1810 3893 _et_
1839 3816 1919 3893 ad

268 3888 476 3959 Sicera;
496 3888 849 3959 suavitatem
881 3902 1162 3956 expressa
1179 3889 1471 3959 pervenit:
1488 3895 1694 3943 etcum
1718 3888 1777 3942 in
1792 3888 1917 3943 ani-

266 3954 901 4031 maliumdiversorum
918 3954 1157 4029 pastum
1169 3954 1509 4031 deputatur,
1528 3960 1586 4015 in
1603 3959 1918 4029 sanguinis

269 4026 607 4081 subtantias
624 4027 892 4083 diversas
908 4026 1012 4099 per
1038 4026 1316 4086 eamdem
1341 4046 1579 4085 carnem
1611 4026 1920 4099 distingui-

270 4107 382 4153 tur.
400 4100 552 4153 Nam
573 4100 969 4155 etnutriendis
986 4101 1218 4165 fetibus,
1244 4102 1361 4157 albi
1386 4102 1600 4157 coloris
1613 4107 1670 4157 et
1692 4103 1921 4157 suavis-

267 4169 437 4226 sima
468 4170 805 4245 dulcedinis
829 4173 898 4245 in
920 4173 1676 4245 uberibuslac'praeparat,
1718 4178 1775 4228 et
1818 4188 1921 4243 per

260 4241 728 4313 cunctareliquae
742 4243 936 4298 carnis
954 4244 1218 4299 membra
1246 4241 1648 4300 rubicundum
1682 4241 1921 4313 sangui-

268 4312 365 4366 nis
397 4312 654 4368 colorem
702 4313 907 4369 fuscat.
943 4316 1120 4371 Multa
1147 4322 1281 4371 sunt
1306 4323 1587 4387 praeterea
1610 4312 1921 4387 sanguinis

266 4398 491 4458 genera
522 4400 625 4458 per
654 4387 932 4458 eamdem
957 4403 1225 4450 carnem,
1252 4385 1382 4458 quae
1403 4404 1589 4458 usque
1604 4388 1680 4442 ad
1714 4385 1922 4455 viginti

269 4457 381 4509 tria
434 4454 773 4530 physiologi
825 4456 1226 4523 dinumerant,
1269 4454 1341 4514 ex
1389 4454 1610 4530 quibus
1664 4459 1919 4522 urinam,

268 4541 499 4589 semen,
520 4526 595 4580 fel
620 4527 856 4602 nigrum
873 4535 926 4583 et
944 4530 1165 4602 rufum,
1191 4526 1492 4585 salivas—et
1520 4531 1837 4602 Iacrymas,
1856 4534 1923 4602 et

267 4602 644 4673 caeteraesse
665 4598 1021 4655 denuntiant
1054 4621 1066 4660 :
1092 4600 1216 4656 hinc
1248 4602 1614 4673 quotidianis
1639 4598 1923 4657 adminis-

271 4667 630 4745 tralienibus
657 4674 887 4726 natura:
916 4688 1037 4745 sua:
1066 4689 1172 4743 per
1203 4667 1293 4727 res
1310 4673 1509 4745 varias
1531 4690 1688 4745 aqua
1706 4688 1922 4745 prazpa:

268 4743 381 4793 rat.
416 4739 569 4811 Quid
590 4755 732 4809 ergo
764 4739 1088 4809 capacibus
1117 4745 1416 4799 mentibus
1446 4739 1663 4811 obstat,
1697 4739 1743 4799 si
1775 4739 1924 4801 illud

267 4810 432 4881 quod
451 4826 554 4881 per
571 4817 806 4886 tempus
843 4813 1249 4885 longiusfacit.
1275 4817 1330 4870 in
1352 4822 1655 4871 momento
1686 4816 1924 4886 perjus-

267 4898 404 4936 sum
422 4884 804 4953 potentissimi
820 4884 1240 4941 Gubernatoris
1255 4888 1601 4942 naturaliter
1612 4884 1925 4942 efficiatur?

266 4959 439 5027 {aqua
454 4955 669 5027 ergoin
684 4957 1040 5027 sanguinem
1065 4973 1255 5021 versa,
1288 4974 1405 5013 non
1426 4965 1629 5014 contra
1648 4964 1925 5013 naturam

268 5024 430 5100 faeit,
466 5026 567 5079 sed
610 5027 775 5100 quod
804 5024 953 5082 valiis
1002 5030 1177 5084 rebus
1230 5046 1333 5100 per
1362 5036 1598 5097 tempus
1642 5028 1920 5098 efﬁceret,

257 5095 797 5171 jubentepo'mino
829 5100 885 5153 in
917 5095 1241 5171 semetipsa
1256 5095 1528 5169 protinus
1552 5105 1851 5169 operatur.

342 5168 570 5242 QAPUT
605 5170 735 5242 XIX.
771 5201 837 5209 —
880 5171 959 5225 De
1000 5168 1213 5227 caneris
1240 5168 1413 5241 plagis
1438 5168 1847 5242 ngypn'orum.

339 5238 419 5293 De
448 5240 677 5294 caeteris
700 5257 837 5296 vero
866 5242 1057 5312 plagis
1085 5238 1302 5313 quibus
1318 5243 1467 5296 Deus
1491 5238 1591 5311 per
1614 5243 1855 5313 Moysen
1877 5244 1932 5295 et

270 5311 504 5385 Moyses
522 5317 851 5385 perAai-on,
871 5311 1253 5369 Pharaonem
1280 5320 1332 5368 et
1362 5320 1578 5369 terram
1603 5311 1730 5385 ejus
1744 5319 1931 5367 etser-

269 5397 377 5436 vos
410 5383 541 5449 ejus
573 5384 986 5451 castigaverat,
1028 5385 1105 5439 nil
1162 5387 1485 5440 excessisse
1518 5383 1801 5439 terminos
1832 5399 1933 5439 na-

269 5452 603 5525 t_urte,ipsa
640 5454 953 5525 plagarum
986 5456 1239 5525 simplex
1274 5457 1534 5511 narratio
1570 5458 1930 5510 manifestat.

267 5522 569 5597 Quoniam
602 5526 708 5579 etsi
739 5522 876 5581 tunc
908 5528 1079 5582 solito
1112 5522 1330 5597 plures,
1364 5544 1599 5597 semper
1632 5533 1829 5581 tamen
1860 5525 1934 5581 de

266 5596 443 5666 aquis
457 5610 621 5650 ranae
649 5603 1079 5664 nascuntur;et
1109 5598 1408 5669 sciniphes
1430 5598 1651 5653 aestatis
1669 5604 1935 5668 tempore

330 5747 344 5779 ι
377 5745 477 5795 Ms.
508 5746 671 5807 Aud.,
699 5748 850 5812 virga
882 5748 1172 5814 specialiter
1213 5762 1414 5811 semper
1442 5748 1665 5800 videtur.
1705 5747 1939 5813 Optime.

1446 199 1665 255 LIBER
1706 198 2007 255 PRIMUS.
2052 230 2114 238 -—
2158 198 2547 255 APPENDIX.

3581 209 3721 263 2166

2063 322 2259 395 calore
2286 323 2426 379 solis
2443 324 2517 379 de
2544 323 2785 395 pulvere
2815 324 3088 380 oriuntur
3120 341 3132 387 :
3164 322 3402 384 locustae
3427 334 3717 390 etmuscae

2061 394 2456 474 solisfervore
2494 396 2765 474 solidataa
2797 397 3493 474 undiqueuconveniunt,
3545 406 3720 474 etju-

2060 473 2263 522 menta
2292 467 2538 521 diversis
2570 468 2767 522 causis
2796 467 2984 523 morte
3010 468 3181 524 solita
3212 471 3344 525 vitae
3372 467 3494 528 suaé
3523 467 3717 531 termi-

2058 553 2203 592 num
2227 543 2539 609 peragunt;
2578 538 2775 609 pulvis
2794 556 3035 611 quoque
3057 542 3445 596 conturbatus
3469 544 3541 598 de
3562 551 3716 603 terra

2059 626 2217 686 saepe
2244 626 2441 686 aerem
2467 625 2742 686 serenum
2761 612 3058 686 obscurat,
3084 614 3405 686 etvesicas,
3437 620 3491 669 et
3509 622 3713 686 postea

2060 680 2255 735 ulcera
2288 680 2349 734 in
2376 681 2725 736 hominibus
2752 688 2804 753 et
2842 681 3127 752 jumentis
3153 685 3379 738 infectis
3411 680 3522 740 aer'
3542 702 3715 753 gene-

2054 759 2167 825 rat.
2201 753 2439 807 Grando
2466 753 2647 825 etiam
2680 760 2735 807 et
2788 752 3020 824 fulgura
3068 758 3141 808 de
3171 752 3623 825 congelantibus
3657 764 3713 816 et

2054 823 2434 878 vehementer
2451 824 2698 879 turbatis
2714 823 2975 879 nubibus
2991 831 3191 888 ruunt,
3208 832 3262 880 et
3278 823 3709 886 absentialucis

2052 895 2364 969 oculorum
2381 895 2640 969 obtutus.
2660 902 3148 967 quantocumque
3164 898 3261 951 lux
3280 900 3535 969 recessit,
3557 908 3709 957 tene-

2052 965 2173 1021 bras
2202 966 2334 1039 plus
2367 965 2758 1039 praepediunt.
2794 970 2941 1022 Mors
2966 965 3206 1039 quoque
3238 972 3295 1021 in
3322 965 3709 1027 Adam'semi-

2051 1043 2191 1092 nata
2224 1038 3001 1113 primitus,_omnibusfiliis
3030 1038 3158 1113 ejus
3201 1040 3570 1113 dominatur,
3601 1060 3707 1113 per

2049 1125 2231 1180 quam
2260 1115 2396 1164 tunc
2418 1110 2476 1163 in
2492 1110 2740 1179 [Egypto
2762 1111 3160 1180 primogenita
3190 1112 3423 1166 soboles
3450 1110 3701 1168 cuncto-

2048 1196 2183 1234 rum
2217 1181 2434 1235 arctius
2458 1180 2795 1236 damnatur.
2826 1181 2936 1236 Sed
2963 1183 3242 1251 quamvis
3270 1183 3396 1237 haac
3424 1185 3705 1239 omniain

2048 1267 2248 1305 rerum
2279 1253 2506 1323 naturis
2528 1252 2703 1307 insita
2723 1257 2907 1313 erant,
2938 1253 3230 1323 .Egyptiis
3252 1258 3452 1309 tamen
3486 1255 3705 1323 plagali

2048 1322 2411 1387 conditione,
2439 1322 2516 1376 ad
2540 1338 2745 1377 eorum
2771 1322 3083 1392 perfidiam
3103 1322 3631 1394 compescendam,
3648 1335 3701 1382 et

2048 1394 2261 1458 subito,
2296 1400 2352 1469 est
2378 1393 2511 1469 plus
2534 1395 2705 1469 solito
2732 1394 3096 1469 acciderunt.
3123 1393 3384 1469 Quarum
3409 1398 3557 1452 ordo
3581 1399 3705 1469 pla—

2047 1480 2263 1533 garum
2291 1466 2441 1519 sicut
2463 1465 2522 1519 in
2536 1464 2867 1519 differentia
2882 1481 3099 1528 rerum,
3126 1467 3273 1521 itaet
3296 1464 3703 1525 ministrorum

2047 1537 2245 1591 crevit.
2285 1537 2491 1611 Primae
2524 1552 2890 1611 namque‘ex
2924 1536 3205 1611 emnibus
3235 1543 3347 1592 tres
3381 1538 3573 1608 plagae
3600 1557 3705 1611 per

2048 1612 2243 1662 Aaron
2292 1606 2645 1662 efficiuntur.
2692 1606 2813 1671 “Qui
2855 1606 3052 1677 primo
3115 1624 3251 1662 cum
3314 1606 3705 1678 percussisset

2045 1695 2291 1751 aquam,
2317 1679 2374 1733 in
2390 1680 2747 1747 sanguinem
2760 1679 2957 1751 statim
2980 1680 3238 1733 vertitur.
3258 1682 3317 1733 Et
3332 1696 3469 1734 cum
3484 1681 3702 1737 iterum

2045 1750 2407 1805 extendisset
2421 1751 2699 1821 eamdem
2716 1750 2943 1817 virgam
2964 1766 3139 1820 super
3156 1767 3401 1821 aquam.
3417 1768 3703 1809 ranarum

2045 1821 2359 1876 inundatio
2388 1820 2881 1891 replevitterram.
2912 1824 2972 1875 Et
3000 1837 3131 1875 cum
3160 1820 3328 1877 tertio
3352 1824 3705 1879 extendissct

2045 1894 2275 1960 virgam
2306 1909 2485 1963 super
2515 1893 2821 1963 pulverem
2858 1899 3042 1956 terrae,
3078 1893 3377 1963 sciniphes
3411 1894 3703 1949 ebulliunt

2045 1964 2231 2030 (Ibz'd.,
2266 1968 2369 2029 20;
2415 1980 2536 2028 vui,
2571 1964 2718 2032 6-17)
2752 1968 2825 2017 :et
2848 1979 2953 2035 per
2982 1965 3177 2018 Aaron
3206 1964 3330 2018 istae
3362 1969 3473 2018 tres
3507 1965 3700 2035 plagae

2041 2036 2210 2090 ﬁunt.
2248 2035 2311 2090 Et
2341 2041 2657 2105 sequentes
2682 2041 2806 2106 tres
2825 2034 2953 2089 alias
2985 2050 3088 2105 per
3122 2035 3367 2089 verbum
3387 2037 3569 2106 Moysi
3595 2038 3698 2091 mi-

2043 2107 2388 2162 nistrantur.
2423 2110 2568 2161 Nam
2601 2106 2699 2160 illo
2724 2105 2989 2176 jubente,
3018 2106 3263 2161 locustae
3286 2105 3582 2161 etmus‘cm
3604 2124 3697 2163 ve-

2044 2180 2234 2241 niunt,
2269 2184 2322 2232 et
2375 2194 2535 2233 mors
2567 2178 2974 2249 iumentorum
3028 2180 3430 2249 consequitur.
3464 2180 3537 2233 At
3566 2195 3698 2234 vero

2046 2255 2158 2304 tres
2172 2249 2299 2303 aliae
2321 2265 2438 2303 non
2455 2248 2729 2303 sermone
2751 2248 3167 2303 tantummodo
3180 2248 3259 2302 im
3270 2254 3570 2319 perantur,
3591 2251 3699 2305 sed

2042 2337 2147 2392 per
2176 2320 2359 2390 Moysi
2391 2335 2545 2390 opus
2578 2322 3268 2392 convocantur.‘Moyses
3300 2320 3458 2374 enim
3492 2337 3699 2391 sump-

2042 2389 2164 2447 tum
2179 2393 2251 2446 de
2268 2389 2504 2446 camino
2529 2391 2831 2461 pulverem
2850 2392 2906 2444 in
2921 2389 3134 2445 coelum
3152 2391 3391 2460 sparsit,
3415 2398 3470 2445 et
3487 2389 3697 2447 vesicae

2040 2464 2099 2518 in
2132 2462 2477 2517 hominibus
2511 2468 2564 2517 et
2602 2462 2910 2532 jumentis,
2947 2469 3001 2516 et
3045 2461 3244 2517 ulcera
3297 2464 3605 2517 manantia
3632 2468 3697 2519 ut

2039 2534 2237 2605 pulvis
2262 2535 2317 2587 in
2341 2533 2504 2588 omni
2536 2538 2686 2588 terra
2712 2533 2951 2605 Egypti
2980 2538 3325 2605 nascuntur.
3378 2536 3441 2588 Et
3490 2540 3698 2605 postea.

2039 2604 2353 2660 assumens
2385 2605 2616 2673 virgam
2649 2605 2707 2658 in
2750 2604 2968 2658 caelum
2996 2604 3278 2669 extendit,
3307 2609 3361 2658 et
3387 2604 3696 2672 grandinis

2039 2676 2465 2745 fulgurumque
2493 2675 2760 2729 insolens
2775 2675 2951 2745 copia
2979 2676 3037 2728 in
3059 2679 3273 2730 terram
3294 2676 3427 2729 ruit.
3455 2677 3697 2731 Iterum-

2036 2763 2153 2819 que
2183 2747 2342 2819 idem
2375 2748 2604 2819 Moyses
2633 2746 2911 2819 eamdem
2945 2746 3175 2814 virgam
3205 2747 3262 2800 in
3294 2747 3511 2819 omlum
3545 2748 3697 2801 dire-

2036 2817 2139 2881 iit,
2172 2824 2225 2873 et
2258 2818 2444 2873 tribus
2473 2817 2704 2873 diebus
2738 2817 3106 2889 totidemque
3139 2818 3431 2889 noctibus
3461 2834 3698 2889 perma-

2037 2896 2243 2944 nentes
2257 2889 2531 2944 tenebras
2546 2888 2937 2944 crassitudine
2953 2888 3369 2959 palpabiles,et
3384 2888 3695 2945 admodum

2036 2962 2246 3016 ferales
2274 2976 2452 3027 super
2484 2964 2700 3015 terram
2729 2960 2962 3014 induxit
2986 2959 3182 3028 (Exod.
3232 2977 3288 3025 X,
3320 2965 3402 3024 t3,
3443 2963 3504 3014 14
3532 2977 3545 3025 ;
3578 2978 3692 3026 vui,

2035 3036 2137 3096 ‘24;
2171 3049 2247 3093 1x,
2284 3032 2446 3095 6,10,
2468 3030 2638 3085 23-25
2669 3047 2757 3093 ;x,
2784 3032 2895 3100 22).
2935 3032 3358 3087 Ultimaautem
3391 3032 3570 3101 plaga
3593 3048 3695 3086 ne-

2036 3119 2152 3174 que
2188 3117 2291 3172 per
2318 3104 2536 3174 Aaron,
2572 3116 2763 3171 neque
2795 3117 2900 3171 per
2920 3104 3155 3174 Moysen
3191 3103 3427 3168 accidit,
3455 3104 3558 3157 sed
3588 3120 3692 3158 an-

2037 3172 2201 3254 gelus
2224 3172 2454 3251 Domini
2484 3174 2922 3295 per/Egdyptum
2951 3172 3243 3227 transiens
3258 3180 3468 3253 cuncta
3483 3178 3694 3245 .‘Egypo

2038 3250 2251 3295 tiorum
2280 3248 2676 3295 primogenita
2734 3243 2904 3295 elevnt
2935 3243 3040 3295 (Id.
3066 3246 3694 3295 x11.29).0uot1eserno

2038 3246 2251 3299 tiorum
2280 3243 2676 3314 primogenita
2691 3243 2904 3297 delevit
2935 3243 3040 3313 (Id.
3066 3259 3165 3307 x11,
3182 3246 3537 3307 29).Quoties
3551 3243 3694 3313 ergo

2035 3316 2107 3371 de
2124 3313 2549 3370 terra’vindicta
2562 3313 2875 3384 colligitur,
2894 3329 2997 3384 per
3012 3318 3209 3368 Aaron
3225 3314 3311 3366 vel
3325 3320 3381 3368 ut
3402 3316 3455 3367 in
3465 3315 3693 3370 ferioris

2034 3386 2263 3467 erdinis
2279 3386 2615 3441 ministrum
2638 3402 2653 3451 ;
2677 3400 2965 3467 quievere
2986 3384 3060 3467 de
3083 3384 3421 3467 volatilibus
3436 3390 3489 3467 et
3504 3392 3691 3439 morte

2036 3461 2616 3530 jumentorum,qute
2634 3455 3003 3530 etipsavelut
3027 3457 3087 3530 in
3115 3455 3690 3530 terra_volant,paena

2027 3527 2418 3593 contrahitur,
2453 3527 2559 3599 per
2586 3530 2798 3599 Moysis
2830 3528 3146 3597 imperium
3180 3528 3411 3594 agitur;
3444 3527 3691 3597 quando

2027 3607 2224 3656 autem
2258 3600 2333 3655 de
2360 3598 2634 3671 supernis
2668 3598 2931 3654 nubibus
2964 3598 3272 3671 castigatio
3304 3604 3686 3671 convocatur,

2026 3689 2130 3743 per
2147 3669 2554 3727 extensionem
2581 3672 2641 3743 in
2666 3670 2853 3743 altum
2872 3669 3142 3725 Mosaicae
3170 3685 3383 3743 manus
3406 3669 3685 3723 conduci-

2026 3740 2138 3799 tur.
2176 3744 2245 3797 At
2273 3758 2409 3796 vero
2441 3741 2688 3814 quando
2720 3742 2999 3814 humame
3033 3740 3238 3814 mortis
3282 3741 3467 3814 exitus
3502 3756 3537 3795 a
3564 3743 3685 3814 Deo

2027 3816 2427 3884 dispensatur,
2460 3812 2579 3867 non
2608 3813 2855 3878 homini,
2885 3812 2991 3867 sed
3036 3812 3249 3881 angelo
3283 3812 3687 3867 ministerium

2025 3886 2170 3941 illud
2201 3885 2563 3940 commititur
2611 3903 2622 3939 :
2661 3890 2723 3939 ut
2766 3884 2869 3956 qui
2918 3884 3066 3956 illud?
3094 3900 3283 3953 usque
3316 3888 3551 3956 tempus
3579 3898 3687 3953 per

2025 3972 2429 4028 rerum,iquas
2460 3954 2875 4026 possidebant,
2898 3955 3137 4023 ﬂagella
3164 3957 3360 4010 minus
3383 3954 3689 4028 terreban-

2032 4035 2155 4093 tur;
2188 4027 2398 4084 saltem
2422 4043 2526 4098 per
2553 4044 2677 4083 suae
2704 4028 3129 4096 insignissimae
3156 4028 3340 4099 partis
3369 4027 3688 4081 detrimen-

2032 4108 2155 4157 tum
2182 4115 2524 4164 commune,
2558 4099 2723 4171 quod
2756 4100 3135 4170 sequebatur,
3190 4099 3689 4171 interitumevene-

2031 4178 2250 4227 rentur.
2278 4175 2531 4226 lstarum
2563 4169 2805 4242 quoque
2831 4169 3046 4225 modus
3071 4171 3385 4241 plagarum
3401 4169 3685 4242 undique,

2028 4244 2141 4298 hoc
2172 4248 2277 4306 est,
2312 4248 2485 4307 terra,
2520 4241 2722 4314 aquis,
2744 4242 3176 4301 animantibus,
3211 4258 3366 4305 aere,
3395 4241 3551 4314 igne,
3576 4256 3688 4314 nu-

2030 4316 2227 4380 bibus,
2262 4314 2411 4368 ccelo
2442 4318 2497 4368 et
2521 4310 2755 4382 Angelis
2782 4316 3163 4374 convenerat,
3194 4317 3255 4365 ut
3277 4310 3690 4382 ostenderetur

2030 4386 2194 4457 quod
2211 4390 2420 4441 contra
2441 4387 2556 4439 Deo
2584 4381 2904 4457 rebelleset
2925 4388 3307 4457 contumaces
3330 4396 3456 4437 sese
3474 4381 3694 4457 pariter

2032 4453 2348 4513 universus
2381 4456 2544 4510 orbis
2572 4459 2789 4510 armat.
2816 4454 2977 4509 Sicut
3005 4457 3205 4507 autem
3254 4453 3324 4507 iis
3355 4468 3505 4524 quos
3542 4456 3693 4524 Deus

2032 4530 2245 4599 punire
2279 4528 2480 4599 voluit,
2514 4527 3014 4599 omnis_cr_eatura
3040 4524 3313 4599 irascitur
3342 4522 3472 4589 {sic
3491 4529 3554 4599 et
3582 4522 3694 4576 illis

2030 4592 2252 4670 quibus
2283 4598 2571 4653 auxilium
2595 4596 2870 4670 praebuit,
2895 4595 3092 4670 omnis
3118 4600 3387 4670 creatura
3406 4592 3696 4670 suffraga-

2032 4664 2143 4726 tur.
2179 4673 2246 4724 Et
2273 4670 2432 4723 enim
2458 4670 2563 4723 hos
2595 4664 2807 4722 ambos
2828 4666 3085 4737 populos
3121 4682 3283 4721 mare
3319 4665 3575 4720 Rubrum
3609 4664 3692 4718 di-

2033 4742 2195 4796 visit:
2218 4739 2317 4794 ubi
2347 4736 2929 4810 eorumalteritotius
2958 4754 3251 4810 pressurae
3282 4737 3439 4802 finis,
3460 4736 3694 4792 initium

2034 4813 2204 4869 alteri
2236 4816 2464 4865 cunctas
2499 4809 2791 4865 felicitatis
2824 4809 2953 4864 fuit.

2105 4882 2329 4937 CAPUT
2358 4885 2457 4937 XX.
2476 4884 2633 4935 -—1)e
2659 4881 2938 4935 recedente
2959 4887 3006 4934 et
3035 4880 3231 4934 siccato
3247 4881 3398 4932 mai-2'
3417 4878 3619 4933 Rubro.

2107 4956 2253 5009 Cum
2289 4954 2629 5017 dimissum,
2652 4957 2735 5008 tot
2762 4953 2956 5023 plagis
2977 4952 3174 5013 attriti,
3196 4950 3578 5023 Israeliticum
3596 4965 3699 5019 po-

2036 5027 2243 5098 pulum
2269 5025 2529 5099 xﬁgvptii
2556 5041 2591 5079 a
2620 5041 2683 5099 se
2722 5020 3332 5099 eiireicompulissent
3356 5039 3369 5087 ;
3394 5020 3547 5076 mala
3576 5034 3701 5099 rur-

2037 5094 2135 5153 sus
2160 5094 2531 5167 pcenitudine
2550 5097 2684 5161 acti,
2706 5095 2900 5150 cuncti
2933 5112 3070 5149 cum
3095 5109 3231 5163 rege
3264 5110 3372 5167 suo
3404 5094 3699 5167 exercitus

2036 5162 2312 5243 pergunt,
2341 5175 2401 5222 ut
2431 5184 2583 5243 quos
2614 5168 2985 5243 dimiserant,
3012 5162 3222 5221 iterum
3250 5163 3327 5243 ad
3355 5162 3701 5243 servitutem

2038 5234 2425 5294 retraherent.
2449 5234 2595 5293 Tum
2614 5239 2793 5294 Israel
2812 5239 2871 5292 in
2889 5242 3145 5305 angusto
3162 5235 3340 5290 maris
3366 5234 3543 5287 Rubri
3568 5234 3702 5287 sinu

2040 5315 2361 5374 coarctato,
2392 5313 2585 5380 Moyse
2602 5310 2830 5375 virgam
2853 5324 3033 5380 super
3055 5308 3304 5380 pelagus
3326 5304 3702 5380 extendente,

2041 5382 2170 5437 subi
2183 5387 2236 5436 to
2253 5382 2432 5435 maris
2450 5376 3323 5441 u'ndaRubritidisdividitur;et
3336 5376 3704 5444 ingrediente

2043 5452 2263 5524 populo
2296 5451 2550 5521 pedibus
2577 5453 2765 5524 siccis,
2787 5450 3191 5521 hostibusque
3220 5448 3701 5524 succedentibus,

2046 5523 2134 5578 via
2166 5523 2446 5578 dilatatur
2470 5540 2481 5578 :
2502 5523 2892 5592 immissoque
2916 5526 3113 5586 vento,
3132 5536 3235 5591 per
3263 5526 3445 5575 totam
3464 5523 3705 5592 noctem

2049 5597 2201 5650 Deus
2226 5610 2390 5649 mare
2419 5594 2701 5658 divisum,
2732 5590 2907 5648 etiam
2926 5593 2984 5647 in
3013 5590 3236 5647 siccum
3253 5592 3447 5655 Vertit,
3474 5596 3529 5645 et
3555 5590 3705 5646 inter
3738 5655 3743 5660 _

2047 5666 2261 5745 ambos
2280 5666 2536 5745 populos
2554 5666 2800 5745 nubem,
2816 5681 2951 5745 qua}
2968 5664 3275 5745 divideret,
3298 5662 3702 5745 tenebrosam,

2050 5745 2108 5796 et
2126 5736 2586 5810 noctem’ipsam
2606 5737 3044 5796 illuminantem
3062 5736 3409 5795 columnam
3429 5736 3702 5792 immisit.
