4120 6202
223 215 370 271 2169

222 336 453 410 aliquid
484 352 551 394 ex
581 352 651 394 eo
670 337 1048 410 relinqueret,
1081 337 1384 397 vermibus
1406 338 1713 407 scatebat;
1736 355 1873 396 cum

224 416 428 466 tamen
457 424 669 483 goinor
694 426 1236 483 mensuramanna
1267 426 1482 468 sanum
1535 420 1669 483 post
1697 414 1877 482 longa

219 482 619 555 postmodum
650 487 918 553 tempore
946 482 1121 554 plena
1148 484 1299 539 Area
1315 482 1658 540 reservabat
1683 484 1872 555 (Exod.

218 553 342 618 xvi,
509 553 571 635 in
594 569 717 625 quo
737 560 793 609 et
820 553 1498 635 mirabilietnecessario
1518 560 1656 609 tunc
1677 553 1872 635 signo,

219 625 482 696 exceptis
508 625 576 697 iis
610 641 745 697 quae
771 625 847 681 ad
889 625 1202 695 ﬁguralem
1235 626 1669 697 expositionem
1698 628 1874 697 perti-

218 703 381 758 nent.
419 696 704 752 studiOSis
734 698 1031 753 mentibus
1054 697 1436 763 subveniunt,
1465 714 1601 765 quas
1625 714 1749 754 sum
1777 714 1871 753 ex-

218 767 585 839 planationis
612 768 1107 825 illuminationem
1146 770 1376 824 Domini
1419 768 1719 839 adjutorio
1749 772 1873 825 exi-

218 844 391 909 gunt.
424 839 689 894 Primum
717 840 879 896 enim
906 846 1102 896 utrum
1144 842 1314 911 panis
1359 841 1433 895 sit
1456 842 1741 911 quaaritur
1770 858 1782 896 :
1816 846 1871 897 et

217 912 531 984 quomodo
555 912 730 982 panis
758 912 1118 984 Angelorum
1136 918 1381 984 vocatur
1397 918 1493 984 t:_et
1515 911 1564 965 si
1586 912 1755 967 cibus
1776 911 1870 967 ille

214 982 367 1039 nihil
398 990 641 1054 terrenae
666 987 893 1038 naturas
915 982 1195 1039 habuisse
1216 982 1593 1047 describitur,
1620 998 1871 1054 quomo-

215 1056 298 1126 do
339 1053 537 1109 adhuc
568 1055 629 1126 in
660 1058 815 1109 terra
846 1055 1043 1126 positi,
1078 1061 1133 1109 et
1160 1055 1315 1110 vitiis
1363 1053 1702 1109 carnalibus
1732 1055 1871 1109 sub-

220 1124 350 1181 iecti
384 1141 455 1180 ex
481 1140 552 1180 eo
616 1124 893 1181 homines
936 1130 1359 1181 sustentantur.
1402 1126 1571 1180 Panis
1618 1126 1778 1181 enim
1807 1127 1869 1181 in

264 1196 545 1277 salmistm
575 1197 860 1277 pradicto
892 1198 1202 1277 versiculo,
1230 1203 1291 1277 ut
1316 1196 1723 1277 praediximus,
1757 1213 1869 1253 caa-

214 1266 381 1339 lestis
431 1266 904 1331 esse’scribitur,
937 1268 1037 1339 qui
1082 1268 1156 1323 de
1188 1266 1451 1323 nubibus
1483 1269 1701 1339 pariter
1727 1284 1866 1323 cum

212 1338 419 1420 pluvia
436 1339 731 1420 tribuatur
753 1356 765 1395 :
795 1356 930 1420 quae
950 1338 1162 1402 nubes,
1190 1344 1252 1420 ut
1279 1338 1553 1420 anteiam
1577 1339 1862 1420 diximus,

214 1425 324 1481 per
351 1411 700 1480 Scripturas,
726 1411 1012 1467 caelorum
1043 1412 1285 1466 nomine
1318 1411 1669 1466 vocitantur.
1690 1411 1866 1466 Panis

212 1487 415 1554 autem
442 1481 801 1554 Angelorum
835 1482 1007 1538 cibus
1036 1483 1130 1537 ille
1155 1483 1391 1548 dicitur,
1425 1497 1541 1537 non
1570 1482 1735 1554 quod
1766 1481 1865 1554 illo

210 1552 443 1622 Angeli,
469 1553 572 1625 qui
599 1553 735 1609 cibo
765 1569 884 1609 non
912 1561 1105 1623 egent,
1132 1559 1557 1625 saturarentur,
1582 1552 1865 1625 sedquod

207 1639 322 1694 per
348 1624 702 1693 Angelorum
725 1626 1112 1681 ministerium
1137 1624 1247 1681 tale
1267 1624 1552 1689 ofﬁcium,
1581 1624 1735 1680 sicut
1751 1626 1864 1680 Lex

208 1701 269 1751 et
300 1701 511 1768 caetera
538 1696 762 1766 populo
789 1698 1231 1767 praebebantur,
1272 1712 1408 1768 quae
1438 1696 1727 1766 disposita
1762 1711 1866 1768 per

206 1766 470 1837 Angelos
495 1768 553 1821 in
569 1783 754 1822 manu
770 1769 1102 1824 Mediatoris
1116 1766 1393 1823 tribuitur
1420 1768 1620 1837 (Galat.
1647 1784 1722 1833 Ill,
1759 1766 1862 1837 I9).

207 1838 475 1911 Qualiter
504 1853 646 1911 ergo
684 1839 961 1895 homines
1004 1838 1477 1911 qualescumque
1532 1844 1864 1895 sustentare

204 1910 526 2035 potuisset,
558 1909 671 1965 nisi
704 1915 1003 1966 terrenum
1027 1909 1260 1981 aliquid
1292 1913 1352 1965 in
1381 1909 1491 1966 sua
1524 1910 1861 1967 substantia

252 1979 457 2035 aberet
484 1982 511 2035 ?
544 1981 654 2035 Sed
681 1982 839 2035 unde
888 1982 1152 2035 nubibus
1203 1997 1428 2035 manna
1449 1982 1663 2035 nluens
1693 1988 1861 2035 terre-

252 1979 457 2036 aberet
484 1982 511 2035 ?
544 1981 654 2037 Sed
681 1982 839 2037 unde
888 1979 1152 2037 nubibus
1203 1997 1428 2037 manna
1449 1982 1663 2053 pluens
1693 1988 1864 2039 terre-

207 2067 359 2107 nam
445 2053 842 2109 substantiam
924 2053 1151 2109 habere
1216 2053 1664 2118 monstrabitur,
1748 2054 1862 2108 nisi

205 2122 359 2179 forte
404 2128 557 2181 aeris
587 2124 777 2196 ipsius
808 2125 1045 2180 inferior
1088 2140 1226 2195 pars
1256 2130 1549 2196 terrenam
1594 2124 1861 2195 aliquam

203 2200 489 2251 naturam
538 2194 791 2251 retinere
863 2194 1215 2253 ostendatur
1252 2194 1279 2250 ?
1331 2196 1647 2261 Quomodo
1700 2194 1861 2251 enim

204 2266 413 2321 avium
500 2267 828 2323 volantium
902 2282 1157 2338 corpora
1227 2267 1473 2322 suﬁerre
1552 2266 1859 2332 valuisset,

204 2338 251 2392 si
310 2353 432 2409 non
482 2342 727 2394 terrenas
791 2338 1102 2394 soliditatis
1170 2338 1393 2409 aliquid
1447 2353 1550 2393 aer
1602 2338 1861 2393 contine-

200 2408 344 2464 ret?
392 2410 762 2482 Quapropter
812 2410 910 2465 illa
962 2408 1297 2482 substantia
1354 2414 1409 2465 et
1465 2409 1654 2465 nubes
1702 2408 1860 2482 fultae

205 2485 374 2535 terrae
404 2482 594 2552 ipsius
641 2481 879 2547 natura,
926 2483 1102 2536 etiam
1132 2481 1191 2535 in
1242 2482 1407 2552 nives
1452 2486 1507 2535 et
1535 2481 1859 2552 grandines

203 2551 667 2633 congelascunt,
682 2555 807 2633 _qui_
821 2568 975 2625 pene
1004 2552 1286 2633 duritiam
1314 2551 1585 2633 lapidum
1627 2557 1859 2633 contra-

201 2622 374 2677 hunt.
409 2623 561 2688 Quid
592 2622 771 2692 igitur
793 2622 907 2680 h'oc
937 2624 1262 2694 capacibus
1293 2622 1511 2678 animis
1542 2628 1856 2694 repugnat,

204 2693 257 2748 si
290 2694 445 2750 sicut
490 2695 683 2750 nubes
732 2693 1043 2765 grandinis
1088 2695 1324 2765 lapillos
1374 2693 1736 2765 concipiunt,
1777 2695 1860 2749 sic

200 2768 256 2821 et
309 2780 549 2839 mannae
581 2781 770 2835 grana
808 2768 1052 2839 gignere
1101 2772 1423 2839 potuerunt
1459 2782 1472 2831 ;
1528 2766 1859 2836 praesertim

203 2851 343 2892 cum
370 2837 446 2891 ad
480 2844 697 2893 terram
732 2837 998 2902 veniens,
1027 2837 1207 2893 veluti
1246 2854 1383 2893 cum
1414 2842 1671 2905 cognato
1706 2852 1856 2900 rore,

202 2910 251 2981 si
284 2907 429 2961 illud
457 2908 544 2963 sol
572 2915 739 2981 ortus
788 2910 1095 2981 inveniret,
1146 2909 1325 2981 quasi
1350 2908 1582 2981 grando
1613 2908 1673 2962 in
1704 2913 1860 2962 terra

197 2978 536 3049 liquescens
549 2980 841 3052 deperiret
856 2980 883 3034 ?
905 2984 1095 3052 Atque
1112 2978 1191 3036 ita
1211 2980 1329 3035 ﬁeri
1354 2980 1587 3052 poterit,
1608 2984 1670 3035 ut
1693 2994 1861 3034 man-

197 3066 277 3124 na
306 3052 367 3124 in
400 3050 804 3124 terreni’aeris
841 3050 1020 3124 hujus
1061 3053 1330 3124 partibus
1357 3050 1651 3120 genitum,
1685 3054 1861 3105 terre-

200 3122 292 3202 nis
318 3122 669 3207 hominibus
699 3122 1018 3207 praebuerit
1040 3122 1295 3207 cibalem
1316 3129 1588 3207 pastum;
1611 3125 1859 3207 Istacte-

198 3191 328 3248 nim
357 3209 499 3263 pars
557 3191 803 3251 inferior
834 3196 1007 3260 aeris,
1038 3200 1190 3250 terra
1219 3191 1399 3249 etiam
1464 3194 1523 3247 in
1557 3194 1859 3263 Scriptura

199 3264 408 3320 divina
430 3267 796 3332 nominatur,
824 3267 969 3321 dum
984 3267 1043 3320 in
1056 3266 1382 3321 centesimo
1396 3264 1859 3335 quadragesimo

203 3340 421 3410 octavo
446 3337 707 3410 psalmo,
739 3337 1070 3410 prophetali
1095 3337 1303 3410 spiritu
1333 3337 1393 3391 in
1434 3336 1669 3410 Domini
1699 3351 1858 3391 crea-

200 3408 343 3463 toris
359 3407 603 3463 laudem
618 3424 715 3463 om
725 3407 829 3464 nes
840 3407 1127 3464 creatura:
1137 3407 1477 3465 incitantur.
1490 3409 1581 3463 Sic
1596 3422 1857 3479 namque

200 3480 636 3553 consummatis
656 3481 748 3535 his
770 3497 902 3553 quae
930 3481 1006 3536 ad
1032 3481 1401 3553 superiorem
1422 3487 1700 3553 ornatum
1723 3478 1856 3533 coeli

198 3552 517 3623 pertinent,
546 3568 681 3606 cum
714 3550 806 3607 adw
823 3556 1023 3623 partes
1041 3552 1195 3623 aeris
1227 3550 1407 3620 hujus
1439 3550 1745 3623 inferiores
1765 3566 1860 3604 ve-

202 3622 381 3685 nitur,
400 3621 589 3677 taliter
603 3621 993 3681 subinfertur:
1022 3622 1265 3677 Laudate
1293 3622 1579 3677 Dominum
1600 3622 1661 3675 de
1683 3628 1855 3685 terra,

202 3697 339 3766 etc.,
361 3708 576 3765 usque,
594 3712 717 3766 qua:
740 3695 950 3766 faciunt
964 3694 1181 3766 verbum
1200 3694 1330 3762 ejus.
1363 3697 1505 3748 Ecce
1525 3709 1683 3748 nunc
1700 3709 1859 3748 cras-

206 3763 427 3837 siorem
458 3763 723 3837 nubibus
741 3763 801 3821 et
828 3765 1151 3837 vaporibus
1176 3766 1466 3820 insertum
1498 3781 1715 3837 aerem,
1751 3769 1860 3837 ter-

206 3850 335 3890 ram
362 3836 657 3906 Propheta
675 3835 1016 3897 nominavit.
1034 3843 1087 3892 et
1114 3843 1437 3908 antequam
1467 3835 1545 3890 ad
1569 3835 1857 3908 inferioris

206 3910 400 3979 terrae,
423 3922 557 3979 quae
584 3915 791 3979 postea
814 3906 1290 3972 subinferuntur,
1315 3908 1508 3979 spatia
1531 3906 1853 3979 perveniat.

206 3923 400 3972 terrae,
423 3923 557 3979 quae
584 3923 791 3979 postea
814 3923 1284 3972 subinteruntur,
1315 3925 1341 3961 s
1389 3923 1508 3963 aua
1531 3923 1853 3978 perveniat.

206 3977 271 4057 In
301 3977 403 4059 ilia
420 3994 561 4049 ergo
588 3980 882 4059 superiori
909 3985 1068 4051 parte
1088 3985 1276 4059 terra),
1429 3978 1660 4059 grando
1686 3983 1740 4059 et
1758 3980 1857 4059 nix

201 4050 484 4119 gignitur,
515 4050 876 4107 nascebatur
908 4050 1150 4114 manna,
1176 4051 1315 4107 etin
1341 4050 1543 4105 cibum
1566 4050 1857 4106 inferioris

201 4125 373 4195 teer
405 4122 588 4193 partis
609 4123 958 4195 hominibus
981 4124 1367 4195 pertAngelos
1398 4120 1855 4195 administraba-

204 4197 316 4247 tur.
356 4194 437 4247 Ex
465 4208 587 4265 quo
618 4194 787 4250 facile
837 4193 1227 4264 dignoscitur,
1264 4208 1386 4248 non
1423 4193 1664 4248 aliunde
1691 4198 1857 4248 extra

203 4268 484 4319 naturam
515 4266 829 4337 quaesiisse
884 4266 986 4321 sed
1020 4266 1090 4320 de
1120 4272 1273 4337 terra
1290 4266 1443 4337 Deus
1466 4265 1854 4337 victuinpraa-

201 4350 468 4405 parasse.
502 4335 627 4392 Non
652 4338 989 4419 quodDeus
1018 4336 1413 4419 quotidieillis
1442 4351 1657 4406 panem
1689 4335 1855 4419 illum

202 4422 589 4481 communem
620 4408 798 4465 etiam
821 4408 1147 4481 intdeserto
1167 4413 1449 4481 praestare
1476 4422 1596 4481 non
1629 4412 1851 4481 posset,

204 4478 310 4561 sed
345 4482 410 4533 ut
437 4479 621 4560 homo
640 4486 855 4561 pastus.
873 4480 946 4535 de
973 4478 1253 4561 nubibus.
1279 4480 1453 4534 sciret
1478 4478 1770 4561 quiannon
1795 4478 1855 4532 in

198 4548 326 4604 solo
349 4565 506 4622 pane
537 4548 697 4616 vivit,
722 4553 825 4608 sed
844 4554 903 4607 in
923 4553 1087 4607 omni
1122 4552 1303 4607 verbo
1332 4548 1611 4622 quod’de
1630 4550 1725 4603 Dei
1753 4564 1852 4603 ore

198 4620 469 4693 procedit
500 4622 682 4692 (Deut.
709 4639 830 4693 vni,
861 4626 937 4691 3).
973 4624 1132 4679 Sicut
1158 4624 1316 4678 enim
1342 4620 1569 4677 natura;
1600 4620 1855 4693 impera-

199 4692 301 4758 vit,
333 4696 396 4745 ut
425 4692 611 4749 homo
642 4692 1003 4777 saturaretur
1041 4710 1218 4777 pane,
1245 4694 1349 4777 .ita
1379 4693 1556 4748 etiam
1584 4692 1852 4777 de‘omni

196 4778 585 4836 quacumque
611 4780 693 4830 re,
727 4766 773 4821 si
806 4766 887 4822 ita
912 4766 991 4821 illi
1037 4763 1306 4836 jusserit,
1334 4764 1643 4836 quomodo
1672 4763 1854 4836 habe-

196 4783 585 4835 quacumque
611 4783 693 4830 re,
727 4783 773 4821 ει
806 4783 887 4822 ita
912 4783 991 4821 ιιιι
1072 4783 1306 4825 usserit,
1334 4783 1643 4836 quomono
1675 4783 1853 4819 nane-

195 4833 297 4915 bat
330 4836 391 4915 et
420 4841 561 4891 tunc
590 4836 665 4892 de
696 4838 958 4893 nubibus
1006 4783 1296 4909 pIuviam,
1348 4836 1568 4891 victum
1607 4834 1853 4890 habebit

202 4905 592 4963 incolumem.

333 4979 565 5035 CAPUT
594 4978 778 5035 XXIV.
811 5010 879 5019 —
910 4980 989 5033 De
1016 4984 1180 5050 petra
1206 4994 1465 5050 percussa
1496 4976 1556 5031 in
1584 4975 1740 5031 Oreb.

268 5047 435 5122 idem
449 5065 693 5122 quoque
706 5050 969 5122 pOpulus
984 5047 1041 5104 in
1056 5047 1287 5105 deserto
1308 5049 1511 5104 sitiens
1525 5048 1852 5122 potamenti

196 5118 689 5193 refocillationem
710 5118 1058 5193 postulavit.
1096 5122 1258 5178 Unde
1289 5123 1519 5193 Moyses
1545 5120 1848 5193 princeps,

194 5191 313 5272 Deo
326 5191 685 5272 imperante,
702 5191 873 5272 virga
888 5209 1175 5272 percussu
1192 5192 1425 5272 petrain
1441 5191 1848 5272 Oreb,aquam

190 5260 264 5345 de
278 5260 451 5345 petra
463 5260 950 5345 produxittEa-od.
966 5281 1112 5345 xvii,
1130 5260 1205 5335 6).
1223 5266 1281 5318 ln
1303 5264 1418 5318 hoc
1436 5268 1665 5345 natura)
1682 5260 1849 5317 inve-

193 5333 519 5407 stigatorin
537 5341 861 5407 angustum
881 5333 1183 5405 redigitur,
1216 5333 1523 5407 quomodo
1548 5350 1720 5405 aqua».
1749 5349 1850 5407 na-

190 5409 324 5478 tura
350 5407 410 5478 in
434 5405 797 5478 durolapide
810 5404 1157 5464 occultatur.
1194 5404 1269 5462 De
1282 5422 1441 5478 aqua
1455 5421 1593 5460 vero
1606 5404 1675 5461 in
1693 5404 1849 5478 prin;

188 5475 348 5547 cipio
380 5477 613 5549 lapides
645 5474 855 5543 factos,
889 5480 1144 5549 qualiter
1174 5474 1427 5549 ignorat,
1451 5478 1553 5548 qui
1585 5474 1845 5549 cryStalli

190 5548 495 5614 naturam,
529 5551 660 5621 nive
684 5566 787 5620 per
809 5548 1065 5606 multum
1089 5548 1373 5621 temporis
1394 5548 1765 5617 congelante,
1787 5549 1845 5602 in

187 5620 928 5694 commtutabilemtlapidis
944 5622 1223 5694 duritiam
1248 5621 1567 5694 procedere
1581 5636 1699 5694 non
1722 5635 1845 5694 am-

186 5689 351 5776 bigat
383 5690 411 5746 ?
444 5689 936 5776 prtesertichui-n
965 5693 1172 5776 glebas
1204 5708 1325 5748 non
1355 5692 1436 5776 de.
1462 5698 1628 5773 terra:
1656 5691 1845 5773 ipsius

183 5761 391 5833 humo,
424 5761 533 5824 sed
562 5764 637 5821 de
677 5764 794 5822 feni
810 5761 1087 5839 primitus
1118 5766 1484 5822 incremento
1504 5765 1567 5821 in
1588 5761 1844 5822 summis

1394 213 1612 270 LIBER
1651 212 1948 271 PRIMUS.
1992 246 2057 256 -—
2097 213 2478 270 APPENDIX.

3497 215 3638 275 2170

1988 337 2304 418 arboribus
2333 339 2428 418 vel
2450 338 2710 418 scopulis
2742 354 2903 418 saepe
2928 342 3404 418 consideramus,
3430 345 3487 401 in
3507 346 3635 418 qui-

1984 412 2100 489 bus
2122 414 2242 489 iam
2270 411 2503 482 lapillos
2520 411 2981 489 peripluviarum
3000 413 3353 489 infusionem
3377 411 3633 489 etipsius

1984 483 2102 539 feni
2122 483 2192 538 in
2219 485 2473 539 humum
2503 483 2826 539 motionem
2841 486 3071 552 genitos
3100 483 3635 545 invenimuston-

1984 555 2178 611 nullas
2232 570 2474 626 quoque
2528 561 2711 610 terras
2788 555 3103 624 argillosas
3155 557 3633 615 transﬂuentium

1982 642 2278 697 aquarum
2311 631 2553 682 assueto
2579 642 2757 681 cursu
2790 627 3133 698 superfusas
3154 628 3213 682 in
3237 630 3519 685 duritiam
3553 631 3634 687 la-

1982 698 2191 770 pidum
2216 698 2807 770 vidimusconversas
2825 715 2836 753 :
2852 698 2909 752 in
2927 700 3147 770 quibus
3170 702 3348 756 etiam
3362 701 3631 757 duriores

1984 769 2140 825 velut
2171 769 2528 841 antiquioris
2567 770 2752 825 aetatis
2783 769 3035 840 lapides,
3063 787 3218 841 quos
3251 774 3383 841 ipsa
3407 777 3630 829 humus

1982 842 2150 911 prius
2194 842 2251 895 in
2301 840 2362 895 se
2417 840 2732 905 habuerat,
2780 840 3311 897 animadvertimus
3355 844 3627 901 insertos.

1982 912 2243 977 Qualiter
2268 912 2397 982 jam
2414 912 2716 967 nonnullis
2739 912 3042 984 lapidibus
3063 928 3305 984 quoque
3332 930 3630 971 concavos

1977 988 2224 1047 Ostreos,
2256 999 2410 1054 quos
2434 984 2682 1054 quando
2714 983 2905 1038 mollis
2949 983 3172 1038 humus
3208 983 3419 1050 fuerat,
3456 987 3629 1041 inter-

1979 1056 2205 1136 positos
2237 1054 2521 1136 habebat,
2562 1054 2739 1136 veluti
2773 1071 2900 1136 suae.
2920 1056 3174 1110 naturali
3204 1056 3628 1136 duritiaenunc

1977 1126 2229 1198 insertos
2264 1126 2556 1198 videmus.
2605 1127 2664 1179 In
2711 1127 2937 1198 caeteris
2978 1142 3221 1197 quoque
3264 1144 3415 1198 quos
3452 1128 3629 1198 longe

1978 1196 2312 1271 admodum
2338 1197 2819 1271 aetatismaread
2849 1196 3032 1251 terras
3054 1196 3319 1267 projecit,
3344 1196 3630 1271 superpo-

1979 1268 2105 1323 sita:
2138 1283 2320 1323 morte
2352 1267 2636 1336 nagarbaa
2665 1268 2987 1335 ‘videntur,
3020 1284 3175 1339 quas
3191 1286 3309 1324 non
3341 1267 3629 1327 de‘maris

1977 1340 2178 1413 glarea
2208 1339 2485 1403 elevatas,
2520 1340 2623 1393 sed
2654 1355 2725 1393 ex
2753 1339 2884 1409 ipsa
2924 1340 3139 1394 marini
3171 1340 3443 1413 humoris
3476 1359 3628 1413 qua-

1975 1411 2155 1476 litate,
2192 1416 2249 1465 et
2278 1425 2485 1466 eorum
2519 1416 2785 1465 extrema
2815 1426 3134 1480 corporum
3184 1412 3463 1469 indurata
3493 1411 3627 1469 cute

1973 1482 2300 1565 admodum
2330 1497 2459 1563 esse
2487 1487 2813 1565 concretas,
2838 1481 2971 1561 ipsa
2993 1481 3469 1565 consideratione
3493 1501 3631 1565 pro-

1974 1553 2215 1609 bamus.
2240 1553 2503 1608 Plurima
2527 1553 2706 1609 etiam
2722 1554 2955 1608 marina
2971 1552 3203 1622 reptilia
3226 1552 3626 1611 testudinibus

1973 1626 2293 1697 coaetaneis
2325 1624 2675 1697 induuntur,
2706 1624 3278 1697 intquibusﬁdurities
3308 1625 3627 1697 plusquam

1974 1696 2370 1768 plurimorum
2395 1695 2665 1766 lapidum
2698 1695 2948 1768 videtur2
2983 1696 3061 1749 Ex
3081 1695 3321 1768 quibus
3342 1695 3627 1752 omnibus

1972 1766 2306 1823 manifestis
2335 1766 2898 1839 approbationibus,
2935 1766 3166 1839 lapides
3199 1783 3271 1821 ex
3302 1784 3464 1839 aqua
3494 1774 3626 1823 tan-

1974 1846 2102 1895 tum
2124 1855 2301 1904 nunc,
2325 1844 2381 1893 et
2398 1838 2721 1909 nonnullos
2743 1854 2812 1892 ex
2846 1853 3006 1909 aqua
3028 1844 3084 1909 et
3114 1838 3301 1893 humo
3344 1838 3502 1894 nunc
3530 1855 3627 1909 ge—

1971 1912 2127 1966 nitos
2157 1925 2306 1974 esse,
2353 1910 2564 1964 doctus
2590 1908 2863 1981 quisque
2904 1908 3022 1963 non
3048 1908 3306 1981 denegat
3347 1925 3360 1975 ;
3396 1908 3553 1965 sicut
3573 1917 3629 1967 et

1972 1982 2291 2054 lacrymosi
2318 1980 2639 2054 marmoris
2664 1986 2877 2054 natura
2901 1980 3616 2054 etconsuetudo‘indicat.

1972 2050 2125 2109 Satis
2154 2054 2333 2109 etiam
2359 2057 2574 2107 natura
2599 2051 2673 2106 de
2698 2050 2928 2122 liquore
2960 2051 3022 2105 in
3068 2050 3281 2121 lapidis
3332 2051 3615 2108 duritiam

1968 2130 2247 2181 concreta
2276 2124 2535 2188 vertitur,
2569 2128 2625 2178 et
2656 2123 2869 2177 iterum
2900 2122 2960 2176 in
2987 2122 3281 2192 liquorem
3305 2123 3448 2178 solvi
3482 2139 3629 2179 con-

1972 2201 2186 2252 tuetur.
2218 2195 2387 2265 Lapis
2416 2208 2679 2265 quoque,
2716 2200 2774 2247 ut
2804 2194 2912 2247 Job
2952 2193 3085 2265 libri
3118 2198 3319 2248 narrat
3346 2194 3621 2260 historia,

1972 2267 2264 2322 resolutus
2297 2264 2495 2321 calore
2534 2264 2593 2320 in
2634 2281 2715 2319 ais
2748 2264 3110 2336 convertitur
3140 2265 3266 2336 (Job
3298 2280 3499 2328 xxviii,
3528 2266 3619 2336 2);

1970 2339 2133 2411 quod
2151 2353 2269 2393 non
2303 2342 2513 2409 potest,
2531 2336 2641 2390 nisi
2672 2336 2834 2407 prius
2855 2335 2914 2389 in
2940 2335 3489 2411 liquoris__naturam
3505 2335 3628 2392 mo-

1971 2405 2197 2465 veatur.
2235 2405 2516 2464 Praeterea
2542 2405 2786 2479 quoilue
2808 2405 3324 2479 omne—metallum
3357 2412 3626 2476 quantae-

1972 2497 2229 2553 cumque
2243 2480 2476 2553 duritiae
2492 2477 3238 2553 fueritfquamvisliquidm
3253 2484 3480 2553 naturae
3495 2494 3625 2534 esse

1970 2568 2091 2607 non
2132 2548 2332 2623 pateat
2365 2556 2406 2615 ³,
2451 2552 2586 2623 igne
2612 2548 2939 2623 resolutum
2972 2548 3265 2623 liquescit.
3303 2552 3453 2604 Dum
3479 2565 3623 2623 ergo

1970 2638 2044 2678 ex
2072 2620 2245 2695 aqum
2272 2620 2521 2677 humore
2534 2621 2811 2695 lapidum
2841 2620 3057 2676 natura
3075 2620 3247 2695 gigni
3270 2620 3626 2695 comproba-

1973 2699 2081 2756 tur,
2104 2690 2248 2765 quid
2277 2695 2473 2748 obstat
2500 2693 2559 2765 si
2583 2690 2680 2747 Dei
2706 2692 3119 2761 gubernatoris
3154 2690 3453 2747 voluntate
3472 2692 3626 2763 lapis

1971 2766 2029 2821 in
2057 2764 2276 2837 aquam
2314 2780 2483 2837 versa
2505 2764 2635 2837 Avice
2670 2768 2963 2837 mutetur,‘
2983 2768 3043 2817 ut
3091 2769 3307 2817 natura
3342 2764 3419 2837 ad
3451 2779 3625 2818 suam

1969 2834 2259 2906 originem
2290 2834 2753 2899 rediretestinet,
2787 2834 3091 2889 cumDeus
3109 2849 3332 2906 aquam
3364 2836 3437 2889 de
3460 2840 3626 2906 petra

1971 2909 2196 2980 populo
2235 2924 2341 2962 suo
2370 2906 2618 2978 praeberi
2633 2906 2811 2980 jubet
2829 2906 2867 2980 _?

2043 2976 2265 3035 CAPUT
2298 2976 2446 3033 XXV.
2484 3009 2553 3017 —
2608 2979 2686 3031 De
2722 2977 2861 3046 ﬁliis
2904 2976 3113 3047 Moysi,
3157 2992 3327 3046 quare
3355 2976 3554 3031 ducatu

2409 3047 2754 3103 Sacerdotum
2783 3048 2992 3117 privati
3024 3051 3173 3102 sunt.

2043 3121 2175 3175 Post
2205 3119 2333 3174 haec
2360 3133 2603 3189 quoque
2634 3116 2818 3189 Moysi
2864 3125 3174 3187 cognatus,
3216 3134 3367 3189 cum
3404 3116 3627 3188 Sepho-

1970 3207 2100 3247 ram
2126 3190 2280 3245 illius
2304 3188 2483 3261 Moysi
2505 3188 2750 3244 uxorem
2765 3195 2819 3244 et
2838 3189 2991 3243 duos
3008 3190 3160 3261 ﬁlios
3176 3188 3301 3259 ejus
3314 3189 3623 3251 detulerat,

1969 3264 2135 3319 ocius
2166 3261 2279 3333 ipsi
2307 3262 2365 3316 in
2388 3259 2698 3333 occursum
2736 3261 2967 3333 Moyses
2998 3275 3103 3329 per
3128 3259 3429 3333 desertum
3460 3262 3625 3314 exire

1970 3329 2229 3390 festinat.
2245 3334 2425 3402 Cujus
2438 3332 2685 3388 consilio
2704 3329 3471 3403 quamvistgentilisdamen
3484 3345 3621 3384 cum

1968 3406 2046 3463 ad
2075 3401 2620 3461 castrorumlocum
2649 3401 2900 3466 venitur,
2935 3401 3156 3455 tribuni
3180 3402 3626 3455 etcenturiones

1967 3483 2025 3533 et
2048 3476 2548 3548 quinquagenarii
2572 3479 2627 3530 et
2646 3472 3070 3548 decurionesiu
3090 3471 3625 3548 Diei_po_pulo_cons-

1968 3541 2468 3615 titu'unttir(Ea.-od.
2492 3544 3011 3615 xv1u,5-7,2l,22).
3030 3542 3144 3599 Sed
3171 3541 3243 3615 de
3279 3542 3458 3613 Moysi
3490 3541 3624 3615 filiis

1965 3621 2217 3693 quaestio
2245 3612 2527 3682 nascitur,
2561 3634 2665 3672 cur
2709 3617 2892 3693 patris
2925 3612 3015 3693 sui
3047 3616 3107 3667 in
3149 3612 3377 3693 ducatu
3414 3612 3623 3693 populi

1965 3686 2234 3747 liaeredes
2248 3706 2368 3745 non
2383 3696 2536 3750 sunt,
2557 3686 2891 3743 sacerdotio
2907 3686 3115 3740 saltem
3130 3687 3461 3755 privantur,
3476 3686 3624 3739 dum

1967 3779 2066 3834 per
2100 3761 2471 3834 Psalmistam
2502 3759 2735 3834 dicitur,
2763 3759 2967 3834 Moyses
2991 3764 3040 3812 et
3072 3756 3261 3811 Aaron
3290 3755 3625 3834 irt_sacerdo-

1966 3826 2105 3889 tibus
2121 3834 2232 3903 ejus
2255 3831 2423 3903 (Psal.
2452 3847 2645 3895 xcvm,
2675 3830 2751 3901 6).
2781 3826 3141 3903 Haéc_ta_men
3165 3828 3419 3903 quaestio
3443 3826 3628 3903 ratio:

1964 3920 2101 3961 nem
2137 3898 2341 3961 dando
2392 3903 2665 3981 vincitur,
2713 3898 2863 3957 'cum
2906 3900 3011 3955 ﬁlii
3071 3898 3253 3981 Moysi
3294 3899 3386 3981 “de
3425 3898 3627 3981 gentili

1965 3983 2156 4032 matre
2179 3972 2678 4046 peregrinationis
2696 3989 2881 4046 causa
2894 3979 3273 4046 generantur.
3291 3972 3383 4027 Sic
3404 3972 3625 4046 etenim

1963 4049 2037 4103 de
2070 4042 2285 4118 Moyse,
2317 4042 2455 4102 cum
2481 4044 2947 4118 primogenitum
2972 4044 3298 4118 genuisset,
3332 4042 3579 4118 refertur
3612 4057 3625 4095 :

1961 4122 2036 4175 Et
2068 4114 2278 4174 vocavit
2328 4114 2512 4173 nomen
2562 4114 2949 4183 ejus’Gersan,
2994 4114 3195 4182 dicens,
3244 4114 3391 4181 Quia
3416 4114 3625 4169 advena

1959 4191 2055 4263 fui
2080 4192 2327 4263 interra
2351 4190 2532 4263 aliena
2558 4187 2771 4263 (Exod._
2789 4204 2845 4247 ιι,
2865 4187 2982 4263 22).

2035 4262 2260 4318 CAPUT
2290 4261 2471 4317 XXVI.
2502 4254 2672 4333 —‘pe
2692 4258 2903 4333 jejnuio
2923 4254 3290 4333 quadraginta
3316 4254 3556 4333 dierum.

2034 4334 2262 4389 Interea
2281 4334 2564 4404 invitatus
2590 4325 3194 4404 Dei'famine'Moyse's,
3215 4325 3618 4404 quadraginta

1962 4404 2090 4460 dies
2113 4405 2517 4476 jejunavit,tet
2537 4403 2797 4476 liberato
2832 4402 2926 4455 Dei
2960 4397 3186 4476 populo
3216 4397 3291 4476 de
3322 4397 3619 4467 Egyptio-

1961 4467 2335 4532 rum'decem
2388 4475 2601 4544 plagis,
2646 4467 3165 4544 quinquagesimo
3208 4467 3324 4529 die,
3383 4482 3448 4521 ex
3500 4481 3623 4544 quo

1960 4546 2020 4602 in
2043 4550 2295 4617 Egypto
2329 4539 2550 4617 Pascha
2581 4539 2962 4617 celebratum
2990 4539 3339 4617 est,_decem
3366 4539 3624 4617 inauda-

1960 4607 2170 4673 torum'
2198 4607 2397 4685 legem
2451 4615 2525 4669 de
2575 4619 2775 4670 monte
2802 4611 2965 4669 Sinai
2994 4612 3053 4665 in
3084 4609 3345 4685 duabus
3366 4607 3623 4685 lapideis

1962 4689 2179 4745 tabulis
2210 4681 2418 4742 detulit
2468 4686 2666 4757 (Exod.
2701 4700 2869 4757 xxrv,
2898 4688 3003 4748 l2;
3056 4697 3210 4757 xxxi,
3271 4681 3375 4757 ιβ).
3431 4681 3619 4757 Quas,

1960 4776 2099 4815 cum
2147 4759 2407 4813 offensus
2456 4750 2609 4812 esset
2667 4755 2874 4827 pOpuli
2914 4753 3214 4827 peccantis
3248 4751 3509 4827 piaculo,
3545 4750 3623 4806 ad

1960 4830 2183 4904 montis
2210 4831 2441 4904 radices
2468 4824 2977 4904 confre‘git(l_€xod.
3009 4840 3196 4904 xxxn,
3230 4824 3335 4904 ιει).
3370 4825 3625 4904 [testan-

1959 4903 2220 4975 ratisque
2253 4901 2496 4975 totidem
2519 4893 2751 4975 numeri
2776 4893 3051 4975 ejusdem
3081 4893 3344 4975 materia?
3377 4893 3619 4975 tabulis,

1960 4966 2165 5031 rursus
2199 4972 2602 5047 quadraginta
2630 4966 2843 5026 diebus
2873 4969 3137 5047 jejunus,
3192 4966 3622 5047 Dei'I'a‘rgitoris

1960 5036 2769 5115 munere,‘eademprrrcepta
2782 5036 3042 5117 recipere
3058 5038 3273 5094 meruit
3295 5036 3401 5117 (Id.
3418 5049 3619 5117 xxxiv,

1956 5118 2068 5190 28).
2103 5106 2222 5174 Sed
2263 5133 2390 5190 per
2421 5106 2552 5190 hoc
2582 5106 2821 5190 tempus
2876 5106 3084 5190 contra
3122 5106 3622 5190 consuetudinem

1955 5175 2205 5244 humani
2250 5175 2445 5251 moris,
2470 5257 2473 5258 ν
2498 5187 2589 5241 bis
2633 5175 2846 5258 taliter,
2880 5189 2945 5239 ut
2982 5180 3246 5254 praedixi,
3286 5178 3449 5232 nullo
3486 5175 3622 5258 fati-

1956 5265 2127 5329 gatus
2168 5259 2374 5313 inediae
2405 5257 2630 5331 labore,
2660 5257 2887 5331 nullam
2934 5252 3180 5331 terrente
3215 5252 3621 5331 conversatio-

1955 5321 2047 5387 nis
2077 5346 2280 5386 escam
2315 5321 2746 5402 manducavit;
2790 5321 3619 5402 quoni_am_divini.sermonis

1954 5403 2253 5458 consortio
2284 5401 2487 5464 fultus,
2529 5405 2652 5454 tam
2689 5393 2937 5467 longam
2968 5393 3230 5450 inediam
3272 5393 3401 5446 sine
3424 5393 3616 5447 esurie

1958 5474 2251 5530 sustinere
2284 5473 2494 5544 potuit.

2059 5533 2517 5601 CAPUT‘XXVII.
2550 5570 2617 5582 —
2647 5539 2720 5594 De
2748 5536 2942 5609 populo
2972 5551 3159 5609 carnes
3183 5533 3511 5609 postulante.

2026 5619 2311 5673 Praeterea
2341 5614 2613 5671 carnium
2626 5603 3110 5681 concupiscentia
3124 5603 3380 5662 inﬁdelis
3400 5603 3609 5679 populi

2012 5708 2026 5740 ί
2062 5704 2159 5755 Ms.
2190 5704 2346 5760 Aud.,
2382 5715 2544 5752 rocca:
2570 5699 2827 5763 uagarba:

2062 5769 2155 5817 Ms.
2193 5766 2348 5825 Aud.,
2385 5761 2873 5833 quatenus'tiquidw
2899 5764 3101 5810 natura
3140 5762 3242 5809 esse
3271 5762 3463 5824 pateat.
