4120 6202
532 182 665 235 2171

527 321 667 377 pars
698 304 961 374 flagrans
988 304 1400 377 murmuravit,
1430 308 1481 359 et
1517 318 1753 377 mannie
1783 303 2184 377 cmlestiollas

527 376 802 433 carnium
828 376 1223 446 Egyptiorum
1247 378 1583 444 praeposuit.
1612 376 1724 430 Sed
1752 381 1807 429 et
1834 376 2018 445 Moysi
2047 393 2185 432 cum

525 449 1063 505 essetintoleranda
1084 463 1176 501 res
1199 446 1660 511 visa,Dominus,
1675 447 1953 515 Populum,
1972 448 2181 519 inquit,

526 521 805 589 sanetiﬁca
824 520 1065 574 crastino
1078 540 1096 575 :
1118 535 1206 588 ego
1218 519 1360 572 enim
1384 520 1501 572 illos
1522 535 1692 571 mense
1708 520 1916 589 integro
1929 519 2185 575 carnibus

524 591 910 647 saturabo.Cui
931 590 1623 645 imbecillitateincitatus
1649 591 1909 645 humana
1929 592 2179 662 Moyses,

528 664 783 719 Sexcenta
808 662 1011 720 millia.
1038 662 1609 732 respondit,peditum
1636 670 2182 732 pugnatorum,exce-

522 742 614 806 pta
632 734 1016 788 innumerabili
1040 735 1200 803 vulgo
1226 734 1389 802 hujus
1419 733 1603 803 populi
1626 738 1984 806 numerantur
2000 751 2179 789 :num-

526 805 655 877 quid
681 806 872 859 bonum
910 812 957 858 et
982 806 1161 859 ovium
1191 808 1449 858 immensa
1479 805 1765 877 multitudo
1793 806 2047 869 caedetur,
2084 815 2178 861 aut

526 876 595 933 ad
623 878 1013 932 saturationem
1043 877 1457 931 innumerabilis
1490 876 1663 931 turbae
1710 878 1877 947 pisces
1916 877 2091 932 maris
2122 883 2178 933 in

527 967 693 1003 unum
718 949 1182 1019 congregabuntur
1201 948 1227 1000 ?
1257 948 1554 1002 Etidcirco
1576 954 1636 1001 ut
1663 948 1805 1002 nihil
1829 948 1901 1002 de
1924 948 2012 1011 iis,
2043 966 2177 1020 quas

525 1022 701 1091 Moysi
756 1036 923 1074 mens
977 1020 1223 1089 fragilis,
1260 1025 1460 1087 utpote
1504 1020 1773 1074 humana
1814 1020 2079 1089 arripuit,
2114 1021 2175 1076 in

527 1098 763 1163 pastum
795 1092 998 1162 populi
1032 1092 1284 1145 cederet.
1328 1091 1529 1146 Ventus
1554 1109 1585 1163 a
1616 1092 1851 1147 Domino
1878 1091 2173 1161 egrediens,

523 1162 781 1234 arreptas
802 1171 956 1217 trans
986 1180 1131 1217 mare
1164 1164 1483 1234 coturnices,
1517 1162 1586 1215 ad
1612 1170 1911 1216 castrorum
1943 1163 2057 1215 loca
2088 1164 2176 1218 de-

526 1233 674 1301 tulit,
726 1252 908 1305 easque
967 1234 1173 1289 duobus
1204 1233 1400 1287 cubitis
1458 1236 1515 1305 in
1580 1248 1703 1286 aere
1753 1234 1987 1286 volantes
2024 1235 2173 1289 circa

522 1304 829 1361 castrorum
860 1306 989 1367 loca,
1024 1311 1282 1375 quantum
1312 1322 1419 1358 una
1449 1304 1532 1357 die
1563 1304 1755 1377 conﬁci
1786 1311 1971 1377 potesl.
2007 1304 2174 1377 Orty-

525 1384 857 1445 gometram
894 1378 1142 1431 inseruit
1181 1376 1263 1444 (a)
1294 1392 1305 1428 :
1362 1392 1545 1445 quam
1576 1375 1833 1445 populus
1865 1375 2169 1445 colligens,

523 1465 729 1503 mense
760 1449 1009 1513 integro,
1039 1448 1098 1500 id
1124 1453 1228 1511 est,
1259 1446 1491 1516 triginta
1510 1448 1721 1500 diebus
1748 1448 2030 1503 comedit.
2058 1450 2171 1504 Sed

523 1519 862 1573 incredulos
895 1519 1374 1573 murmurationis
1405 1518 1553 1575 ultio
1585 1521 1985 1576 consequitur.
2023 1522 2170 1576 Nam

523 1590 582 1643 in
610 1590 707 1643 illo
738 1589 889 1653 loco,
936 1592 1288 1661 priusquam
1338 1589 1597 1661 populus
1633 1589 2029 1655 egrederetur,
2067 1592 2169 1661 qui

521 1660 966 1731 concupierant,
1020 1660 1137 1715 irai
1174 1660 1477 1715 dominica
1534 1662 1776 1716 mactati
1807 1660 2172 1731 sepeliuntur

523 1732 716 1801 (Num.
754 1735 855 1801 ιι).
891 1734 1053 1787 Certe
1099 1733 1156 1785 in
1187 1732 1301 1786 hoc
1356 1732 1500 1786 nihil
1547 1748 1769 1787 novum
1832 1733 1924 1787 vel
1965 1738 2171 1790 contra

521 1810 795 1859 naturam
830 1820 863 1858 a
890 1805 1138 1875 Domino
1169 1803 1587 1875 contribuitur,
1637 1804 1743 1875 qui
1775 1802 1917 1859 olim
1945 1811 2169 1861 creatu-

519 1890 649 1929 ram
680 1875 878 1947 avium
907 1874 1227 1947 conditam,
1259 1880 1314 1929 et
1339 1875 1398 1928 in
1422 1874 1626 1929 abdito
1660 1874 1869 1930 mundi
1899 1877 2168 1947 quodam

520 1946 1232 2018 anguloreconditam,in
1260 1948 1609 2000 necessitate
1634 1947 1841 2017 populi
1865 1946 1952 2002 sui
1986 1965 2165 2018 praes-

520 2022 641 2072 tare
666 2017 913 2072 videtur.
944 2019 1229 2083 Quamvis
1259 2018 1315 2071 in
1342 2018 1493 2072 libro
1522 2019 1837 2087 Sapientiae
1867 2017 2168 2089 scribitur,

520 2090 726 2144 Novam
782 2097 1089 2144 creaturam
1136 2090 1323 2143 avium
1370 2089 1623 2143 viderunt
1674 2089 1826 2159 (Sap.
1878 2106 1998 2153 ιιι,
2027 2092 2162 2160 ll):

518 2176 709 2231 nuper
740 2160 950 2232 utique
970 2165 1294 2223 ostensam,
1329 2175 1447 2215 non
1475 2176 1666 2231 nuper
1686 2166 1965 2216 creatam.
1998 2163 2166 2227 Quod

516 2232 655 2287 olim
686 2234 839 2286 Deus
882 2248 1020 2287 cum
1053 2232 1280 2285 caeteris
1303 2232 1587 2287 creaturis
1615 2234 1672 2286 in
1703 2232 2000 2303 principio
2031 2249 2170 2289 con-

517 2304 683 2370 didit,
715 2304 829 2357 hoc
859 2304 917 2357 in
946 2310 1211 2375 tempore
1244 2304 1615 2358 necessitatis
1638 2303 1795 2374 plebi
1819 2320 1941 2359 sure
1968 2306 2167 2359 minis-

516 2377 708 2430 travit.
734 2376 847 2429 Sed
878 2374 1315 2429 tamen’idcirco
1346 2375 1681 2430 coturnices
1712 2376 1785 2430 ad
1821 2376 1933 2431 tale
1965 2377 2165 2430 minis-

518 2447 749 2509 terium,
784 2463 918 2518 quae
961 2447 1121 2516 prius
1172 2462 1309 2501 cum
1350 2462 1575 2502 manna
1615 2447 1967 2502 contributas
2023 2448 2166 2503 nihil

516 2518 750 2571 adversi
803 2518 1116 2572 edentibus
1169 2519 1560 2579 contulerant,
1622 2518 1733 2573 ista
1782 2520 1907 2572 vice
1952 2520 2166 2574 iterum

514 2588 741 2650 detulit,
774 2604 846 2642 ne
868 2591 1185 2659 quisquam
1202 2594 1452 2659 putaret,
1468 2587 1632 2659 quod
1654 2604 1793 2643 esca
1810 2590 2008 2644 avium
2040 2591 2164 2646 sine

516 2660 1006 2731 murmurationis
1019 2660 1195 2727 culpa
1212 2664 1461 2713 mortem
1478 2660 1699 2728 populo
1717 2660 1985 2729 praestitit
2001 2674 2166 2731 :quo-

516 2730 678 2785 niam
696 2731 820 2784 etin
836 2730 947 2784 hac
965 2731 1221 2784 vindicta
1236 2745 1380 2783 sana
1407 2731 1769 2785 conscientia
1784 2730 2164 2787 comedentes

515 2801 847 2855 incolumes
888 2802 1145 2855 servavit
1175 2819 1187 2867 ;
1223 2805 1276 2853 et
1320 2800 1566 2869 quando
1598 2817 1734 2856 cum
1765 2818 1989 2857 manna
2022 2805 2163 2860 data

514 2876 620 2935 est,
651 2873 752 2925 toti
788 2870 1145 2943 multitudini
1181 2870 1322 2943 nihil
1350 2872 1716 2927 incommodi
1752 2873 2025 2943 prmbuit.

513 2944 739 2997 CAPUT
778 2942 1010 3017 XXVlII.
1043 2974 1107 2981 —
1141 2944 1215 2997 De
1253 2942 1603 3017 .Ethiopirssa
1647 2942 1818 3017 umore
1872 2946 2064 3017 Moysi,
2113 2953 2161 3001 et

912 3013 1061 3084 lepra
1092 3016 1538 3069 murmuratricis
1561 3016 1765 3070 Mariae.

588 3083 977 3139 Postmodum
1013 3090 1253 3156 propter
1285 3085 1701 3156 Ethiopissam
1733 3089 1859 3155 ejus
1891 3104 2157 3155 uxorem,

510 3158 708 3210 Aaron
732 3160 786 3209 et
816 3156 992 3212 Maria
1018 3162 1223 3212 contra
1252 3160 1488 3228 Moysen
1522 3158 1835 3215 insolentia
1866 3159 2160 3214 verbade-

510 3232 813 3297 promunt,
838 3243 1016 3298 quem
1032 3229 1301 3283 omnium
1317 3230 1419 3299 qui
1436 3235 1573 3285 tunc
1588 3230 1645 3285 in
1666 3236 1817 3285 terra
1839 3231 2160 3286 moraban-

510 3303 623 3371 t_ur,
652 3299 1035 3355 mitissimum
1099 3300 1414 3355 hominum
1463 3302 1714 3371 Spiritus
1766 3302 1956 3357 sancti
2001 3302 2157 3358 dicta

507 3369 872 3425 describunt.
909 3372 1021 3427 Sed
1038 3388 1173 3426 cum
1204 3377 1317 3427 tres
1336 3369 1565 3427 tantum
1582 3372 1710 3427 illos
1725 3372 1783 3427 in
1810 3372 2157 3429 tabernacu-

507 3440 630 3496 lum
660 3448 951 3502 vocasset.
971 3448 1163 3498 Aaron
1197 3443 1529 3509 castigatus
1562 3444 1663 3498 Dei
1694 3459 1991 3509 sermone,
2024 3445 2157 3499 oleo

508 3515 805 3569 unctionis
835 3531 869 3569 a
894 3515 1156 3570 vindicta
1177 3514 1514 3569 defenditur
1546 3531 1558 3579 ;
1590 3516 1778 3571 Marias
1814 3530 1952 3569 vero
1975 3516 2156 3584 leprae

506 3586 767 3640 candore
785 3602 1005 3658 corpus
1022 3592 1405 3650 marceratur,
1422 3593 1790 3658 quapropter
1802 3587 1979 3641 etiam
1994 3593 2157 3644 extra

505 3660 702 3730 castra
719 3673 961 3730 manere
994 3659 1351 3728 praecipitur.
1370 3658 1481 3713 Sed
1498 3665 1703 3713 orante
1720 3674 1826 3726 pro
1849 3674 1919 3713 ea
1938 3662 2151 3730 Moyse,

506 3729 761 3797 septimo
808 3728 905 3782 die
929 3730 1140 3783 iterum
1168 3734 1482 3784 revocatur
1532 3746 1679 3785 sana
1711 3730 1899 3795 (Num.
1928 3728 2053 3794 xu).
2087 3736 2156 3785 At

505 3813 647 3872 vero
678 3798 752 3852 de
778 3798 891 3872 ista
922 3802 1100 3870 Moysi
1125 3800 1483 3871 {Ethiopissa
1506 3802 1763 3871 conjuge
1781 3801 2000 3872 duplex
2031 3818 2154 3858 ma-

506 3868 827 3933 gistrorum
861 3868 1447 3944 inveniturintentio
1482 3888 1493 3926 :
1529 3868 1727 3944 utrum
1758 3873 1831 3927 de
1862 3868 2155 3944 )Ethiopia

506 3952 643 4014 cum
677 3940 917 4014 essetin
940 3941 1123 3996 domo
1139 3942 1477 4014 Pharaonis,
1508 3942 1579 3996 de
1604 3940 2155 4014 quaquadragena-

503 4007 630 4085 rius
659 4009 1326 4085 egreditur,_acceperit,
1360 4029 1495 4083 quas
1520 4007 1866 4082 per-multos
1900 4007 2152 4085 peregri-

505 4080 764 4135 nationis
786 4081 918 4149 ejus
943 4082 1070 4136 dies
1100 4080 1267 4136 illum
1291 4080 1654 4154 exspectavit
1684 4102 1696 4147 ;
1732 4102 1807 4139 an
1843 4080 2152 4153 signorum

506 4155 792 4223 tempore,
820 4158 1145 4229 cum_po_st
1172 4155 1715 4229 peregrinationem
1750 4157 1807 4229 in
1836 4160 2150 4229 Egyptum

504 4238 775 4299 reversus
805 4223 1361 4299 est,_AEthiopissam
1414 4241 1663 4299 uxorem
1712 4228 1821 4281 sibi
1848 4223 2147 4299 junierat,

502 4310 686 4365 quam
711 4295 785 4351 de
814 4297 1110 4370 Ethiopia
1132 4295 1333 4370 secum
1348 4302 1519 4370 etper
1532 4297 1834 4370 desertum
1849 4295 2146 4367 ducebat;

501 4382 577 4421 an
610 4383 781 4441 teque
804 4368 876 4441 de
901 4370 1167 4439 Sephora
1194 4368 1603 4441 dicitur'quod
1657 4369 2018 4440 Ethiopissa
2051 4373 2146 4438 sit,

500 4437 749 4513 quando
763 4439 837 4495 ad
853 4437 1197 4512 aquilonem
1220 4441 1400 4497 maris
1421 4437 1611 4505 Rubri,
1632 4442 1729 4495 ubi
1754 4442 1839 4513 pri
1852 4437 1916 4513 us
1932 4441 2149 4497 (Ethio-

499 4526 605 4583 pes
634 4510 890 4573 fuerunt,
914 4510 1269 4583 Ethiopiam
1293 4514 1537 4569 alteram
1556 4510 1978 4569 essein’multis
2004 4513 2149 4569 locis

499 4580 1211 4656 historiarumScripturm
1230 4585 1594 4640 describunt.
1609 4588 1686 4641 De
1707 4586 1897 4656 quain
1916 4586 2150 4640 ecclesi-

497 4653 1226 4738 a‘st'icanhistoriascjibitur
1240 4656 1391 4738 quod
1408 4673 1475 4711 ex
1492 4653 1850 4738 partem—diae
1865 4657 2148 4738 adhaeret:

502 4724 649 4797 Elin
672 4724 1305 4782 ChronicisCanonicis
1336 4727 1831 4784 Eusebiirefertur
1858 4728 1952 4797 (b),
1983 4728 2146 4797 quod

500 4792 804 4871 .‘Ethiopes
821 4797 899 4871 ab
924 4798 1069 4853 Indo
1082 4798 1323 4853 ﬂumine
1346 4806 1771 4871 consurgentes
1788 4792 1960 4870 justa
1973 4792 2147 4871 Egy-

498 4868 1345 4948 ptumconseder_unt.§i_tquo
1388 4870 1746 4948 intelligitur,
1792 4868 1957 4948 quod
1991 4868 2148 4948 terra

496 4935 595 5011 illa
611 4935 796 5008 inqua
808 4940 1081 5008 primitus
1094 4935 1392 5011 Ethiopes
1405 4935 2147 5011 habitaveriint,/Ethi0pia

494 5008 654 5064 dicta
681 5025 811 5063 esse
831 5012 1087 5081 potuerit
1107 5008 1342 5083 ;exqua
1364 5012 1660 5082 Ethiopia
1675 5013 1718 5065 si
1750 5015 1975 5083 Moyses
1998 5008 2145 5067 uiro-

493 5098 619 5137 rem
649 5098 820 5136 suam
855 5088 1185 5154 acceperat,
1220 5082 1352 5137 ideo
1374 5083 1743 5153 Ethiopissa
1765 5083 2144 5141 dictat‘uerat.

563 5155 787 5210 CAPUT
828 5156 1001 5210 XXIX.
1036 5185 1096 5194 —
1144 5154 1217 5209 De
1248 5154 1420 5209 Chore
1438 5163 1485 5209 et
1514 5155 1731 5210 Dathan
1761 5163 1811 5210 et
1838 5155 2070 5210 Abiron.

564 5226 751 5281 Chore
766 5242 1008 5298 quoque
1041 5225 1196 5280 ﬁlius
1215 5225 1495 5281 Issaarde
1516 5228 1667 5282 tribu
1688 5228 1841 5289 Levi,
1861 5227 2144 5297 patruelis

492 5296 673 5368 Moysi
706 5302 763 5352 et
788 5296 981 5353 Aaron
1015 5314 1026 5364 ;
1058 5303 1113 5353 et
1137 5298 1387 5365 Dathan,
1411 5306 1465 5353 et
1496 5299 1711 5354 Abiron
1732 5298 1833 5353 ﬁlii
1866 5296 2056 5364 Eliab;
2091 5304 2146 5355 et

492 5367 639 5431 Hon,
673 5369 830 5425 ﬁlius
854 5370 1107 5425 Phelech
1135 5371 1208 5426 de
1233 5371 1386 5425 tribu
1404 5371 1632 5433 Ruben,
1658 5376 1715 5425 et
1737 5375 2022 5441 praeterea
2039 5370 2144 5425 du-

492 5441 642 5513 centi
690 5442 1129 5512 quinquaginta
1179 5442 1284 5497 viri
1342 5459 1615 5511 proceres
1648 5457 1995 5512 synagogre,
2040 5442 2143 5513 qni

492 5507 759 5586 tempore
802 5507 1026 5586 consilii
1061 5530 1166 5581 per
1195 5507 1441 5570 nomina
1471 5507 1910 5578 vocitabantur,
1943 5507 2145 5584 super-

492 5577 699 5632 cilio’so
731 5584 1018 5651 superbiae
1048 5577 1277 5641 tumore
1327 5592 1535 5643 contra
1587 5588 1828 5657 Moysen
1863 5577 1917 5641 et
1947 5577 2143 5641 Aaron

656 5666 809 5739 φξυα
833 5675 1527 5739 emetra,gen‘usAcoturnicis
1545 5674 1739 5739 insigni
1755 5673 2144 5738 magnitudine.

550 5725 622 5788 (b)
666 5725 746 5775 Ad
772 5740 975 5780 annum
996 5725 1186 5782 mundi
1219 5736 1357 5785 3580.

1286 178 1377 233 DE
1421 176 1888 233 MIRABILIBUS
1928 176 2184 233 SACR/E
2221 177 2671 249 SCRIPTURE,
2710 179 2772 234 S.
2818 178 3201 236 AUGUSTINI

3813 181 3948 236 ειη

2294 308 2599 360 steterunt.
2626 304 2851 361 Etenim
2879 304 3067 360 Chore
3093 302 3393 361 vindicare
3413 304 3525 360 sibi
3541 304 3951 363 sacerdotium

2294 376 2579 439 voluerat,
2598 383 2655 432 et
2681 376 2889 447 reliqui
2910 377 3008 431 alii
3026 375 3099 430 de
3118 377 3452 447 principatu
3470 377 3679 448 populi
3705 386 3952 435 conten-

2291 448 2530 503 debant.
2565 448 2678 503 Sed
2706 448 2873 503 illum
2915 449 3017 519 qui
3051 450 3251 516 ignem
3290 449 3620 504 holocausti
3658 449 3782 506 Deo
3834 467 3949 506 non

2291 521 2670 589 praecipiente
2700 519 2912 575 offerre
2936 518 3250 591 appetivit,
3282 518 3619 591 holocausti
3652 524 3946 591 tempore,

2289 591 2541 647 ccelestis
2571 591 2726 661 ignis
2758 607 2893 646 cum
2942 591 3053 656 his,
3103 591 3205 662 qui
3237 590 3314 645 ad
3366 607 3506 647 eum
3542 590 3946 661 pertinebant,

2287 663 2622 732 absumpsit
2650 682 2663 732 ;
2699 668 2753 717 et
2785 678 2887 717 eos
2908 662 3089 733 quise
3110 664 3166 716 in
3192 662 3490 717 excelsum
3511 664 3826 719 elevantes
3856 668 3946 720 Dei

2287 734 2647 789 ordinationi
2674 734 2941 789 resistere
2971 740 3296 803 cmperant,
3314 734 3425 789 sub
3453 735 3716 804 pedibus
3739 752 3949 792 eorum

2289 810 2440 859 terra
2471 804 2805 869 dehiscens,
2826 810 3035 875 aperto
3063 806 3247 859 orein
3264 804 3562 860 infernum
3584 806 3948 875 deglutiens,

2289 878 2513 931 voravit
2544 877 2732 948 (Num.
2764 892 2871 942 XVI,
2893 878 2916 930 1
2939 876 3064 946 ς36).
3094 876 3159 930 In
3182 877 3402 946 quibus
3421 876 3949 934 manifesteosten-

2285 948 2460 1010 ditur,
2495 948 2655 1020 quod
2693 948 3069 1020 tantumdem
3108 947 3422 1020 sensibiles
3471 954 3528 1003 et
3557 950 3946 1005 insensibiles

2285 1019 2569 1074 creaturae
2594 1019 2863 1074 Deidicto
2889 1019 3210 1085 obediunt;
3242 1019 3389 1074 dum
3416 1022 3947 1091 quemadmodum

2286 1092 2547 1145 viventes
2573 1091 2835 1145 celeriter
2860 1106 2998 1145 cum
3031 1091 3161 1160 ejus
3191 1092 3440 1161 imperio
3470 1092 3742 1157 veniunt,
3781 1093 3865 1148 ita
3894 1102 3945 1149 et

2282 1177 2416 1233 quas
2449 1178 2567 1216 non
2610 1164 2830 1225 vivunt,
2871 1161 3027 1216 velut
3055 1162 3343 1227 viventes,
3394 1162 3561 1232 quod
3592 1164 3943 1234 praecipitur

2282 1240 2593 1302 peragunt.
2613 1234 2725 1289 Sed
2748 1234 3028 1304 quamvis
3048 1235 3220 1304 quasi
3251 1235 3451 1288 vivens
3473 1240 3630 1290 terra
3650 1234 3807 1289 illud
3828 1238 3944 1291 vin-

2278 1305 2446 1359 dictas
2477 1304 2742 1359 ofﬁcium
2772 1305 3039 1375 peragit,
3083 1310 3290 1360 contra
3322 1311 3599 1360 naturam
3644 1312 3858 1361 tamen
3890 1310 3943 1362 in

2279 1376 2378 1431 illo
2406 1392 2791 1447 nequaquam
2824 1374 3049 1447 aliquid
3080 1375 3142 1430 fit
3174 1389 3187 1428 :
3221 1376 3401 1431 vitam
3427 1376 3587 1431 enim
3616 1377 3943 1434 insensibi-

2279 1447 2395 1502 lem
2437 1453 2590 1521 terra
2653 1447 2876 1503 habere
2936 1447 3344 1521 indubitanter
3395 1447 3797 1521 dignoscitur,
3846 1466 3944 1521 per

2276 1534 2462 1590 quam
2495 1518 2554 1573 in
2581 1534 2642 1572 se
2669 1518 2996 1574 crescentia
3049 1520 3335 1573 arborum
3370 1524 3428 1573 et
3455 1519 3694 1574 olerum
3727 1518 3943 1577 fruteta

2281 1590 2503 1645 moveri
2529 1591 2816 1645 videntur.
2836 1590 2999 1664 Unde
3022 1590 3196 1664 quasi
3221 1590 3279 1644 in
3305 1591 3534 1664 vivente
3551 1606 3740 1664 carne
3759 1592 3943 1664 palpi-

2281 1666 2469 1716 tantes
2503 1677 2660 1735 vente
2687 1661 3002 1735 sanguinis
3048 1663 3423 1735 discurrunt,
3470 1663 3549 1716 ita
3608 1662 3805 1719 etiam
3837 1661 3939 1735 per

2275 1733 2831 1807 terramviventium
2845 1748 3142 1807 aquarum
3157 1732 3260 1786 rivi
3279 1732 3615 1804 proﬂuunt:
3634 1750 3749 1803 per
3762 1732 3938 1807 quam

2276 1805 2461 1859 vitam
2492 1804 2899 1859 insensibilem
2953 1806 3069 1858 Deo
3095 1804 3427 1874 imperante
3469 1810 3623 1859 terra
3662 1804 3938 1863 ossuum

2276 1875 2530 1956 aperuit,
2561 1876 2807 1956 quando
2833 1876 3146 1956 hominum
3174 1878 3789 1956 pe_cc_atorum,_quasi
3826 1894 3937 1956 ser-

2276 1946 2444 2001 viens
2469 1948 2523 2000 in
2557 1948 2885 2001 ministerio
2912 1948 3211 2010 vindictas,
3247 1946 3639 2002 tabernacula
3676 1950 3933 2004 voravit.

2277 2019 2498 2073 CAPUT
2525 2019 2680 2090 XXX.
2700 2049 2765 2057 —
2794 2019 2870 2072 De
2896 2018 3082 2087 plaga,
3115 2035 3231 2088 quae
3261 2018 3525 2090 descendit
3557 2020 3618 2072 in
3647 2021 3930 2090 populum,

2504 2089 2714 2159 quando
2752 2091 2955 2160 Moyses
2977 2090 3122 2159 fugit
3154 2091 3213 2144 in
3244 2089 3694 2144 Tabernaculum.

2343 2159 2621 2231 Sequenti
2640 2159 2957 2216 itidem’die
2976 2167 3127 2233 totus
3148 2161 3409 2232 populus
3432 2168 3639 2216 contra
3684 2162 3936 2233 Moysen

2273 2236 2331 2306 et
2355 2234 2766 2306 Aaron,_quasi
2796 2232 3107 2306 sanguinis
3131 2248 3263 2306 reos
3286 2234 3683 2306 consurrexit,
3712 2232 3935 2306 eosque

2274 2304 2332 2357 in
2347 2303 2695 2357 eorumdem
2711 2304 2995 2358 ultionem
3016 2304 3288 2358 occidere
3312 2304 3518 2358 voluit.
3537 2304 3653 2360 Sed
3672 2305 3775 2359 hic
3790 2303 3939 2360 uter-

2273 2389 2411 2445 que,
2446 2377 2671 2445 Moyses
2721 2375 2990 2429 videlicet
3020 2380 3075 2428 et
3102 2378 3319 2437 Aaron,
3354 2376 3431 2430 ad
3463 2376 3936 2433 tabernaculum

2277 2444 2375 2517 Dei
2401 2444 2739 2514 diffugiunt,
2770 2451 2823 2501 et
2856 2448 3070 2501 iterum
3103 2447 3162 2500 in
3186 2445 3390 2500 rebelli
3419 2446 3644 2517 populo
3674 2448 3936 2503 caelestis

2273 2516 2527 2589 ﬂamma
2559 2517 2825 2589 desaevit.
2903 2520 3276 2586 Rursumque
3320 2516 3527 2589 Aaron
3594 2519 3937 2589 imperante

2272 2589 2491 2661 Moyse,
2516 2588 2761 2661 impleto
2775 2589 2977 2642 altaris
2992 2588 3135 2661 igne
3153 2588 3474 2657 thuribulo,
3494 2589 3658 2661 foras
3674 2588 3733 2643 in
3753 2606 3939 2661 popu-

2272 2658 2395 2712 lum
2445 2658 2626 2721 venit,
2658 2664 2715 2713 et
2766 2661 2915 2713 inter
2947 2660 3115 2713 vivos
3162 2668 3217 2714 et
3250 2664 3516 2714 mortuos
3537 2658 3938 2728 digredientis

2272 2730 2878 2805 vestigiumvindicta
2909 2746 3028 2785 non
3060 2732 3347 2805 transivit.
3383 2733 3559 2805 Recto
3591 2733 3649 2785 in
3685 2738 3937 2805 utroque

2272 2802 2681 2875 moderamine
2708 2800 2941 2865 effecto,
2971 2807 3030 2857 ut
3049 2803 3153 2873 qui
3176 2807 3384 2857 contra
3401 2802 3601 2875 j‘ustos
3626 2800 3938 2875 principes

2270 2872 2753 2940 iracunditeigne
2800 2874 2957 2927 intus
3002 2872 3371 2937 exarserant,
3407 2872 3934 2943 forisjustissimze

2270 2944 2544 3016 vindictas
2602 2944 2851 2999 flamma
2895 2944 3334 3012 conflagrarent
3365 2962 3377 2999 :
3413 2952 3467 3016 et
3512 2946 3710 3016 quiin
3753 2947 3936 3001 corde

2270 3015 2679 3085 proximorum
2729 3016 2935 3085 culpas
2980 3016 3353 3070 veniabiliter
3420 3014 3751 3081 dimiserat,
3807 3021 3936 3085 ejus

2270 3088 2511 3157 vestigio
2538 3086 2816 3141 defensos
2854 3086 3007 3155 ignis
3057 3087 3131 3141 de
3164 3086 3313 3142 caelo
3342 3088 3558 3142 missus
3590 3104 3763 3142 urere
3814 3106 3933 3143 non

2265 3158 2546 3230 audebat.
2587 3158 2685 3212 llla
2718 3166 2917 3213 autem
2952 3158 3047 3212 die
3065 3159 3521 3229 quatuordecim
3555 3160 3747 3215 millia
3770 3160 3927 3230 ignis

2270 3228 2362 3283 ille
2390 3235 2849 3299 consumpserat
2881 3228 3215 3297 (Numfxvn,
3240 3229 3453 3299 41-49).

2264 3300 2485 3355 CAPUT
2518 3300 2688 3355 XXXI.
2723 3331 2790 3341 —
2840 3301 2915 3355 De
2968 3302 3126 3370 virga
3155 3301 3364 3363 Aaron,
3409 3317 3529 3371 quae
3571 3300 3927 3370 fronduerat.

2336 3372 2496 3436 Quos
2511 3373 2687 3426 etiam
2707 3372 3043 3426 rebellionis
3066 3378 3265 3426 reatus
3280 3374 3522 3440 gravius
3540 3374 3929 3442 perurgebat.

2264 3444 2533 3496 Attamen
2566 3450 2837 3497 cessante
2872 3442 3145 3507 tumultu,
3179 3450 3237 3497 ut
3271 3443 3489 3512 singuli
3544 3444 3927 3499 manifestius

2258 3514 2496 3577 scirent,
2512 3530 2692 3584 quem
2713 3514 2827 3569 sibi
2848 3516 3133 3569 Dominus
3158 3515 3216 3569 in
3238 3513 3926 3585 sacerdotiumeligeret,

2264 3585 2631 3653 singulorum
2664 3601 2733 3639 ex
2766 3586 3005 3641 duabus
3035 3591 3090 3639 et
3118 3586 3325 3641 decem
3377 3586 3658 3640 tribubus
3712 3587 3927 3657 princi-

2264 3671 2408 3727 pum
2442 3657 2635 3724 virgas
2668 3657 2906 3711 insertis
2940 3657 3282 3712 nominibus
3309 3659 3542 3727 Moyses
3590 3657 3928 3726 postulave-

2262 3732 2371 3791 rat,
2389 3732 2444 3782 et
2457 3744 2564 3799 pro
2580 3734 2733 3783 sorte
2748 3728 3014 3783 Leviticaa
3030 3728 3222 3782 tribus
3239 3734 3433 3783 Aaron
3452 3730 3687 3793 virgam
3706 3729 3925 3784 inserto

2262 3800 2504 3871 nomine
2527 3805 2856 3871 acceperat,
2890 3815 3043 3871 quas
3088 3800 3147 3853 in
3174 3804 3501 3869 conspectu
3540 3800 3779 3855 Domini
3815 3801 3923 3855 sub

2263 3870 2628 3925 tabernaculi
2662 3876 2811 3925 tecto
2843 3870 2961 3926 una
2990 3875 3163 3925 nocte
3192 3871 3483 3926 recondit.
3514 3871 3787 3927 Crastino
3818 3888 3923 3926 au-

2262 3948 2382 3996 tem
2406 3957 2582 3997 mane
2596 3948 2787 3997 Aaron
2805 3942 2975 4014 virga
2993 3942 3337 4011 gemmulas
3353 3941 3739 4014 amygdalini
3763 3944 3923 3998 ﬂoris

2261 4014 2535 4073 ostendit.
2560 4029 2681 4083 quo
2714 4013 2951 4083 patebat
2982 4020 3177 4067 Aaron
3199 4029 3323 4084 prie
3345 4013 3631 4068 omnibus
3650 4013 3715 4067 in
3733 4030 3921 4070 sacer-

2261 4086 2489 4166 dotium
2511 4084 3611 4166 Deum‘elegisselNuvau,1.8).Nec
3633 4086 3920 4166 tamenin

2260 4156 2374 4211 hoc
2391 4161 2597 4212 contra
2622 4162 2898 4212 naturam
2933 4155 3103 4225 virga
3130 4160 3496 4211 monstratur
3523 4155 3757 4228 aliquid
3778 4157 3921 4213 eﬂe-

2265 4244 2555 4354 mSCSXDUT
2577 4299 2774 4354 XXXII.
2807 4327 2876 4338 —
2900 4297 2976 4351 De
2996 4304 3154 4367 petra
3185 4298 3267 4351 bis
3294 4312 3553 4367 percussa
3576 4298 3848 4354 inﬂata.

2324 4371 2633 4440 lnterjeeto
2652 4375 2922 4440 tempore
2948 4369 3171 4425 dehinc
3188 4369 3459 4440 populus
3478 4368 3696 4424 sitiens
3724 4370 3788 4424 in
3817 4374 3922 4425 Ca-

2258 4441 2365 4496 des
2394 4442 2607 4496 deserti
2642 4443 2764 4503 Sin,
2807 4456 3114 4496 murmure
3142 4440 3307 4509 gravi
3349 4445 3557 4495 contra
3582 4440 3839 4509 Moysen
3869 4448 3922 4496 et

2259 4517 2453 4566 Aaron
2488 4512 2906 4567 tumultuabat.
2928 4514 3062 4577 Quae
3088 4527 3181 4566 res
3203 4511 3348 4566 dum
3372 4512 3449 4566 ad
3474 4512 3803 4567 Dominum
3820 4528 3922 4583 per

2259 4586 2497 4653 Moysen
2515 4584 2779 4647 refertur,
2803 4585 2965 4652 virga
2982 4584 3204 4653 percuti
3227 4589 3394 4653 petra
3413 4583 3781 4653 praecipitur.
3809 4585 3919 4641 Sed

2260 4657 2489 4725 Moyses
2506 4654 2758 4710 inﬁdelis
2774 4656 2979 4725 populi
2996 4670 3302 4709 murmure
3316 4654 3832 4725 permotus,etiam
3849 4656 3920 4709 de

2258 4732 2557 4797 praecepto
2590 4727 2819 4781 Domini
2849 4726 2964 4780 tide
2996 4726 3289 4789 titubavit,
3312 4740 3655 4797 coramque
3684 4727 3919 4797 popqu

2258 4814 2394 4852 cum
2419 4796 2611 4853 Aaron
2635 4798 2723 4852 bis
2741 4802 2968 4867 petram
2988 4797 3294 4867 percussit,
3310 4796 3644 4866 Iagiterque
3665 4796 3919 4852 ﬂuentes

2257 4885 2450 4940 aquas
2485 4870 2687 4923 sitiens
2711 4868 2971 4940 populus
2992 4868 3155 4922 bibit.
3186 4867 3302 4922 Sed
3330 4868 3442 4922 hac
3463 4884 3654 4940 causa
3683 4871 3918 4939 Moyses

2256 4938 2472 4995 terram
2506 4938 2983 5010 repromissionis
3030 4955 3148 4993 non
3182 4939 3416 4993 intravit
3459 4938 3567 5006 (Id.
3604 4955 3703 5003 xx,
3739 4938 3911 4994 242).

2257 5013 2447 5067 Semel
2471 5012 2528 5066 in
2571 5012 2722 5067 Oreb
2744 5017 2907 5080 petra
2938 5011 3283 5083 percutitur,
3304 5010 3417 5083 ubi
3448 5014 3681 5083 tantum
3707 5010 3913 5083 populi

2256 5083 2573 5138 inﬁdelitas
2601 5088 2841 5137 notatur
2871 5082 3071 5145 (Exod.
3100 5097 3237 5148 xvu,
3270 5082 3344 5148 6).
3381 5082 3441 5135 In
3472 5081 3663 5137 Cades
3710 5081 3914 5137 autem

2256 5155 2470 5209 deserti
2501 5155 2598 5208 Sin
2629 5170 2843 5208 saxum
2874 5155 2963 5208 bis
2983 5168 3204 5225 cassum
3222 5152 3630 5225 pulsaturzibi
3654 5168 3915 5225 namque

2257 5226 2575 5281 infidelitas
2609 5225 2665 5278 in
2701 5224 2925 5295 populo
2952 5224 3086 5279 etin
3126 5224 3278 5278 duce
3300 5222 3695 5291 dignoscitur.

2496 5297 2718 5351 CAPUT
2750 5294 2971 5352 XXXIII.
3004 5327 3071 5336 —
3104 5294 3181 5349 De
3218 5302 3467 5365 serpente
3496 5311 3665 5349 teneo.

2328 5368 2530 5423 Itidem
2566 5375 2975 5423 murmurante
3006 5366 3462 5438 populoignitos
3480 5366 3916 5434 serpentesﬂa-

2255 5446 2435 5511 tuque
2466 5439 2855 5494 adurentesiu
2882 5437 3018 5493 eum
3036 5439 3319 5492 Dominus
3348 5437 3615 5499 immisit,
3648 5453 3912 5511 quorum

2253 5509 2395 5565 flatu
2425 5514 2670 5566 adustos
2686 5511 2976 5580 plurimos
2994 5514 3500 5564 murmuratorum
3517 5509 3779 5563 necavit.
3796 5512 3916 5565 Cte-

2255 5583 2358 5637 teri
2392 5588 2591 5637 autem
2618 5582 3037 5637 intereuntium
3055 5595 3235 5651 paena
3257 5580 3457 5641 territi,
3480 5584 3539 5632 et
3555 5581 3768 5635 animo
3793 5596 3918 5650 pm-

2255 5654 2473 5709 nitente
2497 5654 2573 5709 ad
2598 5650 3071 5709 satisfactionem
3089 5652 3370 5716 inclinati,
3388 5650 3465 5706 ad
3488 5653 3732 5722 Moysen
3756 5656 3816 5706 et
3838 5653 3919 5707 ad

2255 5724 2579 5782 Dominum
2593 5723 3322 5790 clamaveruntmthaacab
3334 5722 3418 5780 eis
3432 5722 3615 5795 plaga
3628 5730 3917 5781 cessaret.
