4120 6202
275 232 425 289 2173

279 360 348 414 Et
378 358 603 433 idcirco
645 358 835 414 ﬂexus
866 358 1288 432 pmnitentium
1339 361 1618 433 lacrymis
1650 364 1937 420 Dominus

280 431 665 503 Moysijubet,
686 431 1089 503 utserpentem
1107 448 1343 487 aeneum
1365 431 1532 502 virga
1554 436 1611 489 in
1630 436 1934 491 excelsum

279 502 486 558 coram
519 502 745 579 populo
776 504 1211 579 elevare_t_.__Quo
1260 506 1414 560 facto
1459 506 1655 561 statim
1686 524 1933 579 serpens

276 590 485 648 tenens
516 573 776 648 erigitur,
811 573 1159 648 etperillius
1186 582 1492 646 aspectum
1518 573 1936 648 priorum-ser-

274 645 549 717 pentium
576 645 822 700 vulnera
844 645 1217 717 icurabantur
1246 645 1435 716 (Num.
1472 645 1587 717 xxi,
1613 651 1758 717 5-9).
1778 654 1933 707 Atta-

277 716 414 771 men
443 716 965 786 quemadmodum
990 718 1138 773 etde
1158 716 1619 787 virgadiximus,
1648 727 1701 775 et
1720 716 1932 778 arbore

278 803 829 862 quaamaraaqua
850 788 1208 855 indulcatur,
1226 806 1346 845 non
1366 791 1422 845 in
1452 798 1721 862 serpente
1746 794 1930 860 salus,

277 859 381 933 sed
404 859 468 914 in
496 860 727 933 Domini
762 862 1016 933 imperio
1062 862 1391 917 tenebatur.
1443 859 1743 933 Quidquid
1771 859 1926 919 enim

274 931 406 1003 ipse
438 931 843 1001 praecepisset,
880 931 1023 986 illud
1052 936 1191 987 tunc
1234 934 1290 986 in
1322 933 1540 1003 p0pulo
1564 931 1725 989 salus
1751 942 1925 991 esset.

280 1003 393 1058 Sed
425 1002 677 1075 historia
707 1003 1163 1073 praecedentium
1196 1002 1394 1059 rerum
1418 1005 1473 1058 in
1498 1005 1711 1075 ﬁgura,
1740 1008 1928 1063 virtus

277 1074 517 1129 nuncin
548 1074 776 1129 Christo
815 1075 949 1129 etin
981 1075 1232 1130 Ecclesia
1255 1074 1613 1133 continetur.

438 1146 661 1200 CAPUT
691 1146 905 1200 XXXIV.
943 1178 1005 1185 —
1035 1148 1114 1199 De
1133 1145 1360 1201 Balaam
1386 1155 1433 1201 et
1457 1148 1613 1201 asina
1631 1148 1765 1216 ejus.

352 1215 565 1271 Balach
590 1216 748 1270 ﬁlius
776 1218 1020 1287 Sephor,
1046 1234 1183 1272 cum
1213 1220 1268 1272 in
1300 1226 1511 1273 terram
1543 1215 1717 1274 suam
1744 1220 1925 1275 Israel

274 1290 505 1342 venisse
538 1289 945 1357 comperisset,
976 1290 1214 1344 nuntios
1243 1290 1428 1358 misit,
1456 1296 1516 1345 ut
1542 1291 1789 1346 Balaam
1822 1293 1925 1347 ha-

277 1360 487 1413 riolum
516 1358 809 1423 invitaret,
841 1365 900 1415 ut
925 1360 1151 1431 populo
1184 1361 1359 1416 Israel
1389 1362 1786 1417 malediceret.
1814 1364 1925 1428 Qui

272 1446 412 1503 eum
428 1431 641 1485 sedens
654 1446 834 1500 super
845 1432 1073 1487 asinam
1092 1438 1377 1501 pergeret,
1395 1438 1449 1487 et
1462 1434 1628 1489 asina
1642 1435 1923 1503 angelum

268 1501 331 1556 in
348 1503 641 1571 angustiis
656 1508 906 1557 stantem
928 1504 1238 1572 evaginato
1256 1503 1457 1573 gladio
1474 1504 1681 1559 videns
1697 1501 1802 1560 tim
1813 1507 1924 1560 uis-

268 1577 383 1637 set,
412 1579 501 1627 ter
528 1588 682 1628 caesa
712 1574 957 1628 demum
990 1576 1239 1629 domino
1270 1576 1549 1631 substitit.
1606 1577 1769 1632 Unde
1799 1594 1923 1632 am-

275 1643 434 1715 plius
460 1644 783 1719 ﬂagellata
808 1646 1077 1719 humano
1124 1662 1290 1719 more
1310 1653 1711 1719 petisermone,
1747 1649 1922 1719 quasi

268 1713 592 1787 querulosa
614 1716 848 1789 ancilla,
873 1717 1152 1788 loquitur.
1174 1720 1235 1773 Et
1265 1716 1363 1773 illa
1391 1713 1919 1789 loquente,'st'atim

269 1789 516 1861 Balaam
548 1787 723 1861 oculi,
752 1795 835 1861 _ut
892 1787 1195 1861 angelum
1233 1787 1520 1857 cerneret,
1575 1791 1922 1861 aperiuntur

269 1858 460 1927 (Num.
485 1860 644 1932 xxii).
668 1859 864 1932 lnrboc
883 1859 1221 1932 admirabili
1247 1862 1418 1929 signo
1449 1858 1727 1932 quamvis
1754 1863 1921 1917 asina

269 1928 817 2002 competentiaﬂsibi
839 1931 1020 1986 verba
1067 1928 1358 2002 profatur,
1408 1928 1526 1986 non
1569 1938 1769 1987 tamen
1812 1950 1921 1988 sua

270 2008 468 2076 mente
501 2017 609 2076 nec
622 2001 957 2076 affectusuo
976 2001 1267 2074 loquitur;
1285 2004 1396 2076 sed
1416 2005 1698 2076 Dominus
1713 2005 1785 2059 de
1799 2020 1920 2076 quo

269 2073 507 2147 dicitur,
524 2073 596 2127 Et
620 2073 1111 2147 aperuitDomiuus
1135 2092 1189 2147 os
1205 2075 1395 2139 asinae,
1418 2076 1658 2130 sicutad
1676 2073 1922 2147 loquen-

268 2146 417 2218 dum
448 2160 515 2198 os
550 2146 800 2218 aperuit,
843 2148 921 2201 ita
953 2147 1132 2218 etiam
1160 2146 1430 2215 linguam
1465 2152 1521 2202 et
1546 2146 1813 2218 palatum
1859 2148 1919 2202 in

266 2215 450 2271 verba
466 2216 837 2289 gubernavit.
856 2218 1033 2273 Asina
1048 2215 1365 2288 enimquid
1383 2226 1437 2272 et
1450 2215 1753 2289 quomodo
1767 2219 1920 2273 dice-

268 2294 375 2351 ret,
392 2293 448 2341 et
462 2287 507 2340 si
526 2287 752 2359 aliquid
771 2289 1005 2353 diceret,
1027 2287 1274 2344 omnino
1290 2287 1919 2354 nesciébatQuoniam

270 2359 629 2433 et__homines
653 2360 756 2433 qui
788 2360 977 2415 alieno
1012 2361 1439 2433 inﬂatispiritu
1466 2361 1815 2433 loquuntur,
1863 2367 1920 2433 et

271 2429 469 2484 adhuc
486 2446 624 2485 cum
651 2429 997 2502 loquuntur,
1014 2433 1159 2502 quid
1174 2429 1378 2487 dicunt
1394 2429 1684 2497 nesciunt,
1705 2439 1759 2487 et
1776 2432 1918 2487 nihil

268 2515 339 2555 ex
353 2516 423 2575 eo
439 2503 822 2575 recordanturr
840 2519 974 2557 cum
992 2504 1365 2574 resipiscunt.
1385 2504 1492 2559 Sed
1509 2503 1609 2575 qui
1628 2505 1915 2574 loquendi

266 2572 482 2647 modos
505 2579 560 2647 e_t
581 2572 919 2647 inpubibus
936 2575 1057 2647 etin
1075 2572 1211 2643 igne
1235 2591 1392 2647 saepe
1410 2576 1464 2629 in
1476 2572 1650 2639 venit,
1670 2572 1799 2630 etin
1815 2590 1915 2629 ore

264 2643 411 2697 muti
440 2644 719 2699 animalis
740 2645 957 2715 linguae
972 2646 1259 2715 plectrum
1278 2643 1335 2701 in
1350 2647 1531 2702 verba
1542 2648 1912 2715 gubernavit.

268 2663 411 2697 muu
440 2663 719 2699 animans
740 2663 957 2715 linguae
1017 2663 1259 2702 iectrum
1278 2663 1334 2701 in
1350 2663 1912 2715 vernagunernavu.

268 2716 348 2768 Ex
375 2663 1050 2786 quointelligimusnihil
1075 2718 1132 2771 in
1158 2721 1568 2774 naturaasinaa
1594 2718 1913 2774 Dominum

264 2789 819 2859 commutasse,sed
857 2804 962 2859 per
987 2805 1184 2844 aerem
1216 2791 1335 2844 oris
1385 2794 1533 2859 ejus,
1565 2790 1661 2845 illa
1702 2790 1909 2845 etiam:

264 2857 595 2925 ignorante,
650 2857 974 2932 prophetae
1007 2857 1427 2928 ignorantiam'
1472 2863 1915 2932 compescuisse

265 2936 562 3003 quatenus
587 2932 813 2985 Domini
829 2931 1077 3001 Spiritus
1091 2933 1198 2986 etsi
1217 2934 1273 3003 in
1290 2949 1349 2986 se
1364 2931 1913 3003 loqueretur,elatus

264 3000 325 3075 in
359 3001 702 3075 superbiam
735 3018 854 3075 non
875 3000 1053 3068 esset,
1087 3003 1186 3075 qui
1221 3000 1574 3075 frequenter,
1610 3009 1791 3075 etper
1818 3019 1913 3075 res

268 3071 662 3145 insensibiles,
696 3080 749 3128 et
769 3073 1010 3129 brutum
1035 3071 1409 3129 etmutumet
1436 3071 1769 3145 subjectum
1801 3072 1914 3129 sibi

262 3143 509 3217 animal,
554 3145 848 3217 eumdem
919 3145 1081 3217 loqui
1137 3143 1560 3216 comperisset.‘
1618 3146 1909 3210 Quoniam

265 3214 519 3287 Spiritus
552 3216 650 3269 Dei
708 3217 806 3271 ubi
848 3217 975 3272 vult
1002 3214 1189 3287 spirat
1219 3214 1400 3286 (Joan.
1462 3234 1540 3280 ιιι,
1572 3218 1647 3287 8),
1682 3216 1915 3272 etiamsi

266 3285 563 3360 voluntati
586 3288 713 3360 ejus
738 3289 838 3359 qui
864 3285 1144 3360 loquitur,
1165 3289 1359 3343 minus
1387 3285 1721 3344 conveniat.
1753 3288 1916 3344 Sicut

267 3361 321 3411 et
342 3358 490 3430 _Sa1'il
518 3358 842 3430 prophetas
882 3358 1151 3415 occidere
1186 3362 1410 3423 volens,
1446 3360 1605 3415 mala
1634 3360 1912 3415 incitatus

265 3428 566 3503 voluntate
581 3428 840 3495 venerat,
856 3435 913 3485 et
932 3438 1127 3486 tamen
1145 3433 1360 3503 Spiritu
1376 3432 1603 3486 Domini
1620 3437 1912 3500 arreptus,

264 3500 415 3554 inter
445 3516 723 3575 eosquos
755 3500 1241 3574 persequebatur,
1269 3503 1666 3575 prophetabat
1707 3505 1747 3573 (l
1780 3505 1913 3575 Reg.

264 3518 415 3554 inter
445 3518 723 3627 eoslquos
755 3518 1241 3574 persequebatur,
1269 3518 1666 3575 propneiauat
1707 3518 1747 3573 (ι
1780 3518 1913 3573 ueg.

262 3587 383 3645 xix,
414 3573 524 3642 24).
606 3574 721 3628 nde
754 3580 807 3628 et
838 3576 966 3645 ipse
1012 3575 1248 3629 Balaam
1300 3576 1375 3630 ad
1433 3574 1913 3630 maledicendum

262 3642 575 3708 deductus,
605 3652 659 3699 et
689 3645 839 3700 illud
863 3642 1069 3701 volens
1096 3647 1358 3718 implere,
1412 3663 1531 3701 non
1565 3646 1913 3702 maledicere

1400 236 1617 292 LIBER
1659 237 2055 295 SECUNDUS.
2097 272 2161 281 —
2205 240 2583 301 APPENDIX.

3554 234 3698 298 2174

2047 366 2147 440 Dei
2168 367 2392 440 populo
2418 368 2631 440 potuit,
2665 368 2768 424 sed
2802 370 3012 424 contra
3062 366 3430 440 voluntatem
3459 385 3634 424 suam
3661 384 3698 426 a

2046 438 2278 493 Domini
2314 438 2528 509 Spiritu
2552 446 2793 497 coactus
2811 446 2897 495 est
2922 439 3273 494 benedicere
3302 440 3487 506 (Num.
3510 442 3691 509 χχιιι).

2042 510 2141 564 His
2175 526 2315 579 ergo
2338 510 2577 567 duabus
2628 513 2829 567 causis
2862 512 3103 566 Balaam
3152 511 3349 564 venire
3377 526 3410 563 a
3445 512 3695 567 Domino

2041 582 2368 655 permissus
2400 590 2503 649 est,
2534 592 2715 655 utper
2747 581 3235 655 mutum‘auimal
3262 581 3387 651 ejus
3414 581 3693 655 insipien-

2043 654 2121 707 tia
2135 653 2558 720 confutaretur,
2585 652 2639 711 et
2665 656 2957 711 adventus
2972 653 3180 709 Christi
3211 668 3314 721 per
3337 652 3693 721 prophetam

2041 724 2341 796 gentilem,
2370 727 2470 796 qui
2500 727 2733 783 futurus
2761 735 2884 781 erat
2906 728 3169 795 gentium
3196 723 3549 796 Salvator,in
3569 722 3693 791 lege

2042 795 2140 850 Dei
2169 794 2543 863 scriberetur,
2595 799 2655 852 In
2713 799 2878 853 omni
2912 794 3113 867 p0puli
3163 795 3339 849 Israel
3366 794 3569 848 itinere
3597 810 3692 849 co-

2038 867 2247 941 lumna
2273 869 2446 941 nobis
2479 885 2581 939 per
2606 870 2767 925 diem
2784 884 3095 941 nunquam
3126 867 3329 941 defuit,
3365 881 3690 941 neccoram

2038 939 2259 1010 populo
2290 937 2571 995 columna
2602 942 2754 1009 ignis
2800 957 2906 1010 per
2930 937 3187 994 —noctem
3222 937 3422 1009 (Exod.
3457 952 3570 1010 xui,
3601 939 3688 1003 21,

2036 1008 2147 1081 22)’,
2183 1016 2246 1065 ut
2272 1012 2459 1066 noctis
2482 1008 2696 1081 frigore
2728 1008 2980 1076 defensi,
3011 1016 3065 1065 et
3125 1026 3159 1064 a
3190 1010 3446 1081 tenebris
3475 1008 3688 1063 illumi-

2036 1080 2166 1153 nari
2193 1090 2504 1153 pergerent
2531 1080 2666 1138 cum
2698 1084 2853 1153 igne.
2893 1086 2957 1137 Et
2978 1098 3013 1137 a
3047 1082 3242 1135 calore
3275 1080 3413 1153 solis
3443 1081 3690 1150 protecti

2037 1152 2358 1208 fueru’ntin
2391 1154 2485 1208 die
2515 1156 2626 1209 sub
2679 1152 2861 1209 nube.
2915 1156 3101 1218 Quem
3150 1152 3438 1207 Dominus
3487 1158 3689 1207 custos

2035 1224 2213 1279 Israel
2241 1240 2371 1279 vere
2403 1227 2676 1296 protegit,
2711 1241 2819 1280 nec
2853 1225 2938 1279 sol
2954 1240 3057 1296 per
3085 1223 3244 1278 diem
3279 1239 3385 1278 nec
3415 1239 3685 1294 unquam

2032 1296 2177 1351 luna
2206 1312 2308 1367 per
2342 1304 2577 1351 noctem
2606 1297 2815 1351 exurit.

2121 1402 2347 1459 CAPUT
2374 1405 2569 1459 XXXV.
2606 1435 2655 1443 -ο
2690 1404 2973 1530 Digioyse
2993 1408 3243 1474 pergente
3275 1402 3333 1455 in
3376 1408 3597 1457 montem

2833 1493 2997 1529 aram.

2833 1493 2974 1529 ανηη
2987 1517 2997 1527 .

2102 1578 2573 1647 Quadragesimo
2597 1594 2756 1635 anno
2771 1578 3126 1649 egressionis
3142 1577 3400 1632 filiorum
3418 1575 3592 1649 Israel
3612 1576 3686 1631 de

2030 1650 2304 1721 Egypto,
2334 1652 2795 1721 quadragesima
2816 1648 3083 1705 secunda
3104 1649 3415 1721 mansione
3442 1648 3500 1721 in
3523 1664 3685 1721 eam:

2030 1718 2330 1791 pestribus
2355 1718 2531 1775 Moab
2556 1718 2733 1791 super
2761 1722 3085 1776 Jordanem
3111 1720 3369 1791 populus
3397 1720 3558 1782 sedit,
3586 1718 3687 1773 ubi

2030 1794 2259 1861 Moyses
2286 1793 2831 1856 Deuteronomium,
2863 1794 2974 1847 hoc
2993 1798 3100 1855 est,
3129 1792 3499 1846 iterationem
3524 1791 3689 1859 Legis

2027 1863 2378 1934 prtedicavit
2396 1863 2577 1933 (Deut.
2600 1880 2637 1926 1,
2660 1864 2792 1933 sqq.)
2812 1880 2823 1917 :
2840 1870 2893 1917 et
2914 1868 3122 1933 postea
3145 1862 3468 1934 constituto
3491 1877 3684 1934 prose

2028 1932 2086 1989 in
2119 1934 2339 1988 ducatu
2371 1935 2580 2005 populi
2623 1932 2756 1989 Jesu
2788 1932 3069 1989 ﬁlio'Nun
3106 1949 3175 1988 ex
3218 1933 3371 1987 tribu
3408 1932 3683 2005 Ephraim

2052 2005 2135 2059 Id.
2167 2022 2327 2068 xxx1,
2358 2004 2435 2075 ‘7),
2465 2005 2709 2076 imperio
2741 2006 2975 2060 Domini
3024 2006 3081 2060 in
3115 2010 3383 2059 montem
3439 2004 3684 2076 Abarim

2052 2078 2461 2145 transituum),
2498 2075 2562 2130 in
2590 2081 2853 2132 montem
2882 2078 3043 2132 Nebo
3076 2077 3239 2131 solus
3271 2076 3558 2138 ascendit,
3586 2075 3687 2130 ubi

2027 2145 2353 2203 centesimo
2381 2156 2434 2202 et
2466 2147 2754 2217 vigesimo
2777 2149 2965 2202 aetatis
2995 2164 3117 2202 suae
3151 2164 3329 2212 anno,
3362 2162 3469 2201 nec
3512 2145 3686 2201 motis

2027 2220 2327 2283 dentibus,
2358 2235 2466 2274 nec
2494 2220 2889 2288 caligantibus
2917 2219 3125 2281 oculis,
3154 2220 3383 2282 integro
3411 2233 3681 2288 corpore,

2028 2290 2206 2346 totius
2252 2291 2497 2345 humani
2544 2291 2774 2359 generis
2824 2306 3145 2344 commune
3191 2289 3463 2343 debitum
3510 2288 3683 2342 solvit
3786 2354 3789 2357 Α

2028 2362 2192 2434 (Ibid.
2206 2402 2219 2425 ,
2248 2362 2360 2429 34).
2386 2362 2627 2416 Duabus
2644 2366 2846 2417 autem
2860 2362 3077 2424 causis,
3096 2367 3156 2416 ut
3182 2362 3479 2434 sapientes
3494 2359 3680 2421 aiunt,

2027 2432 2234 2488 mortis
2265 2434 2394 2503 ejus
2424 2437 2477 2487 et
2511 2434 2765 2504 sepulcri
2797 2449 2975 2487 nemo
3004 2432 3272 2487 conscius
3300 2436 3444 2504 erat,
3477 2434 3685 2504 quate:

2026 2521 2140 2559 nus
2172 2501 2332 2559 illam
2364 2501 2599 2567 faciem,
2632 2521 2768 2574 quae
2796 2504 3097 2559 consortio
3126 2503 3422 2574 sermonis
3450 2501 3681 2574 Domini

2024 2575 2390 2639 rutilaverat,
2418 2578 2619 2631 mortis
2645 2572 2900 2631 maerore
2921 2591 3274 2647 repressam,
3305 2573 3501 2647 nullus
3523 2572 3683 2626 vide-

2024 2655 2111 2701 ret
2139 2666 2150 2712 ;
2182 2651 2237 2700 et
2266 2663 2339 2701 ne
2364 2648 2706 2717 sepulcrum
2725 2650 2853 2716 ejus
2876 2644 3135 2718 pop—ulus
3164 2645 3362 2707 Israel,
3393 2644 3439 2698 si
3462 2659 3681 2718 cogno-

2025 2719 2202 2774 visset
2235 2718 2332 2773 ubi
2366 2716 2537 2781 esset,
2571 2716 3067 2774 adoraretﬁUnde
3098 2723 3153 2772 et
3198 2718 3428 2783 virgam
3462 2716 3518 2769 in
3560 2730 3683 2784 qua

2022 2790 2200 2858 signa
2230 2790 2465 2854 fecerat,
2499 2795 2557 2844 ut
2589 2790 2827 2860 plurimi
2858 2794 3089 2859 putant,
3132 2804 3203 2842 ne
3227 2789 3576 2860 adoraretur
3597 2801 3681 2839 se-

2025 2857 2163 2916 cum
2181 2861 2525 2932 abstulerat
2549 2878 2561 2925 ;
2585 2857 2874 2932 quoniam
2894 2864 3296 2930 etserpentem
3321 2874 3509 2932 quem
3530 2857 3681 2911 fece-

2024 2940 2134 2997 rat,
2167 2931 2272 2987 ﬁlii
2318 2932 2497 2987 Israel
2531 2929 2919 3001 postmodum
2952 2929 3304 2986 adorabant.
3341 2929 3681 3001 Omnisau-

2028 3010 2142 3059 tem
2184 3004 2340 3059 illius
2370 2998 2604 3075 astas—in
2633 3008 2745 3057 tres
2775 3003 3284 3075 quadragenarias
3308 2998 3683 3075 partesdivi-

2025 3076 2201 3129 ditur.
2234 3074 2637 3140 Quadraginta
2668 3071 2827 3129 enim
2846 3075 3019 3128 annis
3048 3075 3104 3127 in
3132 3074 3383 3144 Aigypto
3406 3073 3464 3126 in
3497 3071 3682 3126 domo

2026 3146 2352 3201 Pharaonis
2380 3146 2456 3199 ab
2487 3144 2738 3200 infantia
2763 3145 2987 3200 litteras
3018 3143 3248 3199 didicit.
3273 3143 3682 3211 Quadraginta

2027 3218 2200 3272 annis
2227 3216 2392 3272 exsul
2422 3232 2487 3271 ex
2524 3215 2777 3287 {Egypto
2800 3216 2858 3287 in
2890 3220 3073 3270 domo
3093 3215 3422 3287 sacerdotis
3438 3214 3679 3267 Madian

2024 3288 2151 3345 fuit.
2187 3291 2251 3343 Et
2280 3286 2693 3359 quadraginta
2709 3286 2882 3343 annis
2919 3302 3026 3358 per
3057 3287 3369 3359 desertum
3391 3286 3678 3359 ducatum

2024 3360 2249 3434 pOpulo
2272 3354 2816 3434 przebiiitl_(;erte_et
2838 3354 2948 3413 nos
2969 3356 3405 3434 consummatis
3430 3354 3521 3434 his
3543 3370 3678 3434 quae

2024 3425 2522 3487 de'Pentateucho
2549 3430 2828 3485 historica
2858 3430 3197 3484 narratione
3225 3425 3681 3495 comprehendi-

2026 3520 2180 3566 mus,
2214 3503 2386 3574 primi
2418 3502 2551 3557 libri
2600 3502 2781 3556 tinem
2834 3502 2907 3574 de
2938 3498 3305 3574 Mirabilibus
3482 3496 3678 3574 facere

2024 3568 2361 3637 conveniat,
2399 3580 2459 3628 ut
2498 3574 2798 3627 secundus
2846 3573 2917 3627 de
2960 3570 3270 3642 Prophetia
3316 3568 3533 3623 scilicet
3577 3583 3675 3642 ex-

2024 3651 2281 3716 cerptus,
2302 3646 2377 3700 ab
2399 3648 2533 3700 Jesu
2550 3644 2673 3699 ﬁlio
2702 3648 2828 3700 Nun
2848 3650 2902 3699 et
2918 3640 3173 3698 Jordane
3197 3641 3428 3696 initium
3452 3640 3670 3695 sumat.

1392 3816 1764 3909 LIBER
1822 3815 2538 3920 SECUNDUS.

1758 3957 1832 4007 De
1857 3957 2158 4020 PrOphetia.

1674 4046 2253 4076 —MWN—

273 4127 501 4185 CAPUT
551 4127 833 4184 PRIMUM.
867 4160 932 4168 —
976 4129 1051 4184 De
1076 4129 1203 4184 Jesu
1232 4129 1347 4200 ﬁlio
1374 4128 1529 4192 Nun,
1569 4137 1617 4184 et
1655 4128 1919 4201 dirempto

666 4201 911 4255 Iordane
936 4201 995 4255 in
1025 4202 1266 4255 transitu
1298 4201 1502 4271 populi.

330 4272 477 4343 Cum
496 4276 696 4326 autem
727 4275 923 4343 Moyse
954 4270 1313 4341 egrediente,
1348 4272 1447 4326 Dei
1474 4270 1677 4342 populi
1704 4272 1914 4339 gubero

260 4342 767 4415 nationemﬁlesus
787 4344 944 4398 ﬁlius
972 4347 1099 4398 Nun
1135 4344 1514 4415 suscepisset,
1548 4342 1913 4415 confortatus

257 4428 534 4469 sermone
566 4414 897 4477 Domini,de
911 4414 1350 4485 campestribus
1366 4416 1531 4470 Moab
1546 4414 1620 4468 ad
1638 4414 1912 4469 Jordanis

258 4486 509 4540 ﬂuvium
535 4491 733 4540 castra
760 4487 985 4541 moveri
1013 4487 1182 4556 jubet
1216 4504 1227 4542 :
1258 4502 1327 4543 ac
1354 4486 1568 4541 deinde
1597 4502 1732 4540 cum
1762 4502 1912 4541 arcae

256 4556 590 4629 testamenti
622 4572 802 4611 onere
833 4558 1113 4619 decorati,
1159 4559 1449 4629 reliquam
1486 4558 1718 4629 plebem
1761 4573 1910 4629 pras-

256 4575 590 4612 resiamenu
622 4575 802 4611 onere
833 4575 1113 4619 aecorau.
1159 4575 1259 4613 reu
1314 4575 1449 4612 nam
1486 4575 1718 4629 plebem
1761 4575 1907 4629 pras-

255 4628 534 4700 cedentes
565 4628 902 4684 sacerdotes
928 4630 1153 4698 primas
1186 4575 1380 4685 undas
1422 4629 1907 4700 ingrederentur;

255 4699 334 4773 ab
365 4699 624 4773 illo_loc_o
658 4700 760 4754 ubi
807 4706 1093 4773 steterunt
1138 4718 1325 4773 usque
1375 4703 1451 4757 ad
1483 4699 1667 4766 mare,
1714 4701 1911 4756 omnis

253 4770 519 4827 ﬂuminis
544 4771 752 4826 alveus
765 4772 940 4843 aquis
955 4774 1075 4827 suis
1092 4770 1403 4830 confestim
1428 4774 1710 4839 nudatus,
1733 4788 1911 4841 supe-

252 4843 489 4914 riorque
520 4858 818 4913 aquarum
852 4844 1039 4899 moles
1070 4860 1203 4915 quae
1230 4846 1304 4900 de
1345 4846 1608 4899 fontibus
1653 4843 1908 4911 augeba-

254 4920 368 4987 tur,
411 4930 649 4987 sursum
685 4915 741 4969 in
786 4932 926 4970 aera
976 4914 1308 4979 montabat,
1353 4932 1669 4987 quousque
1713 4914 1910 4987 omnis

254 4984 434 5057 Israel
484 4984 657 5039 siccis
704 4987 957 5057 pedibus
1006 4987 1242 5043 alveum
1289 4984 1551 5041 ﬂuminis
1577 4984 1910 5057 transierat

251 5054 432 5125 (Iosue
464 5073 542 5119 ιιι,
590 5060 672 5127 lli,
705 5054 861 5127 sqq.).
908 5061 966 5112 in
1017 5059 1189 5127 cujus
1246 5058 1514 5113 miraculi
1568 5056 1908 5111 testimonio

249 5127 570 5182 duodecim
598 5126 862 5200 lapides,
896 5126 1157 5200 quantos
1185 5130 1501 5185 duodecim
1533 5129 1637 5182 viri
1673 5135 1908 5200 portare

248 5204 546 5325 poterant,
576 5198 650 5253 de
680 5202 803 5255 ima
848 5198 1048 5283 glarea
1079 5202 1358 5282 Iordanis
1404 5200 1623 5281 portati
1676 5203 1817 5253 sunt
1846 5198 1906 5253 in

272 5286 449 5325 ocum
470 5276 826 5325 castrorum.
846 5279 902 5325 et
932 5274 1174 5325 totidem
1206 5277 1351 5325 tanti
1370 5288 1441 5325 ex
1460 5272 1548 5325 his
1578 5287 1727 5325 auos
1752 5274 1906 5325 terra

272 5286 449 5342 ocum
470 5276 826 5335 castrorum,
846 5279 902 5327 et
932 5274 1174 5327 totidem
1206 5274 1351 5328 tanti
1370 5288 1441 5326 ex
1460 5272 1548 5326 his
1578 5287 1727 5342 quos
1752 5274 1907 5342 terra

248 5341 407 5397 sicca
435 5344 827 5409 continuerat,
870 5346 1039 5415 positi
1076 5350 1211 5399 sunt
1246 5344 1303 5398 in
1337 5359 1544 5397 eorum
1572 5340 1763 5415 locum
1796 5340 1904 5410 (Id.

250 5429 329 5477 iv,
358 5417 411 5475 9,
438 5417 545 5481 IO).
576 5416 735 5469 Certe
759 5414 881 5469 etin
904 5416 1016 5471 hoc
1048 5416 1524 5485 signopropositi
1558 5414 1749 5483 operis
1774 5428 1905 5485 ups-

246 5486 317 5558 tri
363 5500 547 5540 cansa
595 5488 929 5555 requiritur,
982 5488 1233 5558 qualiter
1274 5483 1478 5558 arcam
1513 5486 1744 5558 Domini
1793 5483 1906 5558 ﬂu-

246 5556 382 5609 vius
428 5558 776 5612 naturaliter
806 5556 1105 5630 praeterire
1147 5574 1262 5611 non
1296 5556 1596 5630 permittit.
1635 5557 1713 5609 Ita
1740 5556 1902 5609 enim

246 5642 547 5698 aquarum
582 5645 723 5699 pars
763 5627 897 5701 quae
930 5630 1004 5683 ad
1036 5645 1197 5683 mare
1226 5627 1498 5701 perrexit,
1529 5631 1902 5701 naturassuaa

248 5714 495 5753 cursum
524 5698 873 5755 consuetum
900 5699 1465 5772 consequitur,dum_
1500 5698 1709 5772 altiora
1735 5698 1903 5772 dese-

244 5786 408 5837 rens,
439 5787 544 5843 per
572 5786 765 5843 prona
814 5773 1056 5846 proprio
1090 5770 1253 5828 more
1300 5770 1566 5828 ﬂuminis
1607 5770 1902 5843 paulatim

2027 4128 2343 4184 delabitur.
2373 4131 2440 4182 At
2470 4142 2609 4182 vero
2636 4126 2907 4181 humana
2938 4124 3231 4181 industria
3257 4124 3459 4179 alveos
3486 4120 3681 4176 ﬂumi-

2024 4216 2167 4255 num
2186 4200 2441 4254 nudatos~
2458 4199 2711 4265 legimus
2730 4195 3474 4266 etaudivimus,quomodo
3492 4194 3677 4266 Cyrus

2023 4272 2349 4344 imperator
2376 4262 2683 4325 Persarum
2715 4268 3014 4344 exercitus
3054 4262 3235 4344 super
3269 4262 3679 4344 Gangemﬂu—

2025 4338 2207 4403 vitim,
2238 4346 2341 4415 qui
2374 4342 2786 4415 estsecundaa
2815 4338 3338 4415 postEuph-ratem
3374 4338 3674 4415 quantita-

2026 4416 2112 4479 tis,
2148 4407 2661 4484 illa'expeditione
2700 4407 2830 4481 qua
2868 4408 3265 4485 Babyloniam.
3287 4407 3673 4485 expugnavit,

2021 4478 2235 4541 dicitur
2250 4478 2996 4540 esse'castrametatusﬂbi
3020 4478 3439 4533 charissimam
3454 4478 3674 4529 etviro—

2020 4573 2151 4611 rum
2187 4563 2241 4612 et
2267 4558 2550 4626 equitum,
2571 4547 3255 4626 equitemtransmeandi
3279 4545 3541 4626 ﬂuminis
3572 4560 3676 4626 au-

2019 4629 2195 4685 dacia
2226 4618 2603 4698 persuasum,
2626 4618 2882 4698 rapacis
2914 4622 3063 4698 alvei
3105 4625 3308 4698 vortex
3344 4618 3664 4698 demersit.

2021 4702 2150 4765 Quo
2182 4686 2359 4759 facto,
2389 4713 2489 4751 rex
2533 4686 2959 4765 incredibiliter
2984 4691 3316 4765 iracundiae
3339 4689 3535 4765 furore
3565 4686 3674 4742 ad-

2020 4761 2227 4825 versus
2253 4768 2501 4823 ﬂuvium
2529 4773 2855 4837 permotus,
2878 4764 3034 4819 velut
3064 4764 3122 4818 in
3142 4761 3484 4817 sensibilem
3514 4774 3674 4814 crea-

2021 4849 2214 4896 turam
2250 4839 2719 4912 ulciscistatuit:
2762 4854 2832 4912 ac
2860 4838 3220 4892 immensum
3245 4848 3505 4912 amnem
3543 4845 3673 4912 per-

2019 4914 2137 4979 peti
2179 4928 2339 4967 anno
2371 4910 2507 4967 totis
2540 4911 2758 4966 viribus
2808 4910 2867 4964 in
2910 4910 3331 4979 quatercentas
3364 4907 3673 4979 sexaginta

2018 4976 2211 5040 fossas
2242 4984 2438 5039 divisit
2469 5001 2483 5054 ;
2512 4982 2859 5053 nudatoque
2880 4976 3076 5054 alveo,
3102 4977 3419 5054 meabilem
3449 4976 3544 5030 vix
3576 4988 3669 5039 ge-

2017 5073 2138 5111 nua
2159 5048 2523 5125 tingentibus
2549 5048 2782 5109 feminis
2814 5052 3064 5124 reliquit.
3101 5049 3263 5125 Unde
3283 5048 3493 5125 eodem
3513 5058 3673 5125 exer-

2017 5128 2134 5201 citu
2168 5134 2222 5181 et
2250 5114 2624 5201 regeeadem
2663 5114 3037 5195 expeditidne
3070 5120 3464 5201 Babyloniam
3510 5114 3672 5170 obsi-

2016 5189 2662 5270 dente,rexvcelsissimo
2712 5189 3019 5270 murorum
3040 5189 3318 5270 _obj_ectu'
3355 5189 3439 5270 ab_
3489 5201 3672 5267 expu-

2018 5258 2241 5337 gnandi
2294 5267 2595 5322 molimine
2634 5268 2878 5338 repulsi,
2913 5265 2989 5321 ad
3040 5258 3670 5338 Euphratisnﬂuminis

2014 5330 2359 5411 perﬂuentis
2399 5330 2719 5411 superiora.
2740 5330 2895 5411 vada
2926 5330 3298 5411 convertunt.
3336 5330 3438 5411 Illa
3468 5334 3668 5411 autem

2014 5402 2301 5481 praedicta
2321 5415 2441 5464 arte
2459 5402 2672 5471 edocti,
2694 5424 2798 5478 per
2814 5403 3352 5481 alienum_limitem
3382 5402 3667 5456 diverten-

2016 5473 2124 5545 ies,
2157 5497 2259 5550 per
2299 5482 2425 5549 ejus
2458 5473 2750 5533 nudatum
2802 5478 3041 5531 alveum
3073 5473 3665 5550 Ba_bylonis_murum

2014 5545 2435 5614 subintrantes,
2467 5552 2674 5605 urbem
2707 5550 2963 5619 capiunt.
2995 5548 3162 5613 Quod
3210 5561 3352 5619 ergo
3398 5545 3668 5600 humana

2014 5624 2309 5680 industria
2334 5622 2629 5679 laborioso
2661 5617 2975 5676 conamine
3000 5619 3211 5690 potuit,
3241 5617 3355 5672 hoc
3390 5619 3670 5690 Deuspo-

2011 5697 2207 5751 tentias
2258 5712 2382 5749 suas
2431 5694 2643 5749 virtute
2699 5692 2930 5748 facilius
2980 5688 3225 5763 peregit.
3260 5690 3375 5763 Sed
3415 5688 3665 5743 forsitan

2010 5769 2331 5842 quisquam
2361 5767 2679 5840 dispariter
2706 5764 3091 5836 respondebit
3120 5763 3233 5819 hoc
3255 5762 3480 5819 factum
3512 5774 3660 5823 esse,
