4120 6202
520 178 666 237 2175

523 305 748 370 dicens,
780 302 900 359 Illic
942 298 1103 355 enim
1154 297 1406 370 fossuras
1449 312 1597 368 opus
1640 295 1842 351 alveos
1876 309 2174 370 aquarum

525 393 632 449 per
654 365 977 449 humiliora
1002 370 1277 449 divertit“;
1310 369 1407 449 hic
1438 365 1577 423 vero
1605 372 1772 449 stans
1798 365 1980 449 aqua,
2013 365 2174 449 nullo

524 438 808 504 renitente
840 445 917 498 ad
948 442 1102 498 aeris
1130 440 1402 495 sublimia
1432 439 1797 494 conscendit.
1833 438 1945 494 Sed
1976 443 2033 493 et
2061 438 2175 493 hoc

524 532 724 574 nonne
758 516 1025 570 humana
1055 511 1359 581 diligentia
1386 526 1543 581 saepe
1570 510 1768 575 efﬁcit,
1802 514 1858 565 et
1886 511 1957 565 ab
1983 524 2175 581 oppog

530 589 656 644 sitis
700 586 957 640 vallibus
997 579 1188 655 aquas
1222 583 1280 638 in
1325 579 1649 655 excelsum,
1683 579 2071 655 mo_ntare,_et
2098 579 2174 655 ad

524 660 717 715 fontes
742 657 933 713 redire
962 651 1223 711 offensas
1251 652 1601 725 compellit?
1626 653 1796 718 Quod
1819 651 2177 725 verorhomi-

524 746 632 786 nes
664 729 825 784 velut
867 727 1098 791 terreni,
1129 726 1199 780 de
1230 722 1464 781 terrena
1520 740 1721 779 crassa
1773 724 2019 779 materia
2068 722 2177 778 fre-

525 806 774 874 quenter
804 799 1070 874 faciunt;
1103 797 1413 874 quomodo
1457 795 1660 867 Angeli
1707 800 1867 874 tunc,
1917 810 2175 866 quorum

526 868 738 928 ofﬁciis
761 871 891 925 haec
906 871 1107 925 omnia
1128 868 1420 923 mirabilia
1449 872 1833 936 peraguntur,
1854 882 1957 938 per
1978 881 2178 922 aerem

526 945 715 999 facere
747 958 865 997 non
888 939 1255 1012 potuerunt?
1285 939 1432 994 Cum
1452 940 1521 994 sit
1552 938 1817 1012 naturale
1845 939 2176 1012 aeris__opus

527 1022 580 1071 et
612 1008 921 1086 proprium
958 1011 1225 1086 ofﬁcium
1281 1027 1473 1086 aquas
1500 1010 1746 1065 retinere
1776 1011 1834 1064 in
1864 1008 2127 1086 nubibus
2161 1024 2174 1063 :

528 1080 686 1163 etut
710 1080 865 1163 docti
890 1080 1508 1163 indoctiquepariter
1540 1088 1776 1163 norunt,
1802 1080 2180 1163 quotidiana

527 1155 1045 1215 administratione
1072 1150 1324 1218 retinet";
1368 1155 1448 1209 ita
1480 1160 1618 1207 tunc
1654 1155 1767 1206 Deo
1792 1150 2042 1218 jubente
2072 1150 2182 1205 ﬂu-

528 1230 707 1285 minis
739 1243 982 1282 cursum
1015 1224 1334 1296 prohibuit,
1370 1230 1429 1277 ut
1450 1239 1554 1296 per
1602 1223 1759 1279 illius
1790 1223 2015 1279 ﬂuenta
2043 1237 2182 1278 arca

528 1301 631 1354 Dei
659 1306 715 1354 et
744 1300 1081 1353 sacerdotes
1110 1296 1445 1351 transirent.

531 1373 753 1428 CAPUT
794 1374 857 1424 ll.
915 1400 983 1408 —
1031 1368 1109 1423 De
1155 1365 1527 1421 calceamentis
1568 1372 1615 1418 et
1674 1363 1903 1420 vestibus
1943 1364 2183 1435 ﬁliorum

1259 1437 1453 1491 Israel.

599 1514 840 1567 Terram
870 1510 1043 1578 igitur
1062 1507 1543 1578 repromissionis
1564 1510 1696 1579 post
1724 1506 1883 1579 longi
1913 1506 2181 1579 laborem

526 1582 749 1638 itineris
777 1580 1048 1649 ingressi,
1069 1579 1142 1634 de
1170 1579 1460 1635 fructibus
1489 1578 1893 1635 Ch’ananitidis
1922 1578 2183 1647 regionis

526 1653 735 1726 populi
777 1652 950 1726 turba
987 1650 1265 1726 comedit,
1301 1657 1356 1706 et
1385 1666 1620 1726 manna:
1651 1649 1725 1726 de
1758 1649 2020 1726 nubibus
2050 1665 2186 1706 esca

529 1720 855 1780 ininistrari
899 1723 1116 1777 desinit
1142 1722 1324 1792 (Iosue
1354 1738 1410 1786 v,
1453 1724 1567 1791 42).
1605 1726 1663 1775 In
1709 1721 1822 1775 hoc
1850 1728 1971 1776 tam
2005 1720 2186 1791 longo

529 1796 736 1852 itinere
768 1793 1163 1849 admiratione
1191 1794 1442 1862 dignum
1470 1792 1683 1847 accidit
1707 1792 1873 1861 illud,
1895 1792 2060 1863 quod
2080 1807 2187 1862 per

533 1866 939 1939 quadraginta
978 1864 1438 1939 annos_nu_lli_us_
1468 1880 1553 1939 εξ
1582 1863 1750 1919 omni
1794 1862 2019 1939 populo
2067 1863 2189 1918 cal-

534 1935 914 1993 ceamentum
935 1942 1035 1991 aut
1056 1937 1229 1991 vestis
1255 1935 1466 1991 defecit
1488 1935 1671 2006 (Deut.
1689 1951 1845 1999 xxxx,
1876 1935 1950 2005 5).
1988 1936 2047 1989 [n
2067 1949 2188 2006 quo

538 2010 827 2065 Dominus
865 2023 987 2062 non
1018 2012 1296 2061 naturam
1328 2022 1549 2062 novam
1587 2009 1646 2061 in
1687 2006 2104 2061 calceamentis
2134 2009 2191 2061 et

534 2080 801 2137 vestibus
832 2078 1115 2141 condidit,
1150 2078 1254 2133 sed
1281 2079 1422 2133 olim
1462 2077 1766 2132 conditam
1797 2077 2185 2132 conservavit.

774 2149 998 2206 CAPUT
1031 2151 1115 2205 Ill.
1150 2181 1219 2190 —
1244 2152 1320 2204 De
1347 2149 1687 2203 subversione
1715 2148 1950 2203 Iericho.

607 2221 749 2303 lude
772 2221 1047 2303 Jordanis
1064 2222 1258 2303 ripam
1276 2220 1560 2303 egressis,
1588 2220 1728 2303 urbs
1747 2220 1977 2303 Jerichp
1996 2218 2191 2303 prima

537 2309 605 2349 ex
647 2292 1056 2348 Chananitidis
1088 2290 1429 2347 civitatibus
1460 2294 1732 2347 occurrit.
1766 2294 1909 2357 Quae
1943 2290 2192 2345 lustrata

537 2365 782 2420 circuitu
813 2365 1046 2419 dierum
1089 2369 1339 2435 septem,
1381 2363 1557 2435 quasi
1588 2378 1743 2435 arca:
1790 2362 2108 2435 dominicas
2139 2365 2195 2417 et

540 2436 831 2492 exercitus
866 2434 1269 2506 expavescens
1316 2434 1664 2497 adventum,
1699 2434 1822 2506 cito
1851 2434 2093 2489 corruit.
2130 2436 2191 2486 In

540 2523 664 2578 quo
712 2505 958 2578 circuitu
1008 2506 1178 2578 nullo
1221 2521 1530 2578 armorum
1583 2505 1868 2578 suffragio
1916 2520 2058 2559 usus
2104 2507 2194 2558 est

540 2576 725 2632 victor
767 2576 1043 2648 populus,
1080 2577 1186 2631 sed
1218 2577 1295 2631 ad
1335 2576 1661 2648 clamorem
1692 2577 1752 2629 in
1783 2590 1933 2648 gyro
1978 2590 2195 2648 sonan-

542 2653 663 2705 tem
691 2646 899 2702 murus
928 2653 1051 2702 erat
1078 2663 1268 2718 usque
1301 2646 1377 2701 ad
1410 2647 1801 2702 fundamenta
1825 2646 2056 2718 dirutus
2088 2646 2195 2711 (Io-

541 2735 635 2774 sue
666 2736 738 2784 v1,
773 2721 885 2787 20).
937 2719 1047 2774 Ubi
1090 2717 1234 2772 nihil
1274 2722 1439 2771 extra
1479 2724 1757 2772 naturam
1796 2733 1927 2772 esse
1972 2717 2193 2773 factum

544 2795 711 2859 gesta
752 2806 843 2844 res
865 2789 1140 2844 ostendit.
1170 2788 1475 2858 Siquidem
1498 2794 1553 2842 et
1584 2788 1697 2843 hoc
1731 2794 1896 2843 terrae
1931 2788 2194 2844 motibus

544 2876 674 2915 esse
701 2860 921 2914 factum
951 2859 1290 2929 frequenter
1332 2859 1633 2930 Scriptura
1671 2859 1999 2915 denuntiat.
2033 2862 2195 2925 Quo-

541 2930 729 3003 modo
750 2937 803 2985 et
820 2931 878 2984 in
894 2929 1238 3003 famosogillo
1260 2934 1423 2985 terras
1447 2929 1611 3003 motu
1628 2936 1869 3003 genium
1890 2932 2087 3003 Lybiae
2105 2946 2196 2985 ur-

542 3002 645 3058 bes
662 3006 1031 3073 corruerunt,
1055 3005 1112 3057 et
1128 3001 1183 3055 in
1204 3007 1371 3056 terras
1385 3006 1549 3056 motu
1567 3001 1884 3058 dominicas
1902 3001 2195 3073 passionis

544 3073 823 3157 undecim
840 3072 898 3127 in
911 3072 1159 3157 Tltracia
1172 3074 1471 3157 subversa
1485 3081 1639 3129 sunt.
1651 3072 1932 3157 Praeterea
1951 3090 2196 3157 quoque

589 3144 707 3199 uod
734 3144 979 3199 humani
1012 3150 1178 3199 actus
1204 3144 1469 3199 efﬁcacia
1499 3146 1781 3215 congerit,
1815 3147 1927 3202 hoc
1957 3144 2196 3201 alterius

541 3160 1199 3271 gestruentisveletiam
1213 3217 1767 3271 senectutistemnus
1781 3217 2196 3271 consumit.At-

586 3218 900 3288 estruentis
914 3214 1199 3288 veletiam
1213 3214 1767 3288 senectutistempus
1781 3217 2197 3273 consumit.At-

545 3292 745 3343 tamen
760 3287 881 3342 haec
895 3286 1303 3353 dicentes,non
1318 3304 1462 3343 casu
1474 3286 1765 3343 accidisse
1780 3304 2087 3343 murorum
2108 3288 2134 3342 J
2145 3304 2199 3342 e-

544 3357 711 3414 richo
732 3359 989 3424 ruinam,
1018 3359 1413 3419 ostendimus;
1439 3359 1541 3413 sed
1566 3375 1673 3414 nec
1693 3365 1899 3415 contra
1921 3365 2197 3415 naturam

547 3432 697 3485 sicut
727 3429 951 3501 aliquid
986 3431 1044 3484 in
1068 3431 1370 3485 miraculis
1388 3430 1613 3486 factum
1641 3430 2044 3485 ostendemus.
2079 3433 2198 3485 Hoc

548 3503 707 3557 enim
730 3503 880 3557 sicut
902 3508 958 3557 et
982 3507 1194 3558 caetera
1212 3502 1529 3556 ministrari
1560 3502 1831 3572 angelico
1857 3518 2034 3572 opere
2051 3501 2202 3556 desi-

549 3573 1182 3644 gnavimus,Deijussu
1206 3573 1483 3628 effectum
1505 3572 1681 3628 fuisse
1697 3589 1816 3627 non
1830 3573 2198 3628 dubitamus.

550 3644 777 3701 CAPUT
807 3645 895 3700 1V.
932 3675 997 3685 -—
1030 3645 1104 3699 De
1145 3645 1245 3700 sole
1269 3652 1317 3699 et
1353 3644 1485 3700 luna
1511 3644 1776 3700 stantibus
1804 3645 1873 3699 ad
1912 3645 2201 3716 imperium

1271 3720 1456 3773 Iosue.

621 3789 759 3840 Post
778 3786 892 3839 hoc
909 3800 1150 3857 quoque
1177 3788 1649 3859 Chananaaorum
1672 3787 1938 3859 quinque
1963 3786 2203 3859 regibus

552 3856 611 3928 in
642 3871 828 3928 unum
859 3856 1240 3925 congregatis
1286 3863 1344 3913 ut
1374 3856 1709 3928 pugnarent
1738 3856 2203 3914 adversus’ﬁlios

554 3925 751 3989 Israel,
804 3942 941 3979 cum
993 3942 1064 3981 ex
1110 3925 1789 3983 adverso'miscerentur
1833 3930 2127 3995 cohortes,
2152 3935 2208 3985 et

553 3996 803 4069 victoria
821 3996 879 4051 in
895 3996 993 4051 Dei
1013 3998 1216 4068 populi
1231 4006 1460 4069 partem
1477 4000 1843 4062 concederet,
1871 4000 2205 4056 lesusﬁlius

556 4070 689 4143 Nun
720 4067 997 4138 princeps
1028 4067 1246 4139 populi
1270 4071 1455 4143 Israel
1474 4070 1578 4124 soli
1614 4072 1672 4125 in
1701 4070 1909 4143 medio
1936 4072 2031 4126 die
2057 4088 2203 4143 prse-

554 4138 708 4209 cepit
734 4143 796 4194 ut
822 4154 896 4193 ne
937 4153 1000 4193 se
1026 4138 1312 4208 moveret,
1346 4146 1402 4196 et
1445 4142 1600 4195 lunas
1652 4142 1753 4197 ubi
1785 4142 1972 4198 fuerat
2003 4138 2160 4200 stare

553 4210 746 4287 donec
768 4226 828 4265 se
864 4210 960 4265 Dei
981 4212 1241 4287 populus
1271 4212 1357 4287 de
1375 4211 1629 4287 inimicis
1661 4213 2007 4287 vindicaret,
2041 4231 2164 4287 quo

554 4287 612 4338 et
637 4281 859 4338 factum
890 4281 998 4338 est;
1030 4286 1177 4339 Nam
1210 4284 1297 4339 sol
1324 4284 1476 4339 duos
1506 4285 1630 4339 dies
1659 4284 1717 4339 in
1753 4301 1873 4341 uno
1902 4281 2203 4351 concl'usit,

556 4358 613 4428 et
634 4353 775 4409 luna
796 4354 911 4428 diei
931 4355 1122 4428 spatio
1137 4370 1256 4411 non
1279 4355 1552 4411 occurrit.
1570 4357 1630 4411 In
1658 4372 1779 4428 qua
1799 4357 2064 4425 iussione
2087 4373 2209 4413 non

554 4425 803 4499 humani
833 4425 1066 4499 imperii
1083 4428 1434 4483 auctoritate
1458 4425 1779 4484 luminaria
1806 4429 2207 4499 requiescunt,

555 4497 658 4570 sed
676 4496 935 4570 Domini
953 4497 1307 4570 imperantis
1340 4504 1401 4555 ut
1425 4503 1664 4565 starent,
1680 4500 1871 4570 jussui
1894 4496 2207 4555 obediunt.

554 4568 709 4624 Nihil
740 4570 898 4641 enim
930 4568 1172 4641 propter
1204 4570 1467 4641 jubentis
1507 4568 1767 4627 hominis
1816 4572 2062 4626 verbum
2110 4570 2210 4625 Dei

557 4645 840 4713 creaturae
866 4640 1109 4713 faciunt.
1135 4640 1239 4696 sed
1269 4643 1435 4713 quod
1466 4642 1755 4698 Dominus
1774 4642 1925 4697 servi
1959 4643 2051 4697 sui
2080 4657 2211 4698 ora-

557 4710 701 4764 tioni
747 4709 1049 4790 obediens
1081 4709 1383 4790 praecepit,
1437 4713 1555 4790 hoc
1596 4714 1878 4790 efﬁciunt.
1912 4713 2006 4768 Sic
2049 4714 2206 4790 enim

602 4780 942 4836 erscribitur
969 4798 981 4836 :
1016 4780 1103 4837 Sol
1129 4780 1484 4839 stetit‘contra
1514 4785 1749 4849 Gabaon,
1773 4792 1821 4839 et
1852 4787 1983 4840 luna
2011 4785 2082 4839 ad-
2101 4785 2213 4840 val-

570 4850 655 4906 lem
687 4850 905 4926 Hailon.
939 4852 1208 4926 obediente
1250 4855 1478 4909 Domino
1520 4857 1635 4910 voci
1679 4856 1906 4910 hominis
1936 4856 2123 4926 (Iosue
2153 4874 2206 4920 x,

560 4923 769 4985 12-14).
800 4921 878 4976 Ex
902 4938 1025 4992 quo
1055 4924 1395 4993 intelligitur
1429 4928 1607 4980 Deum
1632 4921 2212 4983 servorum'suorum

554 4994 834 5067 precibus
866 4994 1127 5059 obedire,
1162 5002 1216 5051 et
1248 4996 1324 5052 ad
1354 5012 1563 5051 eorum
1603 5000 2015 5053 necessitatem
2046 5013 2209 5053 crea-

554 5071 718 5123 turas
749 5081 897 5138 suas
919 5071 1255 5137 opportune
1285 5067 1641 5138 gubernare.
1662 5071 1793 5124 Haec
1822 5068 2211 5125 luminarium

553 5154 727 5195 mora
759 5137 902 5193 nihil
932 5153 1156 5194 novum
1190 5139 1249 5194 in
1274 5137 1490 5195 natura
1515 5140 1831 5204 commisit,
1859 5140 1965 5195 etsi
2007 5141 2065 5196 in
2102 5140 2213 5197 mi-

554 5210 797 5282 nisterio
824 5210 1049 5282 aliquid
1073 5210 1306 5267 varium
1336 5211 1611 5267 ostendit.
1636 5213 1746 5268 Sed
1764 5218 1820 5267 et
1844 5211 1942 5268 illa
1963 5213 2212 5269 varietas

554 5281 789 5356 nihilin
818 5281 963 5338 anni
993 5288 1255 5356 cursuet
1292 5283 1658 5356 reliquorum
1684 5284 1917 5339 dierum
1949 5300 2212 5339 commo-

552 5354 832 5427 vit,rdum
863 5356 1083 5426 pariter
1114 5354 1201 5410 sol
1241 5359 1296 5411 et
1324 5354 1469 5411 luna
1501 5356 1979 5427 unumquodque
2010 5356 2067 5411 in
2101 5370 2211 5411 suo

556 5426 764 5496 ordine
786 5427 1101 5496 requievit.
1126 5427 1179 5483 Si
1202 5426 1359 5483 enim
1387 5442 1574 5483 unum
1605 5426 1900 5482 luminare
1930 5431 2209 5489 curreret,

558 5491 700 5571 dum
742 5491 992 5571 alterum
1021 5499 1254 5554 interim
1280 5498 1656 5571 requisceret,
1690 5498 1921 5555 dierum
1950 5504 2004 5555 et
2026 5514 2209 5571 men-

562 5569 719 5617 sium
750 5569 805 5618 et
846 5582 1145 5624 annorum
1175 5569 1481 5626 assuetum
1519 5586 1762 5626 cursum
1809 5570 2208 5626 conturbaret.

556 5634 713 5714 Dum
743 5639 957 5714 autem
986 5643 1311 5714 utrumque
1338 5657 1569 5697 moram
1600 5641 1754 5714 hanc
1785 5641 2015 5707 habuit,
2038 5641 2211 5714 Quasi

559 5707 697 5779 post
726 5712 1069 5763 consuetum
1101 5707 1259 5766 diem
1297 5712 1360 5768 in
1389 5727 1637 5769 occasus
1669 5713 1761 5770 sui
1807 5707 2211 5787 limitem'per-

1270 172 1365 229 DE
1406 170 1883 228 MIRABILIBUS
1923 167 2182 226 SACRE
2220 165 2668 232 SCRIP’I‘URE,
2712 166 2771 223 S.
2811 162 3197 221 AUGUSTINI

3770 167 3888 226 2176

2284 292 2450 348 rexit.
2482 294 2609 348 Non
2627 292 2786 346 enim
2813 288 2979 362 quod
3007 288 3083 344 ad
3108 286 3247 362 belli
3272 287 3752 346 illuminationem
3770 290 3887 347 luna.

2282 368 2424 420 tunc
2450 364 2509 418 in
2532 359 2852 435 praesentia
2868 361 3009 416 solis
3036 359 3365 435 proﬁceret,
3388 366 3542 435 stare
3568 363 3889 433 imperatur;

2282 435 2389 490 sed
2432 452 2503 489 ne
2533 431 2686 505 quid
2733 434 2793 489 in
2840 447 3109 506 congruo
3162 431 3549 506 luminarium
3600 431 3785 490 meatu
3808 450 3890 506 per

2284 508 2461 562 unius
2490 503 2750 577 quietem
2770 512 2824 560 et
2845 503 3085 560 alterius
3106 518 3351 577 cursum
3377 504 3779 560 destrueretur.
3800 503 3893 561 Sed

2282 574 2833 650 quoniametmaris
2855 590 3100 631 cursum
3118 574 3310 630 lunari
3332 576 3771 650 convenientem
3786 592 3894 631 esse

2284 647 2343 705 in
2374 650 2657 704 omnibus
2696 647 2999 703 evidenter
3047 647 3536 711 monstravimus,
3593 648 3748 703 illum
3774 652 3892 702 tunc

2283 721 2670 792 requievisse,
2688 720 2796 775 etsi
2819 720 3130 790 Scriptura;
3153 718 3401 792 vocibus
3422 718 3702 792 reticetur,
3726 733 3893 774 nonne

2284 790 2413 865 ipse
2444 792 2679 865 illarum
2714 806 2911 846 rerum
2957 791 3305 862 pronuntiat
3337 790 3721 865 observabili‘s
3765 805 3894 845 com-

2285 861 2520 921 meatus
2545 862 2573 917 ?
2601 866 2762 919 Luna
2785 877 2917 917 vero
2940 861 3061 917 non
3083 866 3313 917 tantum
3343 864 3405 916 in
3432 861 3545 917 hac
3574 861 3805 917 statione
3828 876 3895 915 re-

2286 934 2599 1009 quieverit,
2632 934 2735 989 sed
2768 938 2832 1009 et_
2846 932 3202 1009 incrementi
3232 932 3322 988 vel
3353 931 3896 1009 decrementisuiin-

2288 1004 2457 1063 tigrim
2505 1004 3002 1061 consuetudinem
3040 1018 3216 1071 agere
3274 1020 3392 1059 non
3426 1005 3634 1075 potuit.
3682 1004 3732 1059 Si
3767 1004 3896 1075 enim

2286 1079 2435 1135 dum
2462 1078 2619 1133 stetit
2642 1076 2806 1140 luna,
2832 1076 2967 1132 licet
2988 1080 3176 1143 stans,
3200 1091 3310 1132 sua
3340 1073 3703 1131 incrementa
3726 1075 3805 1130 vel
3821 1073 3897 1129 de-

2288 1155 2591 1206 crementa
2629 1153 2867 1217 ageret;
2900 1147 3046 1202 illud
3072 1149 3511 1203 incrementum
3553 1147 3749 1202 lunare
3778 1144 3898 1217 ultra

2291 1221 2431 1276 solis
2456 1216 2703 1276 cursum
2727 1221 2785 1275 in
2814 1219 3115 1290 cyclorum
3141 1219 3477 1274 rationibus
3495 1216 3713 1290 aliquid
3737 1216 3898 1272 turba-

2290 1297 2393 1347 ret.
2416 1294 2567 1347 Dum
2594 1307 2730 1346 vero
2760 1289 2903 1345 nihil
2925 1291 2985 1345 in
3006 1290 3208 1345 circuli
3236 1290 3294 1344 in
3313 1305 3377 1345 se
3402 1289 3736 1345 revertentis
3753 1303 3898 1343 cursu

2290 1364 2417 1420 dies
2449 1363 2547 1418 illa
2575 1362 3009 1438 solitolongior
3047 1362 3324 1438 praebuit,
3368 1367 3511 1417 tunc
3565 1358 3900 1438 manifestum

2291 1440 2397 1499 est,
2431 1434 2594 1506 quod
2625 1435 2685 1489 in
2714 1433 2814 1506 illa
2840 1430 3294 1506 superveniente
3322 1447 3595 1506 vespera,
3628 1432 3789 1506 unius
3806 1430 3901 1506 diei

2293 1502 2725 1562 incrementum
2757 1502 2934 1569 luna,
2951 1506 3105 1559 sicut
3129 1504 3400 1573 quotidie
3432 1502 3597 1570 solet,
3628 1502 3808 1573 gessit.
3843 1502 3904 1573 AUt

2293 1578 2454 1635 enim
2479 1578 2591 1632 hoc
2616 1574 2942 1632 manifestis
2955 1570 3505 1647 approbationibus
3527 1570 3733 1647 pateat,
3747 1570 3905 1647 cy_clc-

2292 1666 2425 1704 rum
2452 1649 2636 1722 etiam
2659 1648 2735 1703 ab
2751 1647 2914 1702 initio
2942 1644 3164 1702 conditi
3178 1648 3342 1701 orbis
3358 1644 3633 1722 recursus
3658 1645 3715 1699 in
3735 1660 3789 1722 se
3803 1644 3905 1722 bre-

2294 1722 2438 1776 viter
2462 1721 2825 1789 digeremus,
2857 1734 3010 1789 quos
3042 1734 3281 1789 semper
3313 1722 3450 1789 post
3478 1717 3813 1789 quingentos
3832 1717 3902 1769 tri-

2296 1792 2460 1862 ginta
2490 1791 2643 1847 duos
2681 1790 3049 1862 annos,isole
3078 1790 3222 1862 utin
3252 1790 3569 1861 principio,
3600 1795 3653 1862 et
3674 1789 3801 1862 luna
3824 1799 3905 1857 per

2295 1859 2501 1919 omnia
2521 1861 3034 1926 convenientibus,
3059 1859 3736 1917 nullissubvenienlibus
3758 1859 3905 1928 impe-

2295 1935 2597 1998 dimentis,
2618 1934 2676 1988 in
2706 1933 2765 1988 id
2791 1933 2947 1987 unde
2972 1937 3296 2003 coeperant.
3319 1932 3514 1987 redire
3551 1931 3902 1987 ostendemus.

2299 2007 2515 2082 Quinto
2537 2020 2804 2082 namque
2826 2003 2995 2082 cyclo
3017 2021 3053 2059 a
3075 2003 3619 2082 mundiprincipio,
3639 2017 3782 2082 anno
3800 2013 3903 2082 cen-

2298 2070 2508 2133 tesimo
2538 2070 2747 2145 quarto
2771 2070 3026 2139 decimo,
3062 2070 3341 2145 generale
3375 2070 3553 2130 totius
3576 2072 3766 2129 mundi
3788 2070 3905 2125 dilu-

2298 2151 2463 2223 vium
2486 2144 2598 2223 sub
2628 2147 2748 2223 Noe
2766 2148 2941 2212 venit,
2961 2144 3216 2219 qui’post
3240 2146 3537 2223 diluvium
3563 2144 3905 2223 quadringen-

2300 2222 2510 2275 tesimo
2540 2219 2773 2274 decimo
2803 2213 3011 2274 octavo
3043 2213 3203 2274 anno
3248 2218 3469 2274 defecit
3499 2234 3511 2271 :
3554 2213 3609 2272 et
3638 2215 3761 2271 inde
3788 2213 3905 2268 alius

2301 2292 2610 2365 incipiens,
2645 2290 2844 2365 idest,
2879 2296 3103 2365 sextus,
3136 2290 3195 2345 in
3224 2296 3444 2346 octavo
3472 2287 3672 2365 aetatis
3700 2285 3904 2365 Abrahe

2301 2359 2462 2418 anno
2483 2362 2702 2417 ﬁnitur.
2726 2364 2960 2417 Etnono
2989 2362 3122 2434 ejus
3139 2376 3303 2416 anno
3333 2360 3621 2434 septimus
3645 2359 3903 2434 incipiatis,

2301 2433 2605 2503 trigesimo
2618 2434 2829 2505 quinto
2856 2424 3667 2505 anno'egressionis'ﬁliorum
3683 2424 3905 2505 lsraelde

2301 2496 2585 2576 Egypto,
2610 2496 3028 2576 quinquennio
3062 2496 3199 2559 ante
3234 2508 3495 2560 mortem
3528 2503 3699 2576 Moysi
3717 2496 3904 2576 conclu-

2302 2571 2484 2648 dit'u'r'.
2510 2571 2645 2648 Post
2678 2571 2859 2648 quam
2885 2581 3153 2648 octavus,
3184 2576 3242 2629 in
3277 2591 3409 2647 quo
3440 2581 3527 2629 est
3550 2571 3686 2629 illud
3713 2573 3905 2639 signum

2302 2648 2360 2703 in
2385 2647 2506 2702 sole
2528 2652 2585 2702 et
2616 2646 2759 2702 luna
2781 2648 3024 2714 factum,
3058 2646 3367 2715 trigesimo
3398 2652 3561 2702 sexto
3587 2658 3734 2699 anno
3756 2653 3906 2715 egres-

2302 2719 2488 2794 sionis
2528 2718 2706 2773 Israel
2736 2718 2810 2773 de
2842 2713 3095 2794 Egypto
3125 2713 3447 2794 incipiens,
3494 2713 3904 2794 in_trigesimurp

2303 2790 2565 2861 primum
2588 2806 2817 2861 annum
2850 2786 3176 2858 Asse—regis
3201 2786 3363 2845 Iuda
3403 2788 3620 2844 incidit.
3650 2786 3805 2861 Cujus
3834 2786 3907 2859 tri-

2304 2858 2532 2931 gesimo
2559 2860 2825 2917 secundo
2848 2876 3008 2916 anno
3036 2876 3231 2915 nonus
3263 2861 3584 2916 exordium
3613 2858 3843 2931 capiens,
3863 2858 3907 2905 in

2303 2928 2424 3005 quo
2454 2937 2531 3005 et,
2556 2932 2716 2988 aliud
2750 2933 2986 3005 signum
3019 2932 3078 2987 in
3124 2932 3269 3005 sole,
3311 2932 3571 3005 Ezechias
3617 2928 3757 3005 regis
3791 2931 3908 3005 tem-

2302 2998 2467 3077 pore,
2501 3004 2575 3078 de
2604 3019 2725 3075 quo
2752 2998 2930 3075 paulo
2962 3008 3094 3074 post
3123 3003 3431 3078 dicemus,
3465 3004 3676 3058 factum
3714 2998 3902 3078 legitur,

2304 3075 2632 3131 centesimo
2656 3081 2865 3131 octavo
2882 3090 3042 3130 anno
3065 3082 3195 3145 post
3225 3075 3436 3146 templi
3456 3075 3902 3146 restaurationem,

2303 3163 2440 3219 quae
2475 3147 2586 3202 sub
2619 3146 2794 3219 Dario
2825 3146 3112 3219 facta_est,
3151 3145 3243 3200 sui
3274 3145 3498 3219 cursus
3526 3145 3765 3219 spatium
3797 3150 3906 3192 cou-

2305 3216 2625 3291 summavit
2679 3234 2703 3291 :_
2726 3217 2918 3273 donec
2965 3216 3230 3272 decimus
3256 3216 3424 3291 inde
3463 3216 3654 3291 oriens
3695 3220 3907 3291 nonage-

2305 3289 2458 3344 simo
2485 3288 2749 3344 secundo
2771 3304 2930 3344 anno
2954 3294 3089 3413 post
3110 3288 3465 3359 passionem
3482 3282 3793 3344 Salvatoris,
3810 3280 3907 3333 Alia

2305 3366 2360 3413 et
2384 3360 2700 3413 Snarsafal
2719 3359 2945 3413 consuli
2998 3377 3085 3413 us.
3116 3360 3379 3413 peractis
3401 3358 3665 3413 cursibus
3682 3364 3907 3410 consum-

2305 3366 2360 3416 et
2384 3363 2607 3432 Sparsa
2623 3360 2700 3430 (α)
2719 3358 3085 3432 consulibus,
3113 3358 3379 3432 peractis
3401 3358 3665 3432 cursibus
3682 3364 3907 3432 consum;

2307 3426 2523 3487 mat'ur.
2558 3426 2690 3486 Post
2719 3447 2899 3503 quem
2934 3426 3290 3487 undecimus
3329 3449 3365 3488 a
3393 3430 3691 3503 consulatu
3720 3426 3906 3479 Palem!

2307 3508 2365 3557 et
2389 3503 2669 3584 ‘Torquati
2711 3500 3044 3584 ad__uostra
3094 3519 3281 3584 usque
3322 3511 3588 3584 tempora
3615 3500 3903 3584 decurrgu‘sz

2308 3563 2571 3630 extremo
2606 3589 2770 3630 anno
2800 3563 3275 3630 Hiberniensium
3322 3563 3603 3631 moriente
3642 3563 3905 3645 Hanighmo

2308 3646 2461 3702 inter
2491 3650 2735 3721 caeteros
2766 3646 3085 3716 sapientes,
3116 3648 3449 3721 peragitur.
3483 3648 3545 3701 Et
3573 3640 3905 3721 duodeci‘uiuf

2306 3732 2468 3774 nunc
2490 3717 2725 3772 tertium
2747 3713 2974 3789 annum
2992 3713 3177 3787 agens
3197 3713 3285 3773 ad‘
3300 3719 3635 3789 futurorum
3648 3713 3905 3789 scientias}

2311 3804 2374 3862 se
2401 3793 2713 3860 praestans,
2745 3804 2781 3843 a
2810 3788 2985 3843 nobis
3034 3784 3275 3862 qualem
3336 3788 3517 3843 finem
3541 3787 3610 3862 sit
3648 3784 3906 3862 habiturus

2310 3851 2956 3935 ignora_tur:_quoru_m
2996 3851 3421 3935 unusquisque
3469 3854 3731 3935 uniformi
3769 3851 3904 3935 statu,

2309 3928 2563 4004 peractis
2590 3928 2935 4055 quin—gentis
2958 3928 3198 3999 triginta
3227 3928 3478 3987 duobus
3505 3928 3669 4008 annis
3696 3928 3749 3980 in
3767 3931 3908 3975 seme-

2314 4001 2591 4055 tinsum.i
2657 4006 2762 4055 est.
2785 4002 2842 4055 in
2864 4002 3166 4055 sequentis
3183 4002 3425 4055 initium
3449 4001 3764 4055 revolvrtur,
3787 4002 3908 4046 c0m°

2314 4001 2555 4073 tipsum,
2575 4001 2635 4073 id
2657 4006 2762 4073 est,
2785 4002 2842 4057 in
2864 4002 3166 4073 sequentis
3183 4002 3425 4058 initium
3449 4001 3764 4073 revolvitur,
3787 4002 3908 4071 c9m°

2314 4018 2348 4058 ti
2402 4018 2555 4066 sum,
2575 4018 2635 4055 ια
2657 4018 2762 4064 εει,
2785 4018 2842 4057 1n
2864 4018 3166 4073 sequentis
3183 4018 3425 4058 ιηιῑιυω
3449 4018 3764 4057 revowuur,
3787 4018 3908 4071 ψω-

2312 4018 2482 4156 piatis
2520 4072 2794 4156 videlicet
2823 4073 2895 4156 in.
2923 4088 3289 4156 unoquoque
3329 4072 3625 4156 solaribus
3668 4071 3910 4156 oetuxlkcf:

2312 4133 2816 4220 nisnonodecies,
2846 4145 2989 4220 et__in
3009 4133 3339 4220 lunaribus
3364 4133 3906 4220 decemnovenalibus

2314 4217 2492 4272 vicies
2519 4215 2705 4270 octies
2732 4215 2984 4271 circulis.
3009 4216 3144 4272 Post
3164 4232 3323 4288 quos
3352 4222 3411 4272 et
3432 4216 3493 4272 in
3520 4215 3704 4288 lunari
3728 4216 3905 4288 spr‘lj

2314 4288 2535 4344 tatione
2567 4301 2671 4358 per
2709 4302 3062 4343 communes
3108 4278 3434 4345 duodecim
3482 4292 3537 4358 et
3581 4278 3910 4358 embolismqs

2316 4356 2585 4432 septem,‘
2612 4373 2722 4432 per
2754 4357 3094 4432 ogdoadem
3126 4365 3181 4415 et
3229 4357 3639 4432 bendecadem
3676 4357 3725 4407 et
3765 4356 3911 4432 incre-

2316 4426 2585 4486 mentum
2610 4426 2840 4502 lunare,
2874 4431 3036 4502 quod
3066 4436 3510 4501 computatores
3540 4426 3744 4502 saltum
3754 4428 3911 4502 _I_1_0m_l'

2314 4506 2462 4575 nant
2476 4520 2496 4575 Δ;
2521 4500 2769 4557 etsolari
2802 4491 2913 4572 per
2919 4491 3311 4575 quadrantes
3323 4508 3380 4557 et
3406 4502 3690 4575 bissexlos
3711 4491 3910 4575 diliget!-

2316 4578 2401 4647 ως
2429 4561 2859 4647 di'numeratos,
2892 4561 3133 4647 demum
3171 4573 3416 4629 duobus
3456 4561 3910 4647 luminaribllsf‘f:

2315 4644 2499 4699 tidem
2530 4643 2657 4698 dies
2713 4644 3094 4716 habentibus,
3128 4652 3185 4700 et
3231 4660 3339 4716 per
3377 4659 3585 4699 cursus
3632 4638 3912 4716 suiornngs

2316 4715 2813 4770 lineasconcordi
2845 4707 3615 4776 ratione'convenientibus,
3646 4707 3801 4763 veluti
3822 4711 3912 4776 ριςιτ

2316 4767 2470 4842 eis;
2487 4767 2911 4842 cessares};
2922 4767 3515 4844 ‘iaaug'iaiﬁaae:
3540 4767 3699 4839 D'um
3726 4767 3843 4843 ergb
3866 4767 3909 4844 ω

2317 4840 2689 4913 ἆτουιοι-ιιώ
2704 4840 2918 4913 letales
2946 4840 3414 4915 recursus—inse
3430 4840 3712 4924 congrue,
3740 4840 3912 4924 el'Pfl?‘

2319 4910 2678 5004 ίιίιίοέίξείοῑδξ
2710 4910 2933 5004 quisa,
2948 4910 3038 4985 is
3054 4910 3645 5004 ξρίέτρίῑιιὶίς-ιξιδῑερ
3659 4910 3756 5004 ,θοι
3784 4910 3907 5004 ςξᾳε

2319 5006 2413 5055 tus
2441 4989 2632 5069 signa,
2665 4989 2973 5071 quomodo
3023 5001 3137 5057 sub
3167 5003 3301 5057 Jesu
3350 5000 3437 5055 vel
3479 4994 3707 5071 Ezechia
3734 4989 3907 5071 facit}?

2318 5054 2569 5141 legitur,
2583 5054 2964 5142 apparuisse
2979 5054 3355 5137 describitur,
3382 5054 3506 5142 sine
3538 5067 3650 5123 ulla
3681 5054 3910 5142 varielg‘tf

2317 5118 2567 5198 redeunt
2594 5159 2606 5208 ;
2626 5118 2948 5199 manifeste
2966 5143 3325 5214 intelligitur,
3342 5118 3509 5213 quod
3527 5152 3639 5214 non
3670 5118 3910 5214 moramillf

2318 5221 2420 5270 aut
2449 5202 2705 5269 reversio
2745 5213 2967 5286 aliquid
3000 5214 3062 5271 in
3112 5202 3598 5286 luminarium__et
3626 5202 3908 5286 ίεωρρξξξξιῖ

2318 5290 2559 5341 assueto
2604 5301 2784 5357 cursu
2826 5271 3217 5357 praepeditum
3253 5285 3341 5340 vel
3373 5281 3668 5357 insolitum
3704 5271 3910 5357 reliqua;

2317 5361 2456 5412 runt
2482 5373 2494 5421 ;
2518 5356 2619 5430 sed
2643 5331 3128 5430 quasirperrdiem
3161 5372 3402 5414 omnem
3419 5355 3476 5410 in
3503 5360 3737 5430 occasus
3752 5331 3909 5430 εξιξςεξξξ

2320 5403 2957 5501 ὲῦᾗῐιεῖᾱίὶῧῖῖῶίὶὲὲι
2973 5403 3598 5501 ἱᾘιῖῖιιῖιῖβόὲῖἀῖιρὦ
3615 5403 3907 5501 ἰιιίυξεερξιξ

2318 5474 2601 5572 longioris
2631 5474 3035 5572 d'ieigspatium
3076 5474 3453 5572 peregerunt:
3481 5497 3579 5572 P9P
3606 5474 3907 5572 quedﬂ‘f‘i:

2317 5551 2607 5643 urgeas
2639 5551 2798 5627 nihil
2811 5551 3487 5645 Id‘QEngsa‘z'aaais
3533 5551 3905 5631 longitudinem

2385 5720 2453 5786 (a)
2489 5721 2607 5782 Pro,
2630 5721 2823 5774 Aviola
2852 5727 2899 5777 et
2915 5722 3107 5774 Pansa.
