4112 6192
225 230 368 289 2185

222 354 534 430 indeserto
549 358 703 411 totus
716 356 1004 430 exercitus
1023 357 1149 412 sitis
1165 356 1369 414 labore
1391 359 1556 415 ﬁeret
1572 360 1876 430 fatigatus,

221 428 469 483 Elisaeus
496 443 687 552 aquas
716 442 815 499 per
844 428 1132 484 siccatum
1166 438 1483 486 torrentem
1516 432 1643 487 sine
1676 428 1878 503 pluvia

221 500 421 552 venire
452 514 487 552 a
584 515 654 552 eo
684 499 1101 552 impetraverat
1136 517 1147 552 :
1202 502 1301 552 ubi
1335 501 1528 552 fossas
1559 511 1613 552 et
1664 512 1875 552 mimos

219 500 421 575 venire
452 514 487 553 a
533 499 654 575 Deo
684 499 1101 575 impetraverat
1136 517 1147 555 :
1202 502 1301 555 ubi
1334 501 1528 575 fossas
1559 511 1613 558 et
1664 499 1875 575 puteos

218 570 511 652 populum
536 570 730 652 facere
753 570 931 652 jussit
950 574 1500 652 propterl_si:aelitas
1520 570 1873 652 AetAgentiles,

216 642 322 715 qui
353 642 413 697 in
440 642 651 726 cedem
674 642 933 726 exercitu
954 642 1122 698 erant
1148 644 1239 715 (IV
1260 645 1386 726 Reg.
1412 661 1492 726 ui,
1512 642 1878 726 9.20)._Cum:

215 712 346 786 que
366 729 436 769 ex
471 712 574 769 illa
602 713 978 786 expeditione
1036 712 1305 770 reversus
1337 712 1395 770 in
1430 712 1653 772 terrain
1696 717 1875 773 Israel

217 784 506 858 venisset,
523 784 734 839 mulier
746 785 927 858 vidua
950 786 1127 841 unius
1145 802 1215 841 ex
1244 788 1876 858 prophetis,lacryma-

214 856 514 930 biliter_ad
552 871 691 930 eum
734 855 1015 911 clamavit
1052 874 1063 911 :
1094 855 1260 921 Ecce;
1296 855 1593 930 inquiens,
1633 855 1877 915 creditor

216 944 360 982 meus
388 927 520 981 duo:
532 927 709 1053 ζῖιιόες,
742 944 869 997 quos
888 944 1039 982 servo
1061 934 1150 983 tuo
1177 931 1295 983 viro
1317 927 1425 983 meo
1466 932 1647 1000 genui,
1676 931 1745 985 ad
1766 947 1875 985 ser-

216 999 466 1053 viendum
478 999 529 1052 si
566 1000 584 1052 ἰ
592 1000 740 1053 .am'a
752 998 977 1053 reddere
989 1000 1142 1053 aliud
1158 1001 1305 1053 ultra
1318 1018 1422 1053 non
1435 1002 1670 1053 habeam.
1686 1002 1875 1053 tollere

214 999 466 1054 ciendum
478 998 584 1053 sibi
592 1000 740 1069 ,φιιά
752 998 977 1053 reddere
989 1000 1142 1054 aliud
1158 1001 1305 1055 ultra
1318 1018 1422 1055 non
1435 998 1670 1067 habeam,
1686 1002 1876 1057 tollere

216 1072 401 1143 cupit.
422 1071 525 1143 cui
557 1070 801 1143 Elisaaus
823 1072 972 1136 :Dic,
1004 1072 1388 1143 inquit,quam
1408 1089 1518 1127 rem
1542 1076 1599 1127 in
1616 1075 1764 1128 domo
1780 1082 1875 1129 tua

212 1140 362 1214 potes
388 1142 586 1216 habere
614 1140 642 1194 ?
662 1141 927 1216 Parvum,
952 1140 1320 1216 respondens
1336 1144 1437 1209 ait,
1454 1146 1673 1216 oleique
1697 1162 1875 1216 angar

214 1213 556 1288 reconditum
580 1229 737 1283 penes
771 1230 855 1288 _m_e
883 1213 1048 1288 habeo
1078 1215 1140 1267 in
1168 1231 1316 1270 vase.
1351 1216 1476 1269 Pete
1506 1213 1649 1286 ergo,
1678 1213 1875 1288 inquit

216 1284 917 1358 Elisaaus,mutuoavicinis
932 1286 1043 1358 tuis
1058 1302 1183 1339 vasa
1195 1302 1363 1341 vacua
1378 1303 1482 1340 non
1492 1284 1683 1358 pauca.
1700 1284 1871 1355 Quod

215 1373 354 1429 cum
382 1356 634 1429 fecisset,
663 1358 736 1410 de
755 1371 937 1429 parvo
954 1357 1053 1411 illo
1078 1358 1190 1412 olei
1208 1356 1505 1429 crescente
1530 1360 1661 1429 ipsa
1686 1358 1873 1429 reple-

214 1427 297 1507 v_it
313 1427 654 1507 omniajld.
676 1443 767 1507 iv,
801 1427 930 1507 I-6).
964 1430 1097 1507 Haec
1120 1430 1291 1499 exiga
1313 1428 1425 1485 olei
1452 1427 1872 1501 particula—per

211 1500 489 1555 virtutem
523 1498 826 1568 Propheta:
880 1498 939 1553 in
972 1500 1170 1569 majus
1202 1498 1471 1555 crescere
1517 1517 1637 1555 non
1670 1498 1871 1557 contra

209 1576 493 1626 naturam
524 1570 733 1640 potuit.
759 1570 1010 1626 Omnem
1030 1572 1189 1626 enim
1212 1571 1690 1641 magnitudinem
1712 1588 1872 1629 crea-

213 1646 485 1696 turarum
500 1641 574 1695 de
588 1641 876 1712 parvitate
888 1656 1124 1712 semper
1139 1657 1401 1698 crescere
1417 1658 1527 1698 con
1537 1643 1712 1709 venit,
1732 1660 1871 1700 cum

214 1713 546 1785 praesertim
578 1712 897 1785 specialius
928 1712 1133 1785 hocin
1181 1713 1427 1785 liquoris
1458 1721 1693 1779 natura,
1745 1715 1866 1785 pin-

212 1784 487 1840 cernaria
517 1789 640 1857 arte
671 1784 754 1857 ﬁt,
785 1784 1159 1857 utquaedam
1187 1784 1541 1857 poculorum
1562 1784 1781 1857 genera
1797 1787 1870 1841 de

211 1870 405 1927 parva
438 1855 682 1910 materia
722 1855 778 1909 in
813 1854 1248 1927 abundantiam
1290 1855 1536 1927 liquoris
1564 1854 1871 1913 exundare

210 1926 273 2000 et
304 1926 628 2000 fervescere
687 1926 1188 2000 comprobantur._
1203 1930 1309 2000 Per
1353 1926 1592 1983 ’Sunam
1623 1945 1869 2000 quoque

212 1999 515 2054 civitatem
547 2013 705 2069 saepe
724 1997 883 2069 idem
912 1999 1001 2052 vir
1017 1998 1351 2067 egrediens,
1376 2015 1513 2053 cum
1542 2015 1576 2053 a
1601 1997 1870 2069 quadam

210 2069 397 2125 divite
428 2068 667 2143 femina,
702 2068 804 2123 sed
834 2069 1032 2143 sterili,
1057 2071 1217 2143 bone
1252 2070 1587 2143 frequenter
1612 2068 1871 2143 hospitio

209 2145 488 2223 receptus
519 2140 728 2206 fuerat,
746 2140 1039 2264 praedixit
1058 2140 1222 2212 quod
1244 2141 1316 2222 de
1346 2140 1473 2196 viro
1493 2157 1601 2222 suo
1628 2140 1870 2223 pro—prio

209 2216 575 2264 concineret.
609 2211 719 2264 Sed
743 2226 757 2264 ι
787 2211 839 2264 le
865 2218 1041 2264 natus
1067 2219 1123 2264 et
1153 2217 1405 2264 nutritus
1433 2227 1597 2264 aravn
1625 2219 1681 2264 et
1697 2215 1870 2264 solita

209 2212 575 2283 conciperet.
609 2211 839 2283 Sedille
865 2218 1041 2267 natus
1067 2211 1123 2268 et
1153 2213 1405 2267 nutritus
1433 2214 1597 2281 gravi
1625 2211 1871 2271 etsolita

208 2281 441 2339 doloris
496 2281 869 2353 aegritudine,
902 2283 1099 2339 adhuc
1138 2299 1281 2354 puer
1333 2299 1654 2353 percussus
1702 2285 1867 2340 obiit.

210 2356 401 2421 Quem
432 2360 631 2410 tamen
668 2354 911 2409 Elisaaus
962 2354 1197 2425 ﬁgurali
1228 2354 1435 2409 ordine
1488 2357 1869 2425 resuscitans,

210 2427 394 2482 matri
410 2428 608 2505 vivem
640 2424 1185 2505 assigiia.viht_(_Ibid.,
1202 2428 1378 2505 _8-3_7).
1405 2426 1679 2505 Quodam
1693 2424 1869 2483 etiam

208 2505 484 2568 tempore
518 2497 675 2552 fame
705 2497 895 2552 coacti
927 2495 1024 2568 filii
1048 2496 1496 2568 prophetarum,
1527 2499 1676 2553 inter
1705 2505 1871 2553 caete-

210 2512 335 2554 tem
424 2513 484 2551 re
518 2512 675 2552 tame
705 2512 895 2552 coacti
927 2512 1024 2551 nui
1048 2512 1155 2568 pro
1202 2512 1496 2561 natarum,
1527 2512 1676 2553 inter
1705 2512 1871 2553 08316-

210 2585 315 2627 ras
342 2512 560 2624 Egrbas
574 2574 835 2638 agrestes
849 2512 1256 2639 colocyntid’as
1272 2570 1609 2624 mortiferas
1624 2575 1679 2624 et
1701 2569 1872 2626 valde

210 2656 458 2698 amaras
487 2655 609 2695 non
640 2644 1053 2708 agnoscentes,
1086 2641 1143 2694 in
1175 2640 1485 2711 pulmento
1537 2647 1824 2696 coxerunt
1856 2660 1868 2699 :

206 2711 380 2784 quod
410 2728 547 2767 cum
571 2726 723 2784 unus
742 2712 1043 2783 quispiam
1058 2711 1299 2784 illorum
1322 2716 1654 2784 gustasset,
1675 2712 1732 2767 in
1754 2712 1873 2767 olla

204 2778 467 2865 mortem
481 2798 610 2838 esse
626 2778 936 2865 clamavit.
963 2782 1075 2838 Sed
1102 2782 1245 2837 dum
1276 2778 1518 2864 Elisaeus
1539 2782 1873 2865 .farinaepa-

205 2870 350 2911 rum
377 2856 438 2910 in
469 2853 957 2925 eamdemiollam
990 2869 1174 2908 manu
1198 2854 1439 2925 propria
1471 2855 1652 2919 misit,
1715 2853 1870 2910 illius

209 2927 403 2981 virtus
435 2942 539 2997 per
560 2926 717 2981 illius
740 2924 1010 2997 farinulaa
1031 2924 1393 2997 sapidum’et
1421 2941 1667 2981 suavem
1691 2932 1746 2981 et
1777 2943 1872 2982 sa-

210 3013 365 3054 num
397 2995 696 3069 saporem,
730 2996 1058 3069 insipidum
1078 2995 1144 3069 et
1166 2995 1531 3069 mortiferum
1558 2998 1874 3069 colocynti-

208 3069 435 3125 daruin
453 3066 778 3141 agrestium
791 3066 923 3142 vicit
946 3066 1135 3142 (Ibid,
1150 3068 1364 3142 ,38-41).
1379 3068 1600 3142 Viginti
1630 3066 1872 3142 queque

210 3154 409 3214 panes
439 3138 768 3196 in—centum
820 3138 980 3214 viros
1006 3138 1187 3214 dividi
1214 3140 1610 3214 praecipiens,‘
1635 3138 1871 3197 t—urbam

212 3210 723 3275 saturaverunt,et
736 3210 1324 3281 superabundantem
1342 3210 1570 3280 copiam
1587 3210 1874 3279 fragmen-

208 3288 415 3340 torum
441 3282 784 3355 colligentes
811 3280 1063 3355 ministri
1092 3280 1427 3355 habuerunt
1451 3282 1636 3355 (Ibid.,
1659 3283 1742 3337 42-
1757 3286 1869 3349 44).

203 3356 323 3412 Sed
358 3359 415 3409 et
444 3354 517 3410 de
534 3352 713 3424 hujus
738 3353 964 3408 virtutis
996 3352 1381 3421 intelligentia
1412 3354 1750 3423 diligentius
1769 3370 1873 3409 ex-

199 3426 759 3499 planabimus,cum
774 3424 848 3480 de
869 3424 1136 3496 quinque
1151 3424 1409 3499 panibus
1423 3431 1478 3499 et
1493 3426 1733 3499 duobus
1752 3426 1873 3498 pis-

198 3496 481 3578 cib-usLet
493 3512 700 3578 rurs‘us
714 3496 787 3577 de
800 3501 1028 3578 septem
1055 3496 1310 3577 panibus
1325 3501 1377 3551 et
1400 3497 1701 3578 pisciculis
1718 3496 1869 3569 pau-

202 3568 363 3625 cisin
382 3567 721 3636 Evangelio,
738 3567 786 3621 si
813 3568 1095 3622 Dominus
1110 3567 1463 3638 permiserit,
1485 3567 1868 3625 disseremus.

196 3639 436 3696 CAPUT
484 3640 666 3695 XXIV.
738 3668 796 3678 —
852 3638 929 3692 De
996 3638 1150 3707 lepra
1214 3639 1467 3695 Naaman
1530 3648 1748 3706 curata,
1819 3647 1869 3695 et

778 3709 1086 3764 adhaerente
1120 3709 1291 3765 Giezi.

281 3784 417 3837 Post
442 3780 569 3836 haec
590 3783 873 3853 Naaman
888 3783 1167 3852 princeps
1190 3781 1482 3837 exercitus
1505 3782 1659 3850 regis
1682 3782 1867 3853 Syriae

202 3854 506 3925 Ieprosus,
536 3868 675 3925 cum
710 3852 1042 3908 mirabilem
1074 3854 1431 3924 prophetam
1461 3857 1517 3908 et
1538 3852 1865 3908 sanitatum

201 3924 401 3997 gratia
418 3924 828 3997 condonatum
853 3924 911 3997 in
937 3924 1277 3997 terralsrael
1299 3939 1426 3979 esse
1449 3925 1863 3997 comperisset;

203 3995 500 4053 comitum
525 3996 780 4067 stipatus
802 3995 977 4067 turba
1005 3995 1281 4059 militum,
1307 3995 1865 4067 sumptisadomino

205 4083 323 4125 suo
343 4066 690 4123 muneribus
702 4066 1059 4137 etepistolis.
1078 4067 1350 4137 primitus
1368 4067 1443 4121 ad
1468 4082 1666 4137 regem
1692 4066 1867 4122 Israel

204 4140 525 4212 pergitzet
547 4140 674 4212 ipse
700 4137 864 4212 illum
888 4138 964 4193 ad
986 4138 1235 4212 domum
1255 4137 1449 4212 ΕΠεωί
1471 4140 1712 4193 tendere
1737 4154 1867 4193 mo-

202 4209 323 4266 net.
353 4211 459 4266 Ubi
486 4209 606 4283 pres
629 4209 853 4283 foribus
878 4216 1070 4266 stante
1090 4209 1209 4275 illo,
1235 4209 1473 4283 Elisasus
1491 4224 1596 4281 per
1611 4225 1863 4283 puerum

200 4283 406 4354 jussit,
433 4279 508 4354 sui
555 4282 776 4354 septies
801 4282 859 4335 in
923 4283 1273 4354 Jordane_se
1323 4279 1564 4354 lavaret.
1596 4280 1707 4354 Sed
1739 4281 1864 4354 ipse

206 4351 594 4424 superciliose
612 4351 889 4407 nuntium
919 4355 1167 4424 omnino
1181 4351 1525 4424 despiceret,
1551 4351 1661 4424 nisi
1680 4351 1865 4407 socio-

208 4423 349 4480 rum
382 4440 626 4479 suorum
657 4423 1056 4489 sermonibus,
1083 4431 1143 4479 ut
1167 4423 1324 4478 hanc
1343 4430 1462 4478 tam
1486 4423 1717 4478 facilem
1739 4439 1862 4478 rem

206 4497 449 4568 faceret,
467 4511 680 4550 suasus
695 4495 843 4551 foret
858 4512 869 4549 :
885 4496 1108 4568 quibus
1134 4496 1785 4568 acquiescens,septies,
1804 4501 1864 4549 ut

209 4567 462 4623 Elisaaus
498 4572 883 4639 praeceperat,
907 4566 981 4621 ‘in
1030 4566 1287 4622 Iordane
1319 4566 1583 4635 lavatur;
1614 4566 1863 4639 ejusque

209 4640 364 4694 cutis
385 4643 508 4693 tota
534 4638 732 4693 mollis
762 4645 819 4694 et
841 4644 1060 4710 tenera,
1080 4639 1253 4710 quasi
1283 4638 1473 4710 pueri,
1503 4645 1713 4694 sanata
1734 4638 1864 4694 red-

208 4710 392 4782 ditur.
427 4710 613 4782 Unde
643 4725 753 4782 pro
783 4709 989 4782 salutis
1017 4709 1294 4765 beneﬁco
1335 4710 1585 4782 viroADei
1616 4726 1863 4766 munera

208 4780 426 4838 offerre
442 4780 723 4837 tentabat.
739 4783 879 4846 Quae
892 4780 986 4836 ille
1008 4796 1312 4844 recusans,
1328 4780 1489 4851 quod
1504 4783 1682 4851 gratis
1694 4797 1863 4836 acce-

211 4857 403 4925 perat,
438 4852 928 4925 gratissimpertiri
960 4851 1254 4925 malebat._
1277 4851 1353 4906 Ex
1386 4854 1587 4925 hacre
1623 4852 1867 4906 manife-

210 4922 477 4995 Stissime
507 4922 863 4995 declaratur,
919 4928 982 4995 ut
1011 4922 1283 4995 praedixi,
1314 4923 1477 4995 quod
1505 4922 1867 4995 in_sermone

208 4994 567 5067 imperantis
586 4994 703 5059 Dei,
730 4992 1059 5050 secundum
1078 4992 1394 5065 imperium
1412 4992 1867 5067 Prophettemon

210 5067 275 5123 in
296 5065 357 5121 re
388 5066 589 5139 aliqua
605 5065 1691 5139 virtutissaeramentumcontinetur:
1717 5080 1866 5139 quo-

209 5139 380 5194 niam
412 5139 458 5192 si
489 5136 617 5192 sine
647 5137 896 5209 imperio
938 5136 1279 5209 Propheta,
1301 5136 1422 5190 imo
1457 5136 1553 5190 Dei
1585 5151 1706 5209 pere
1734 5136 1871 5190 Pro-

212 5209 484 5281 phetam,
513 5206 785 5281 Naamen
810 5210 865 5262 in
893 5206 1150 5281 Iordane
1178 5223 1238 5281 se
1267 5206 1508 5281 lavaret,
1541 5206 1664 5281 suae
1694 5207 1869 5281 lepraa

213 5278 636 5360 purgationem
653 5279 1011 5360 nellomode
1026 5287 1143 5360 tam
1162 5278 1869 5360 cito.re_eiperet.Cpgitans

211 5351 361 5421 ergo
392 5351 555 5423 apud
589 5369 652 5406 se
684 5352 836 5407 Giezi
870 5352 1140 5423 minister
1183 5351 1285 5405 viri
1336 5351 1454 5415 Dei,
1487 5351 1650 5421 quod
1700 5351 1871 5421 quasi

214 5424 349 5479 sine
380 5422 559 5479 causa
589 5426 854 5479 Naaman
886 5422 1170 5478 dominus
1210 5438 1353 5476 suus
1386 5422 1621 5476 Elisaaus
1664 5436 1875 5491 peper-

213 5500 398 5560 cerat,
418 5494 659 5549 duobus
683 5494 1005 5565 assumptis
1026 5509 1228 5565 secum
1253 5494 1467 5562 pueris,
1498 5491 1875 5548 festinantius

215 5573 355 5639 post
395 5582 535 5622 eum
566 5566 745 5633 exire,
790 5581 860 5621 ac
890 5564 936 5621 si
970 5581 1011 5639 ea
1040 5564 1289 5620 domino
1328 5581 1436 5639 suo
1464 5565 1707 5639 missus,
1738 5580 1877 5639 pro-

216 5636 389 5710 perat
420 5654 434 5693 :
469 5642 900 5710 acceptamque
927 5638 1005 5692 ab
1044 5652 1134 5703 eo,
1168 5636 1501 5710 composito
1533 5636 1871 5710 mendacio,

217 5708 540 5783 pecuniam
571 5708 631 5764 in
654 5708 823 5781 equis
852 5723 925 5764 ex
950 5712 1116 5783 parte
1143 5708 1510 5779 reportabat,
1539 5724 1725 5779 quam
1750 5708 1871 5783 ΕΠ-

225 5779 385 5839 iaius
415 5780 684 5853 accipere
706 5779 912 5846 totam,
934 5784 991 5837 et
1008 5779 1231 5839 habere
1251 5795 1641 5853 nequaquam
1671 5779 1870 5837 volue-

514 5878 758 5939 ΡΑτ-ἣοι..
805 5876 1029 5937 XXXV.

1342 230 1557 291 LIBER
1597 226 1994 292 SECUNDUS.
2036 264 2106 279 —
2145 228 2523 294 APPENDIX.

3498 241 3640 301 2186

1992 366 2103 417 rat.
2148 361 2367 417 Deinde
2406 377 2547 418 vero
2584 363 2980 433 interrogatus
3006 363 3158 420 Giezi
3189 380 3226 421 a
3251 367 3497 425 domino
3528 386 3641 426 suo

1991 449 2112 506 quo
2144 434 2455 506 isset,snon
2487 450 2798 506 quoquam
2840 452 2901 490 se
2948 434 3062 490 isse
3104 436 3254 492 falso
3303 439 3633 497 simulavit.

1990 505 2104 578 sed
2160 504 2457 578 occultum
2512 504 2893 561 mendacium
2925 507 3183 563 evidenti
3228 509 3456 578 judicio
3502 512 3641 568 Pro-

1989 576 2169 651 pheta
2215 576 2596 646 convincens,
2649 577 3126 651 Nonne,_inquit,
3178 576 3420 651 spiritus
3470 598 3642 638 meus

1987 646 2093 702 tibi
2123 663 2387 718 praesens
2417 655 2561 713 erat,
2602 650 2849 719 quando
2888 646 3068 704 homo
3112 653 3170 705 in
3210 646 3527 707 occursum
3560 656 3641 710 tui

1986 719 2200 791 desuo
2235 735 2409 774 curru
2441 719 2750 774 descendit
2778 719 2806 774 ?
2845 723 2991 775 Dum
3024 722 3200 791 igitur
3229 724 3427 778 infelix
3462 730 3513 779 te
3543 741 3642 781 cu-

2030 790 2251 846 iditatis
2276 792 2577 861 cogitatio,
2608 799 2667 845 ut
2694 793 2808 846 hoc
2830 806 3035 860 ageres
3056 790 3112 847 et
3139 792 3387 859 diceres,
3413 795 3634 861 fefellit,

2007 877 2149 933 epra
2182 864 2448 917 Naaman
2480 878 2617 917 cum
2650 879 2759 918 sua
2789 864 3041 933 pecunia
3083 864 3187 919 tibi
3218 872 3273 920 et
3299 867 3510 921 semini
3537 875 3639 924 tuo

1987 949 2175 1007 usque
2206 933 2265 987 in
2299 933 2585 1007 sarculgm
2623 934 2952 990 adhaerebit
2981 937 3074 1005 (IV
3096 936 3228 1007 Reg.
3264 938 3341 1007 v).
3376 940 3515 992 Ecce
3542 955 3638 994 ea-

1985 1006 2121 1059 dem
2168 1010 2455 1086 potestate
2485 1005 2725 1086 Elisaaus
2760 1007 3048 1086 propheta
3091 1005 3321 1086 lepram
3367 1008 3637 1086 Ifiaaman

1984 1076 2217 1146 corpori
2248 1076 2626 1148 deposuerat,
2656 1076 2777 1148 qua
2818 1076 2971 1131 Giezi
2996 1076 3271 1133 eamdem
3325 1080 3629 1135 adhaerere

1983 1148 2147 1220 carni
2178 1152 2234 1200 et
2263 1146 2469 1220 domui
2501 1146 2857 1217 impei‘abat.
2889 1149 3051 1204 Unde
3082 1150 3519 1220 pervidendum
3550 1156 3639 1207 est

1982 1218 2354 1291 istasiomnes
2372 1219 2616 1291 virtutes
2646 1234 2764 1273 non
2796 1236 2993 1275 rerum
3016 1218 3283 1291 ipsarum
3307 1221 3632 1289 effectibus,

1985 1290 2091 1344 sed
2122 1289 2473 1363 imperantis
2504 1296 2802 1363 princepto
2836 1289 3082 1363 peragi:
3124 1294 3401 1363 quamvis
3431 1300 3639 1349 contra

1983 1359 2254 1415 naturam
2285 1359 2425 1414 nihil
2453 1360 2512 1413 in
2538 1360 2769 1416 illarum
2816 1362 2909 1416 vel
2936 1359 3162 1417 harum'
3181 1363 3487 1420 effectione
3513 1381 3640 1421 cer-

1981 1438 2120 1507 tum
2140 1436 2227 1486 est
2253 1432 2475 1507 perfici.
2510 1432 2580 1507 In_
2602 1448 2858 1503 quarum
2889 1439 3087 1488 tamen
3120 1436 3476 1504 perfectione
3504 1438 3640 1507 ipsa

1983 1504 2082 1577 Dei
2109 1502 2459 1577 imperantis
2490 1502 2788 1577 voluntas,
2819 1520 2921 1559 seu
2946 1520 3054 1577 per
3083 1502 3164 1577 se,
3195 1522 3291 1560 seu
3321 1522 3425 1577 per
3456 1502 3641 1576 ange-

1982 1574 2090 1637 los,
2112 1590 2213 1647 seu
2240 1590 2343 1644 per
2366 1574 2641 1629 homines
2666 1574 2799 1629 Illas
2826 1590 2918 1647 res
2940 1575 3200 1647 inquirit,
3234 1574 3387 1647 quas
3419 1574 3641 1634 futuro-

1982 1662 2115 1702 rum
2146 1645 2354 1718 fignris
2393 1650 2663 1718 apteper
2705 1646 2911 1718 omnia
2962 1645 3280 1701 convenire
3330 1652 3636 1718 praenovit.

2160 1717 2387 1772 CAPUT
2416 1716 2575 1771 XXV.
2618 1746 2687 1757 —
2719 1717 2794 1771 De
2822 1718 2965 1787 [erri
2992 1716 3451 1788 supernatatibne.

2056 1788 2330 1861 Quodam
2361 1794 2894 1861 quoquetempore
2910 1788 3052 1861 filiis
3083 1791 3508 1861 prophetarum
3535 1808 3636 1848 co-

1983 1874 2112 1913 ram
2150 1858 2355 1913 Elisteo
2387 1858 2740 1913 facientibus
2767 1858 2879 1914 sibi
2910 1858 3129 1925 locum,
3153 1858 3338 1915 manu
3366 1864 3542 1916 unius
3561 1879 3634 1918 ex

1982 1930 2096 1984 illis
2118 1930 2338 1985 securis
2353 1929 2572 2001 ferrum
2587 1929 2659 1983 de
2676 1930 2995 1986 manubrio
3018 1932 3255 2001 lapsum
3280 1932 3559 1987 excidens
3574 1935 3635 1988 in

1981 2001 2260 2056 Jordanis
2290 2000 2539 2055 fluvium
2572 2001 2800 2057 cecidit.
2835 2002 2943 2067 Qui
2994 2000 3221 2057 amisso
3270 2002 3631 2061 ferramento

1983 2072 2146 2142 quod
2181 2078 2518 2127 mutuatum
2551 2080 2879 2142 acceperat,
2909 2073 3112 2129 animo
3139 2075 3393 2141 graviter
3418 2076 3627 2130 doluit.

1987 2143 2150 2198 Unde
2179 2143 2418 2198 Elisaaus
2441 2144 2547 2197 viri
2581 2143 2841 2198 clamore
2866 2150 3082 2210 motus,
3114 2144 3330 2200 affectu
3351 2146 3627 2213 dolentis,

1981 2214 2181 2287 locum
2207 2214 2309 2269 ubi
2326 2213 2547 2269 ferrum
2566 2214 2859 2287 ceciderat
2880 2216 3244 2281 demersum,
3268 2218 3628 2287 requirebat.

1984 2286 2107 2350 Quo
2140 2291 2441 2351 annotato,
2462 2291 2517 2340 et
2533 2302 2569 2340 a
2591 2285 3287 2355 seilluclignoimmisso,
3308 2285 3527 2342 ferrum
3552 2289 3627 2343 de

1981 2356 2285 2430 profundo
2298 2357 2373 2411 ad
2402 2357 2895 2430 superioraaquae
2918 2362 3379 2413 natansrevocat
3396 2360 3627 2430 (IVReg.

1982 2443 2061 2493 v1,
2082 2429 2215 2499 5,6).
2230 2428 2489 2483 Gravem
2504 2444 2642 2500 vero
2656 2428 2789 2482 ferri
2808 2433 3082 2500 naturam
3099 2430 3289 2483 tenuis
3306 2428 3478 2500 aqUaa
3492 2428 3629 2485 sub-

1984 2500 2201 2554 stantia
2216 2500 2509 2571 ferrenon
2538 2499 2710 2554 valet.
2730 2499 2842 2555 Sed
2867 2506 3064 2555 tamen
3086 2500 3191 2571 qui
3212 2499 3627 2571 postmodum,

1984 2570 2097 2625 sub
2112 2571 2254 2625 Petri
2271 2569 2524 2641 pedibus
2546 2571 2728 2625 maris
2741 2569 3389 2627 solidaveratnat'uram
3404 2573 3626 2641 (Matth.

1983 2658 2102 2706 XIV,
2118 2641 2229 2713 29),
2246 2640 2382 2696 ante
2411 2640 2574 2696 illam
2590 2642 2663 2696 de
2676 2642 2979 2712 profundo
2994 2643 3213 2697 ferrum
3236 2640 3458 2712 levarej
3472 2644 3630 2700 ubet.

1986 2715 2140 2768 Sane
2170 2729 2347 2784 aqua:
2370 2717 2583 2784 natura
2608 2713 2883 2783 quamvis
2933 2719 3086 2769 terra
3116 2713 3399 2783 fragilior,
3428 2720 3627 2771 tamen

1984 2800 2119 2840 aere
2143 2783 2385 2840 solidior
2398 2783 2647 2838 videtur.
2674 2786 2792 2839 Hoc
2809 2784 2967 2840 enim
2984 2802 3016 2839 a
3031 2790 3183 2840 terra
3197 2786 3396 2840 minus
3410 2786 3631 2842 habere

1985 2855 2213 2910 virtutis
2243 2854 2595 2929 ostenditur,
2628 2856 2789 2929 quod
2824 2856 2903 2911 ab
2932 2872 3002 2911 ea
3034 2856 3367 2929 metallaiet
3398 2856 3630 2929 lapides

1986 2929 2186 2982 minus
2210 2925 2593 2981 sufferuntur.
2625 2927 2711 2981 Ab
2742 2943 2876 2982 aere
2908 2944 3045 2982 vero
3075 2927 3219 2983 illud
3242 2928 3375 2998 plus
3397 2925 3628 2997 retinet,

1983 2998 2147 3079 quod
2177 2998 2488 3079 hominum
2504 3003 2924 3079 etcaaterﬂorum
2939 2998 3291 3079 aniinelium
3310 3015 3562 3079 corpora
3575 3006 3633 3079 et

1981 3068 2144 3139 ligna
2174 3068 2621 3140 supernatantia
2644 3069 2888 3124 sufferre
2907 3070 3042 3123 alet.
3100 3071 3263 3125 Unde
3286 3072 3394 3126 etsi
3418 3068 3631 3127 ’metal-

1982 3142 2107 3196 lum
2131 3141 2209 3196 ad
2239 3141 2715 3212 integrumaqua
2742 3156 2861 3194 non
2893 3146 3223 3211 supportat,
3256 3158 3326 3196 ex
3349 3150 3515 3212 parte
3542 3150 3631 3198 ta-

1984 3228 2122 3267 men
2149 3228 2285 3267 cum
2302 3211 2675 3283 portantibus
2688 3212 2897 3283 tolerat
2921 3228 2931 3266 :
2953 3229 2988 3280 q
3001 3212 3241 3283 uoniam
3263 3211 3547 3283 lapidem,
3566 3218 3628 3269 ut

1983 3288 2141 3354 saepe
2167 3282 2475 3355 probatur,
2509 3298 2688 3355 quem
2722 3282 2818 3355 vix
2845 3282 2963 3335 duo
2984 3282 3089 3336 viri
3110 3283 3180 3355 in
3206 3282 3345 3355 aere
3377 3293 3631 3354 possunt

1982 3353 2198 3421 levare,
2222 3356 2280 3410 in
2308 3371 2467 3425 aqua
2480 3353 2617 3409 cum
2636 3353 2710 3409 de
2737 3354 2875 3408 fune
2892 3353 3260 3425 pependerit,
3276 3353 3430 3425 unus
3442 3354 3627 3410 homo

1982 3427 2197 3498 poterit
2224 3424 2494 3482 retinere.
2523 3428 2685 3481 Unde
2707 3424 3208 3498 apparet’aqua‘m
3237 3424 3342 3479 etsi
3371 3442 3489 3481 non
3523 3441 3628 3497 per

1983 3495 2193 3567 totum,
2212 3514 2283 3553 ex
2308 3503 2475 3570 parte
2502 3503 2697 3570 tamen
2725 3495 3302 3551 metallum’suﬂ‘erre
3330 3495 3546 3567 posse;
3572 3502 3627 3551 et

1981 3570 2144 3641 quod
2168 3585 2238 3624 ex
2261 3567 2426 3641 parte
2447 3585 2541 3623 res
2559 3567 2759 3641 habet,
2786 3570 2967 3641 Deum
2994 3582 3095 3638 per
3122 3572 3310 3623 totum
3332 3573 3391 3641 ut
3414 3584 3626 3639 sequa-

1981 3639 2078 3695 tiir
2135 3639 2478 3696 naturaliter
2554 3639 2867 3709 imperare.
2929 3639 3172 3709 Propter
3228 3639 3391 3709 quod
3450 3655 3625 3709 aquas

1980 3717 2195 3767 natura
2220 3719 2433 3767 natans
2462 3708 2684 3764 ferrum
2713 3708 2957 3764 sufferre
3006 3708 3261 3780 poterat,
3298 3710 3443 3781 quia
3474 3708 3627 3766 Deus

1977 3784 2145 3855 quod
2170 3797 2237 3855 ex
2262 3788 2426 3853 parte
2457 3795 2562 3855 per
2584 3781 2967 3855 semetipsam
2986 3782 3625 3855 creaturaconsuescit,

1981 3851 2137 3910 titad
2170 3851 2465 3918 integrum
2499 3851 2737 3911 laceret.
2767 3851 3122 3922 imperabat.

2120 3924 2346 3980 CAPUT
2377 3925 2551 3979 XXVI.
2593 3954 2661 3962 —
2691 3922 2767 3976 De
2798 3924 3029 3978 victoria
3062 3938 3161 3993 per
3190 3924 3480 3979 Elisaeum.

2052 3995 2186 4050 Belli
2212 4010 2454 4066 quoque
2486 4000 2753 4066 tempore
2782 3995 2904 4063 regi
2939 3994 3115 4049 Israel
3145 3994 3206 4049 in
3248 3994 3449 4051 multis
3481 3994 3625 4051 locis

1977 4082 2077 4139 rex
2106 4066 2565 4139 Syriaainsidias
2594 4066 3011 4135 componebat,
3040 4068 3459 4139 quasEIisteus
3492 4083 3629 4138 pro-

1976 4137 2157 4209 pheta
2184 4138 2307 4207 regi
2344 4137 2519 4192 Israel
2534 4153 2789 4209 semper,
2824 4142 2885 4191 ut
2912 4154 2970 4191 se
2994 4141 3164 4209 caute
3197 4137 3253 4192 in
3287 4138 3377 4192 his
3398 4137 3619 4205 ageret,

1980 4208 2418 4265 manifestabat.
2448 4208 2720 4264 Seddum
2744 4208 2857 4263 hoc
2882 4224 2979 4263 rex
3010 4208 3191 4279 Syriae
3218 4224 3320 4278 per
3353 4208 3624 4262 Elisteum

1976 4279 2099 4335 ﬁeri
2128 4296 2236 4352 pro
2292 4285 2450 4335 certo
2481 4280 2879 4352 dignosceret,
2940 4278 3018 4333 ad
3052 4278 3297 4352 ’Dothan
3326 4280 3623 4334 civitatem

1980 4349 2162 4407 Elisaii
2193 4352 2345 4406 misit
2370 4353 2679 4421 copiosum
2702 4350 2976 4405 curribus
2996 4354 3052 4404 et
3075 4349 3244 4420 equis
3271 4349 3625 4404 instructum

1976 4420 2506 4487 exercitum.0uod
2538 4438 2673 4476 cum
2705 4421 2812 4475 viri
2845 4420 3222 4474 Deiministet‘
3249 4428 3475 4474 mature
3498 4437 3627 4475 sur-

1976 4511 2123 4567 gens
2156 4493 2674 4567 videret,iterritus
2706 4501 2761 4567 et
2794 4507 3015 4567 pavore
3046 4506 3377 4567 concusses
3408 4492 3483 4545 ad
3513 4492 3623 4567 Eli-

1976 4561 2163 4623 Eaeum
2194 4566 2373 4621 venit.
2400 4564 2941 4629 Quemconfortans
2972 4564 3279 4632 Propheta,
3309 4561 3518 4624 Plures.
3544 4563 3629 4617 in-

1975 4639 2125 4712 quit,
2181 4636 2535 4712 auxiliatores
2590 4634 2767 4712 nostri
2807 4634 3217 4712 qaam__hnstes._
3247 4634 3321 4712 lit
3352 4650 3449 4712 ne_
3475 4634 3628 4712 ultra

1978 4704 2229 4765 modum
2256 4706 2424 4777 pueri
2450 4722 2618 4761 mens
2641 4706 2942 4777 perterrita
2962 4705 3143 4770 fieret,
3167 4704 3419 4759 videntis
3437 4704 3630 4761 inimi-

1976 4796 2187 4837 corum
2204 4778 2643 4833 multitudinem
2660 4777 2965 4847 copiosam
2978 4778 3046 4839 ,ei
3062 4777 3419 4845 Angelorum
3437 4778 3628 4845 igneis

1979 4851 2253 4907 curribus
2293 4855 2349 4905 et
2372 4850 2541 4921 equis
2582 4852 2898 4904 instructas
2927 4854 3245 4921 pertotum
3281 4854 3542 4903 montem
3568 4848 3627 4903 in

1981 4923 2105 4991 ejus
2120 4924 2365 4977 circuitu
2385 4919 2649 4976 astantes
2669 4921 3001 4991 phalangas
3024 4919 3154 4974 fecit
3182 4936 3310 4973 esse
3346 4920 3625 4973 visibiles.

1981 4941 2010 4977 Θ
2039 4941 2365 4977 [18011⁵001ῐο
2385 4941 2649 4976 aStantes
2669 4941 3001 4991 pnalangas
3024 4941 3154 4974 [CCII
3182 4941 3310 4973 esse
3348 4941 3625 4973 VISIDIICS.

1981 4941 2147 5051 [lude
2178 4994 2255 5049 ad
2282 4994 2480 5049 hostes
2502 4993 2840 5061 digrediens
2864 4992 2977 5046 hoc
3005 5007 3038 5045 a
3074 4991 3325 5045 Domino
3348 4991 3631 5060 impetra-

1982 5066 2105 5130 bat,
2150 5070 2214 5120 ut
2245 5066 2400 5121 illam
2436 5070 2696 5131 gentem,
2728 5066 2873 5117 sicut
2904 5068 3081 5117 antea
3112 5062 3167 5116 in
3198 5062 3426 5116 foribus
3461 5062 3627 5124 Loth,

1983 5137 2243 5192 cmcitate
2275 5141 2603 5207 percuteret
2630 5135 2780 5205 (Gen.
2813 5150 2919 5201 xu,
2959 5135 3067 5203 Il).
3106 5136 3305 5187 Hostes
3329 5134 3503 5199 igitur
3524 5132 3629 5185 ob-

1984 5214 2259 5273 caecatos,
2290 5208 2836 5261 demonstraturum
2861 5222 2924 5259 se
2963 5208 3153 5259 virum
3195 5220 3374 5274 quem
3405 5219 3629 5273 quaere-

1984 5283 2133 5343 rent,
2186 5278 2558 5348 promittens,
2591 5277 2651 5331 in
2701 5276 3036 5331 Samariam
3081 5275 3289 5348 urbem
3335 5274 3626 5348 perduxit,

1984 5345 2312 5417 eorum—que
2326 5348 2530 5403 oculos
2545 5348 2883 5418 aperuitibi.
2910 5348 3066 5418 Quos
3080 5362 3179 5399 rex
3204 5345 3378 5399 Israel
3396 5345 3628 5410 videns,

1986 5424 2062 5477 ab
2094 5416 2300 5476 Eliséeo
2332 5416 2620 5490 quaesivit,
2671 5424 2867 5490 utrum
2896 5416 3188 5490 occideret
3228 5432 3353 5490 eos,
3384 5432 3459 5490 an
3484 5432 3625 5471 non.

1988 5494 2090 5551 Cui
2122 5494 2204 5547 vir
2233 5487 2487 5555 Dei,_non
2513 5495 2573 5544 ut
2602 5488 2951 5542 interficeret
2980 5488 3315 5556 imperavit,
3334 5487 3433 5541 sed
3460 5504 3631 5543 versa

1988 5566 2112 5618 vice
2136 5564 2407 5617 inimicos
2442 5560 2587 5617 cibis
2614 5559 2891 5622 reficeret,
2929 5564 2982 5612 et
3006 5559 3235 5613 abirent
3259 5558 3357 5628 (IV
3388 5561 3519 5629 Reg.
3549 5577 3628 5626 v1,

1989 5638 2159 5703 8-23).
2194 5638 2316 5689 Non
2348 5634 2427 5688 ita
2458 5632 2635 5701 igitur
2655 5636 2714 5685 ut
2738 5630 2933 5703 lucem
2983 5629 3099 5703 diei
3129 5645 3246 5683 non
3282 5629 3504 5703 videeet
3534 5631 3629 5687 hic

1988 5701 2267 5779 populus,
2298 5706 2551 5760 cacitate
2581 5702 2901 5779 percutitur
2926 5720 2938 5769 ;
2960 5701 3066 5779 sed
3090 5701 3627 5779 praesentisliliseei,

1995 5772 2052 5836 et
2064 5772 2332 5835 locorum
2348 5791 2450 5848 per
2460 5772 2617 5850 quos
2632 5772 3047 5840 ambulabant,
3064 5773 3286 5843 agnitio
3298 5773 3377 5830 ab
3390 5774 3629 5831 illorum

2820 5871 3343 5947 (Soiaante-Neuf.)
