4112 6192
539 188 602 243 21
613 186 678 243 87

541 309 727 367 oculis
757 305 1103 364 occultatur.
1138 302 1195 357 Si
1226 299 1447 357 etenim
1470 302 1693 353 caecata
1723 297 2049 355 dicilucem
2072 312 2193 352 non

542 382 925 453 conspiceret,
943 389 1335 453 nequaquam
1348 376 1513 453 tanta
1531 369 1843 453 multitudo
1866 369 2195 453 solu_in.Eli-

543 440 730 508 saeth
756 440 924 522 sequi
943 440 1261 503 duéentém
1282 445 1342 522 in
1366 441 1703 522 Samariam
1724 443 2031 522 potuisset.
2060 440 2196 522 Ipsa

542 526 721 595 igitur
747 513 1007 595 caecitate
1036 516 1294 595 percussi
1328 519 1483 595 sunt.
1512 513 1657 595 dum
1688 529 1869 595 quem
1894 513 2193 595 viderunt,

544 584 707 652 nullo
724 594 905 649 modo
933 584 1367 646 intellexerunt.
1400 585 1562 639 Unde
1586 586 1760 639 simili
1780 586 1961 640 modo
1986 586 2069 639 vir
2097 584 2195 639 Dei

547 684 658 723 suo
692 665 980 729 ministro,
1015 677 1135 716 non
1170 659 1246 714 ad
1302 656 1626 729 videndam
1670 655 1889 729 lucem!
1921 656 2060 729 diei,
2091 668 2197 723 per

542 754 728 812 quam
760 727 972 812 hostes;
992 733 1233 812 videret,
1259 727 1464 783 oculos
1495 728 1759 812 aperuit;
1790 727 1897 812 sed
1913 728 2195 812 in‘Ange-

542 799 736 865 Forum
767 803 1264 864 consideratione,
1301 815 1447 869 quos
1462 806 1599 853 ante
1623 814 1742 853 non
1772 799 2033 863 videbat,
2066 799 2195 868 ejus

542 882 821 937 intuitum
838 876 1070 931 direxit.
1100 875 1220 928 Hoc
1235 873 1411 926 etiam
1426 870 1581 925 bello
1597 869 1876 925 Benadab
1889 886 1991 924 rex
2014 871 2195 939 Syriae

541 954 603 1009 in
637 959 852 1006 terram
880 946 1055 1003 Israel
1087 960 1223 1000 cum
1256 942 1491 997 infinita
1519 940 1902 997 multitudine
1924 942 2194 1005 veniens,

545 1023 879 1079 Samariam
913 1018 1113 1074 multis
1134 1015 1348 1070 diebus
1378 1012 1630 1071 obsedit.
1654 1020 1709 1067 et
1731 1012 1808 1067 ad
1836 1019 2060 1067 tantam
2089 1028 2196 1067 au-

545 1094 803 1164 gustiam
828 1091 1116 1164 inclusos,_
1138 1092 1198 1141 ut
1217 1092 1436 1141 matres
1456 1084 1609 1164 filios
1628 1100 1767 1164 suos
1791 1085 2195 1164 comoderent,

544 1155 879 1221 obsidionis
894 1160 1244 1216 necessitate
1260 1156 1539 1212 coercuit.
1568 1155 1733 1210 Unde
1754 1171 1857 1211 rex
1883 1155 2061 1210 Israel
2076 1161 2197 1210 tam

545 1238 827 1293 obscaena
856 1232 1111 1287 infamia
1141 1234 1467 1302 permotus,
1498 1226 1576 1282 ad
1606 1226 1858 1281 domum
1896 1226 2081 1302 Eliszei
2113 1227 2197 1281 fu-

545 1324 678 1365 rore
707 1308 918 1379 plenus
946 1298 1215 1379 venitfet
1247 1305 1690 1379 ut_prresentem
1724 1298 2067 1379 augﬁustiam
2098 1313 2195 1379 va-

546 1370 765 1436 lentein
794 1376 1124 1439 absolvere,
1147 1371 1440 1427 decollare
1461 1370 1797 1441 destinavit.
1826 1370 2198 1441 Quapropter

546 1452 673 1523 ipse
708 1449 999 1520 Propheta
1021 1446 1266 1523 velutde
1286 1442 1502 1523 anima;
1526 1440 1789 1523 periculo
1814 1440 2057 1523 curans,
2078 1440 2198 1523 fixo

549 1512 839 1578 sermone.
856 1518 1185 1589 respondit,
1230 1515 1367 1589 Oras
1396 1512 1607 1589 eadem
1639 1512 1789 1589 hora
1814 1512 1945 1575 liac,
1983 1517 2199 1589 statere

549 1593 790 1649 modius
804 1583 1034 1654 similae,
1059 1586 1332 1642 ethordei
1355 1583 1539 1639 modii
1561 1583 1990 1638 mercabuntur
2007 1584 2063 1637 in
2083 1583 2196 1637 huc

542 1658 643 1735 jus
666 1664 911 1719 introitu
944 1660 1115 1735 urbis
1141 1673 1261 1735 uno
1292 1662 1523 1735 statere.
1572 1661 1641 1734 At
1673 1671 1827 1735 unus
1857 1670 1929 1735 ex
1959 1655 2199 1735 duobus

547 1725 805 1792 ducibus
836 1733 991 1801 regis
1018 1729 1203 1785 inﬁda
1237 1734 1431 1801 mente
1458 1726 1745 1801 garriens,
1766 1725 1846 1789 Si,
1868 1726 2079 1801 inquit,
2107 1741 2199 1801 ca-

549 1812 807 1863 taractas
826 1797 1109 1859 Dominus
1124 1801 1185 1854 in
1204 1800 1353 1855 caelo
1368 1798 1587 1865 fecerit,
1605 1813 1831 1861 verum,
1848 1798 2011 1869 quod
2025 1797 2196 1869 dicis,

552 1894 680 1934 esse
711 1875 946 1932 valebit.
981 1873 1083 1930 Cui
1114 1872 1355 1926 Elisaeus
1382 1870 1494 1924 ait:
1522 1872 1603 1923 Tu
1630 1868 1760 1923 haec
1776 1868 1961 1923 oculis
1981 1868 2095 1923 tuis
2118 1868 2199 1923 vi-

548 1949 739 2013 debis,
766 1946 870 2001 sed
884 1961 1070 2002 causa
1090 1944 1270 2013 hujus
1298 1940 1655 2013 inﬁdelitatis
1678 1956 1749 1995 ex
1778 1940 2198 2013 hiscomedere

550 2036 671 2076 non
710 2012 949 2090 poteris.
977 2012 1269 2087 Sequente
1296 2012 1512 2090 dehinc
1538 2016 1731 2090 nocte,
1757 2012 2019 2090 sonitum
2042 2012 2199 2090 aerei

549 2082 799 2161 fragoris
822 2092 881 2145 in
913 2082 1192 2161 Syrernm
1210 2085 1422 2141 castris
1449 2084 1737 2138 Dominus
1753 2083 1941 2161 audiri
1957 2082 2195 2161 fecerat,

551 2155 670 2235 qui
686 2155 1345 2235 cunetas'inimicorum
1372 2162 1639 2235 catervas
1672 2156 2113 2235 pariterversas
2138 2155 2200 2209 in

550 2226 757 2303 fugam
788 2230 1145 2303 divertebat.
1163 2231 1205 2303 Q
1218 2245 1291 2283 uo
1307 2226 1645 2303 explorato,
1660 2226 2001 2303 catervatim
2017 2241 2201 2303 popu-

549 2296 648 2375 lus
671 2320 777 2377 per
808 2308 1039 2376 portam
1066 2299 1351 2377 “civitatis
1398 2296 1851 2377 prorumpens,
1896 2296 2199 2377 inﬁdelem

551 2368 718 2433 illum
741 2368 956 2430 ducem
985 2371 1320 2427 suffocavit:
1340 2369 1441 2441 qui
1465 2368 1816 2441 videns’ista,
1832 2368 2001 2439 juxta
2014 2368 2199 2441 Elismi

551 2450 823 2512 verbum,
856 2448 939 2501 eis
963 2444 1257 2499 vescinon
1275 2440 1642 2513 potuit(lbid.
1666 2443 1753 2505 24,
1785 2457 1936 2511 sqq.;
1966 2455 2063 2503 vu,
2093 2440 2196 2503 1-7,

558 2526 640 2585 I7,
682 2524 840 2589 sqq.).
895 2514 1308 2589 Hisomnibus
1364 2512 1701 2589 virtutibus,
1756 2527 1906 2582 quas
1958 2516 2201 2589 propter

556 2582 924 2647 mirabilium
946 2588 1162 2642 divinae
1189 2584 1504 2654 Scriptura:
1529 2582 1821 2707 originem
1838 2582 2199 2637 servandam

556 2660 1035 2707 nerstrinximiis.
1059 2666 1160 2707 aut
1178 2659 1315 2707 ante
1337 2654 1393 2707 in
1416 2655 1608 2707 primo
1655 2653 1783 2707 ibro
1802 2652 2021 2707 similia
2041 2669 2199 2707 nua:-

556 2660 1036 2734 perstrinximus,
1059 2666 1160 2712 aut
1178 2652 1393 2734 aute'in
1415 2655 1608 2734 primo
1624 2652 1783 2732 libro
1802 2652 2021 2734 similia
2041 2669 2201 2724 quae-

553 2724 695 2789 dam
724 2730 1167 2791 annotavimus,
1187 2735 1287 2781 aut
1306 2726 1486 2779 etiam
1510 2725 1699 2787 tertio,
1719 2724 1928 2796 quode
1946 2726 2201 2796 Evange-

553 2806 631 2860 lio
663 2811 716 2859 et
748 2807 906 2858 Novo
955 2804 1311 2855 testamento
1359 2796 1744 2861 disseremus,
1810 2795 1859 2848 si
1909 2795 2198 2850 Dominus

550 2876 737 2930 vitam
756 2879 811 2927 et
836 2872 1202 2941 adjutorium
1234 2866 1481 2931 dederit,
1510 2866 1792 2941 quaedam
1817 2866 2199 2941 explananda

551 2937 950 3002 reservamus.
979 2943 1205 2995 Interea
1218 2945 1356 3010 post
1376 2937 1627 2994 mortem
1644 2937 1829 2992 Elisaai
1856 2937 2061 2993 famuli
2076 2940 2196 3004 Dei,

550 3034 684 3073 cum
716 3015 982 3087 quadam
1012 3014 1106 3087 die
1138 3009 1463 3087 familiares
1488 3010 1624 3087 ejus
1659 3016 1961 3087 mortuum
1992 3027 2199 3087 quem-

550 3089 690 3144 dam
715 3082 1045 3158 portantes,
1062 3082 1430 3158 latrunculos
1446 3083 1713 3136 videntes
1730 3082 2197 3158 pertimuissent,

549 3161 610 3215 in
633 3153 966 3230 sepulcrum
990 3155 1197 3230 Elisasi,
1222 3154 1379 3230 quod
1404 3169 1589 3224 prope
1609 3160 1753 3217 erat,
1781 3153 2198 3230 mortuicada-

552 3247 651 3286 ver
672 3224 1067 3301 projecerunt.
1103 3224 1453 3301 Quoddum
1482 3230 1747 3301 tangeret
1794 3240 1937 3301 ossa
1982 3224 2197 3291 Elisrei,

548 3295 1311 3367 reviiitfetambulavitUd.
1331 3313 1449 3360 xui,
1468 3296 1579 3367 2t).
1602 3295 2020 3367 Undequidam
2056 3312 2196 3367 prte-

552 3374 835 3444 scriptum
869 3386 1214 3444 sermonem
1236 3370 1293 3422 in
1320 3368 1635 3444 hocsigno
1658 3367 1973 3444 impletum
2011 3367 2197 3444 fuisse

552 3438 778 3520 dicunt,
795 3443 908 3499 hoc
923 3442 1301 3520 est,_Spirit_us
1318 3441 1411 3520 qui
1428 3440 1483 3520 in
1503 3440 1785 3520 telesglﬁat
1803 3438 2067 3519 dupleafin
2082 3456 2157 3520 ine
2179 3458 2198 3494 :

552 3516 714 3588 quod
743 3515 1082 3571 necessario
1104 3511 1336 3588 impleri
1368 3511 1591 3566 debuit.
1621 3511 1777 3588 Elias
1809 3526 1950 3581 ergo
1990 3511 2049 3588 in
2082 3511 2198 3565 vita

552 3583 660 3643 s—ua
682 3589 1035 3668 priusquam
1065 3584 1444 3668 reciperetur,
1479 3583 2197 3668 m‘nrtuum'resus‘citasse

555 3652 744 3714 unum
772 3652 1046 3738 scribitur
1070 3656 1161 3737 (III
1182 3652 1314 3725 Reg.
1344 3670 1484 3733 xvii,
1517 3653 1629 3778 22b
1649 3654 1813 3778 Ἡ]οά
1848 3652 2118 3708 similiter
2142 3657 2197 3708 et

555 3731 798 3778 Elismiis
848 3730 1051 3778 fenisse
1091 3744 1214 3778 iam
1248 3731 1506 3778 cernitur
1536 3729 1578 3778 Il
1704 3742 1782 3778 ea.
1816 3742 1889 3778 iv.
1932 3724 2047 3778 351.
2085 3725 2196 3778 Sed

555 3675 744 3714 unum
772 3670 1046 3714 scribitur
1070 3670 1160 3722 (III
1182 3670 1314 3725 περ.
1344 3670 1484 3719 xvu,
1517 3670 1629 3778 22¢,
1649 3670 1813 3781 qluou
1848 3670 2118 3708 Similiter
2142 3670 2196 3708 ei

552 3731 798 3803 Elisaeus
847 3730 1051 3803 fecisse
1078 3727 1214 3803 jam
1248 3727 1506 3803 cernitur
1536 3729 1600 3803 (I_
1704 3742 1782 3795 eg.
1816 3742 1889 3790 iv,

551 3808 607 3855 et
639 3801 843 3863 alium,
872 3800 932 3854 id
958 3804 1045 3853 est
1076 3795 1270 3862 istum,
1298 3801 1432 3868 post
1455 3800 1707 3851 mortem
1729 3811 1899 3851 suam
1928 3795 2199 3868 videlicet

549 3872 607 3924 in
643 3870 937 3940 sepulcro,
966 3867 1359 3924 ret'iviﬁcasse
1380 3869 1631 3922 videtur.
1665 3868 1967 3940 Sedetiam
1996 3868 2055 3922 in
2083 3867 2197 3940 hoc

546 3938 767 4011 duplex
784 3944 974 4009 gratia
1005 3942 1160 4011 facto
1186 3956 1313 3993 esse
1328 3954 1448 4011 non
1472 3944 1740 4011 apparet.
1772 3939 2001 4009 Quippe
2030 3938 2196 4009 quod

546 4009 704 4066 enim
730 4013 880 4066 Elias
906 4010 1336 4073 semelfecerat,
1365 4009 1456 4064 bis
1472 4016 1658 4071 acter,
1681 4009 1727 4062 si
1750 4026 1992 4064 necesse
2018 4018 2192 4073 esset,

545 4083 759 4138 iterare
800 4088 1017 4153 posset.
1054 4081 1165 4137 Sed
1199 4081 1394 4151 potius
1447 4080 1562 4153 hoc
1601 4080 1903 4153 duplicem
1939 4082 2194 4149 gratiam

550 4154 681 4209 Elite
715 4152 842 4209 esse
874 4155 934 4208 in
980 4153 1188 4207 Eliszeo
1212 4152 1580 4223 pronuntiat,
1611 4152 2045 4223 quod'Elisazus
2086 4154 2191 4208 imo

587 4226 814 4280 erando
855 4224 1259 4295 prmcipiebat,
1300 4239 1436 4294 quae
1467 4223 1621 4295 Elias
1646 4224 1876 4278 orando
1906 4230 1961 4278 et
1990 4230 2195 4294 postu-

587 4242 814 4280 eranao
855 4242 1259 4295 prmcipienai,
1300 4242 1436 4294 quae
1467 4242 1616 4277 uuas
1646 4242 1876 4278 orando
1906 4242 1961 4278 ei
1990 4242 2192 4294 posm-

540 4242 723 4353 Eindo
754 4297 1133 4367 impetrabat.
1170 4296 1324 4362 Sive,
1347 4300 1407 4348 ut
1437 4294 1879 4367 czeteridicunt,
1904 4296 2068 4364 quod
2089 4296 2192 4349 Eli-

543 4384 698 4423 sseus
730 4364 867 4423 cum
899 4368 1085 4422 multo
1118 4367 1340 4421 honore
1372 4371 1428 4420 et
1454 4364 1649 4421 saeculi
1673 4366 1977 4433 dignitate,
2011 4367 2189 4422 virtu-

539 4446 664 4495 tum
723 4446 775 4495 et
826 4438 1152 4510 prophetias
1210 4438 1439 4510 donum
1526 4436 1756 4501 habuit,
1816 4437 2191 4510 quod_Elias

540 4507 1312 4582 profugus‘etpersecutus,
1347 4509 1408 4582 in
1458 4510 1763 4582 montibus
1800 4507 1856 4582 et
1898 4507 2192 4579 speluncis

540 4579 780 4647 degens,
812 4589 868 4637 et
898 4579 1117 4649 ej‘ectus
1146 4581 1222 4635 ab
1251 4580 1595 4636 hominibus
1618 4579 1933 4636 retinebat.

543 4656 767 4710 CAPUT
794 4655 991 4709 XXVII.
1018 4684 1081 4693 ——
1113 4654 1181 4706 De
1214 4653 1526 4722 captivitate
1536 4652 1745 4722 populi,
1761 4660 1807 4706 et
1836 4650 2191 4706 Sennacheri'b

1048 4725 1290 4778 veniente
1320 4726 1380 4777 in
1408 4723 1679 4777 Judaeum.

614 4796 716 4847 Per
736 4793 985 4865 longum
1024 4795 1238 4849 deinde
1272 4803 1504 4865 tempus
1537 4794 1796 4865 populus
1827 4793 2004 4850 Israel
2050 4810 2186 4849 cum

540 4864 640 4937 Dei
656 4865 844 4937 legem
862 4872 916 4920 et
933 4866 1356 4937 Prophetarum
1371 4864 2009 4935 dictatransgrediens,
2027 4865 2188 4922 idola

538 4936 790 4993 colendo
816 4935 1137 4991 Dominum
1161 4938 1358 5008 ipsum
1386 4941 1808 5000 contemneret,
1842 4937 1944 5007 qui
1985 4942 2185 5006 patres

538 5026 678 5064 suos
706 5009 779 5062 de
822 5012 976 5063 terra
996 5009 1229 5078 ngypti
1262 5008 1507 5063 duxerat
1541 5025 1555 5071 ;
1590 5009 1645 5062 in
1680 5023 1897 5062 manus
1917 5008 2184 5076 gentium

535 5082 805 5145 traditus,
836 5088 970 5151 post
1007 5080 1299 5149 plurimas
1332 5081 1535 5149 populi
1578 5084 1823 5147 strages,
1856 5083 1913 5133 et
1945 5079 2183 5135 urbium

533 5153 922 5208 obsessarum
947 5151 1304 5215 eversiones,
1326 5151 1533 5205 decem
1567 5151 1754 5205 tribus
1781 5167 1916 5221 quae
1934 5151 1991 5205 in
2008 5152 2183 5222 parti-

531 5224 647 5279 bus
684 5227 967 5281 Samariae
1002 5224 1307 5287 fuerunt,a
1329 5222 1475 5278 facie
1498 5239 1606 5277 sua
1640 5223 1874 5293 penitus
1907 5224 2184 5292 projicie-

531 5296 633 5351 bat
663 5312 674 5348 :
706 5305 944 5363 etreges
972 5294 1372 5367 Assyriorum,
1429 5294 1817 5367 Salmanasar
1873 5294 2181 5367 scilicetet

527 5365 1427 5438 Teglatphalasar‘,‘qiiibuseos
1454 5366 1845 5436 captivandos
1868 5365 2182 5438 ettransla-

528 5441 617 5491 tos
642 5440 978 5507 tradiderat,
1002 5437 1325 5495 Samarites
1342 5454 1448 5509 pro
1461 5439 1564 5502 eis,
1586 5438 1865 5492 custodes
1886 5437 2176 5504 videlicet,

529 5521 597 5561 ex
623 5509 1106 5573 multisgentibus
1124 5517 1179 5565 et
1209 5510 1476 5575 urbibus,
1507 5526 1579 5564 ne
1604 5509 2176 5574 essetincultaterra,

528 5582 996 5648 congregabant.
1027 5584 1187 5645 Quos
1210 5582 1411 5638 leones
1432 5582 1679 5653 jubente
1706 5581 1978 5648 Domino,
2011 5582 2179 5655 quod

591 5722 603 5754 ¹
636 5721 733 5771 Ms.
770 5722 925 5780 Aud.,
971 5721 1426 5785 Teglaphalnasar.

1285 173 1379 229 DE
1416 173 1886 231 MIRABILIBUS
1927 171 2186 229 SACRIE
2223 169 2673 241 SCRIPTURZE,
2712 171 2773 229 S.
2816 173 3198 231 AUGUSTINI

3760 182 3867 241 Ἡεὸ

2309 312 2446 374 eum
2479 311 2602 374 non
2628 297 2997 374 metuissent,
3024 296 3442 374 dilacerabant.
3460 300 3868 374 Undeadregem

2304 368 2785 444 Teglatphalasar
2804 372 2917 426 cito
2950 386 3054 442 per
3081 371 3319 444 nuntios
3359 386 3543 444 sermo
3590 368 3868 444 devene'rat,

2354 440 2471 513 uod
2500 447 2705 513 gentes
2732 457 2885 513 quas
2910 440 3199 497 statuerat
3224 443 3282 496 in
3311 448 3458 497 terra
3486 442 3669 509 Israel,
3694 440 3872 506 cultuni

2355 512 2403 565 ei
2434 519 2597 567 terrm
2610 512 2972 590 ignorantes,
2992 514 3193 590 leones
3205 513 3555 590 lacerabant.
3571 515 3874 590 Quapropter

2305 598 2405 659 rex
2438 598 2621 638 unum
2653 586 2727 659 de
2741 584 3153 659 sacerdotibus
3176 586 3435 659 Leviticaa
3456 585 3640 656 stirpis
3662 584 3873 659 mittaris,

2304 653 2435 731 illas
2469 661 2672 731 gentes
2706 658 2889 731 Deum
2911 657 3102 731 colere
3127 655 3281 731 fecit.
3316 657 3440 731 Quo
3456 653 3875 731 accepto,quaml

2306 725 2393 779 vis
2408 726 2608 805 gentili
2616 744 2659 805 _s
2666 727 3048 805 uperstitione
3046 728 3185 805 _mi_n
3194 745 3261 782 us
3272 728 3490 791 relicta,
3513 725 3877 805 leonum-plaga

2307 798 2561 871 cessavit
2593 798 2683 866 (IV
2706 798 2834 870 Reg.
2863 800 3028 871 xvu).
3044 799 3287 871 Tribum
3312 806 3506 855 autem
3526 800 3669 857 Juda
3692 798 3880 860 et'ler'u-

2309 868 2497 947 salem
2512 868 2810 947 civitatem
2837 868 3019 941 quam
3038 870 3527 947 elegitljominus,
3542 878 3594 927 et
3613 878 3879 947 omnesqui

2307 939 2383 996 ad
2415 956 2512 995 eas
2544 939 2941 1010 pertinebant,
2992 939 3190 998 adhuc
3222 941 3377 997 Deus
3436 948 3567 999 tunc
3594 939 3877 1002 reservavit.

2308 1010 2489 1086 Cujus
2520 1027 2772 1086 regnum
2828 1014 3257 1086 ipsortempore
3312 1013 3574 1086 Ezechias
3606 1030 3696 1070 rex
3729 1018 3881 1086 justus

2308 1085 2616 1153 Deumque
2646 1084 2857 1139 timens
2887 1085 3259 1155 gubernavit.
3292 1085 3403 1141 Sed
3434 1084 3879 1145 Sennacheribrex

2306 1155 2713 1227 Assyriorum,
2748 1156 2954 1211 videns
3012 1158 3176 1227 quod
3208 1162 3404 1227 patres
3434 1157 3524 1212 sui
3551 1158 3795 1214 Samaritae
3813 1176 3880 1215 re-

2307 1240 2494 1295 gnum
2520 1231 2576 1280 et
2605 1226 2922 1300 imperium
2957 1226 3131 1283 Israel
3159 1226 3597 1294 destruxissent,
3628 1231 3801 1300 etipse
3824 1232 3879 1286 ad

2307 1298 2709 1372 terramguda,
2726 1301 2877 1372 duce
2892 1301 3182 1372 Rapsace,
3197 1316 3234 1370 q
3246 1315 3377 1354 uem
3394 1300 3612 1372 Hebraei
3629 1298 3771 1355 Isaiae
3785 1317 3881 1372 pro-

2308 1368 2499 1443 phetae
2522 1366 2709 1443 filium
2722 1368 2951 1438 dicunt,
2981 1366 3642 1441 etprofu'gumludreum
3667 1371 3733 1426 ad
3756 1366 3883 1443 Assy-

2306 1440 2425 1494 rios
2438 1442 2887 1509 commigrasse,
2904 1440 3224 1497 exercitum
3241 1458 3352 1497 con
3362 1447 3544 1506 vocat,
3559 1448 3611 1497 et
3623 1440 3883 1498 Jerusalem

2307 1510 2516 1584 urbem
2540 1527 2885 1584 expugnare
2896 1512 2916 1584 j
2928 1512 3086 1568 ubet.
3108 1512 3221 1567 Sed
3237 1514 3298 1568 in
3320 1513 3455 1584 ipso
3467 1514 3754 1568 conamine
3769 1517 3882 1569 Deus

2306 1580 2510 1708 ponuli
2544 1580 2821 1665 defensor
2842 1580 3317 1664 et'superborum
3345 1580 3692 1665 humiliator,
3720 1588 3783 1640 de
3798 1603 3881 1665 co:-

2329 1661 2437 1708 esti
2458 1661 2719 1708 exerCitu
2736 1654 3003 1708 militem.
3020 1654 3300 1708 angelum
3322 1656 3669 1708 Videlicetad
3681 1658 3881 1708 Assvrio-

2329 1653 2437 1708 esti
2458 1654 2719 1709 exercitu
2736 1653 3008 1727 militem,
3020 1654 3300 1725 angelum
3322 1656 3669 1711 videlicetad
3681 1658 3886 1727 Assyrio-

2308 1740 2443 1780 rum
2473 1730 2671 1798 castra
2702 1725 2880 1790 misit,
2912 1728 3014 1797 qui
3046 1743 3225 1798 opere
3268 1727 3443 1781 unius
3492 1730 3669 1782 noctis
3697 1725 3885 1783 centum

2308 1796 2613 1878 octoginta
2637 1799 2904 1878 quinque
2936 1796 3131 1878 millia
3157 1799 3238 1878 ab
3266 1797 3525 1878 exercitu
3551 1799 3887 1878 Sennacherib

2308 1867 2619 1940 interfecit.
2648 1867 2756 1933 Qui
2773 1867 2855 1940 sic
2869 1871 3110 1939 fugatus
3136 1871 3209 1925 de
3226 1869 3701 1935 terraJuda,cum
3723 1872 3884 1940 paucis

2308 1939 2384 2011 ad
2416 1940 2684 2011 Ninivem
2713 1939 2922 1995 urbem
2949 1957 3120 1996 suam
3147 1940 3383 2011 fugiens
3406 1942 3497 1997 vix
3522 1939 3887 1997 evasit.'Ubiin

2308 2009 2629 2086 idolorum_
2655 2010 2802 2086 fano_
2842 2020 3129 2083 repertus,
3164 2009 3442 2086 ﬁliorum
3487 2029 3732 2077 suorum,
3772 2030 3884 2086 quos

2310 2082 2437 2155 ipse
2454 2082 2950 2155 geiiuit,ivulnere
2982 2084 3201 2140 corruit
3219 2084 3331 2155 (Id.
3354 2100 3512 2151 xvui,
3544 2085 3672 2153 xix).

2345 2153 2570 2209 CAPUT
2592 2154 2818 2227 XXVIII.
2856 2186 2918 2195 -—
2951 2155 3027 2210 De
3049 2153 3373 2226 inﬁrmaate
3403 2164 3450 2211 et
3471 2156 3616 2227 signa
3641 2154 3859 2227 Ezechiaz.

2380 2227 2563 2280 Parvo
2593 2225 2919 2296 interjecto,
2955 2225 3231 2283 Ezechias
3260 2244 3368 2283 rex
3394 2228 3421 2281 .l
3432 2225 3565 2294 uda,
3596 2243 3663 2283 ne
3681 2226 3886 2281 detenta

2308 2295 2557 2370 victoria
2578 2304 2734 2370 esset
2751 2295 3036 2363 elevatus,
3069 2304 3126 2354 et
3152 2299 3399 2355 forsitan
3416 2299 3589 2354 etiam
3620 2298 3885 2370 gratiarum

2309 2367 2541 2440 actione
2568 2369 2818 2440 exiguus
2845 2371 2904 2425 in
2936 2370 3277 2438 gravissimi
3328 2367 3647 2440 languoris'
3663 2368 3884 2425 morbum

2307 2437 2531 2513 incidit.
2551 2439 2637 2494 Ad
2658 2455 2837 2513 quem
2854 2437 3068 2513 inii’pso
3095 2441 3388 2513 languore
3400 2437 3886 2513 visitandumlsaias

2308 2510 2600 2584 propheta
2611 2512 2851 2584 veniens
2872 2510 3019 2567 dixit
3047 2531 3061 2565 :
3094 2510 3332 2584 Dispone
3350 2513 3530 2569 domui
3554 2520 3670 2581 tuae,
3697 2512 3886 2584 quianon

2306 2580 2446 2635 vives
2466 2581 2636 2646 ultra,
2670 2583 2758 2637 sed
2786 2592 2953 2638 morte
2976 2580 3250 2640 morieris.
3286 2587 3418 2650 Quo
3449 2587 3588 2641 tristi
3617 2580 3886 2639 admodum

2308 2654 2517 2728 nuntio
2541 2656 2812 2722 protinus
2828 2671 2929 2728 rex
2954 2656 3078 2728 ipse
3104 2664 3435 2726 permotus,
3461 2656 3535 2711 ad
3565 2656 3813 2728 parietem
3830 2652 3889 2707 fa-

2308 2723 2459 2805 ciem
2492 2740 2601 2779 sua
2623 2727 2929 2807 convertit,
2958 2723 3536 2807 lacrymabilemque
3563 2723 3662 2807 pro
3691 2728 3792 2807 vita
3807 2739 3888 2807 sua

2307 2796 2715 2867 inrconspectu
2742 2796 3252 2853 clementissimiet
3274 2796 3786 2856 misericordissimi
3810 2798 3887 2867 Do-

2309 2866 2455 2922 mini
2483 2866 2719 2942 precem
2747 2868 2914 2923 fudit.
2941 2872 3065 2925 Non
3083 2870 3245 2941 quod
3275 2871 3353 2925 de
3369 2886 3499 2938 suo,
3524 2876 3708 2942 utpote
3719 2866 3887 2942 perfec-

2309 2942 2424 3017 tus,
2452 2939 2661 3017 merito
2675 2940 2752 3017 in
2766 2949 3086 3017 conspectu
3103 2938 3438 3017 conditoris
3452 2943 3538 3017 sui
3555 2938 3782 3017 incertus
3793 2938 3885 3017 fuit,

2308 3009 2413 3064 sed
2434 3011 2576 3081 quia
2609 3012 2666 3066 in
2696 3009 3166 3068 Christi'venturi
3195 3015 3577 3082 generatione
3602 3014 3681 3067 sui
3706 3009 3886 3082 generis

2354 3080 2678 3152 rosapiam,
2706 3088 2761 3138 et
2782 3083 2841 3137 in
2879 3083 3091 3139 throno
3109 3080 3294 3140 David
3323 3085 3741 3141 lucernamnon
3764 3080 3887 3152 dere

2330 3149 2507 3226 iquit.
2535 3153 2647 3209 Sed
2662 3171 2801 3209 cum
2817 3155 3208 3226 supplicantis
3222 3156 3463 3212 ﬂetibus
3493 3158 3640 3225 regis
3661 3149 3886 3226 etgfaniuli

2308 3225 2419 3291 sui,
2453 3224 2584 3300 pins
2618 3223 2909 3300 Dominus
2934 3223 3010 3282 ad
3042 3228 3517 3284 misericordiam
3536 3223 3679 3300 esset
3702 3223 3883 3300 ﬂexus}

2307 3311 2512 3371 rursus
2537 3296 3037 3371 Isaiaspropheta
3060 3315 3209 3371 puro
3225 3300 3488 3371 agitatus
3512 3298 3735 3371 numine
3758 3296 3886 3371 mittis

2306 3372 2421 3430 tur,
2454 3368 2550 3421 vix
2579 3368 2844 3425 medium
2868 3371 2996 3425 atrii
3021 3368 3373 3443 digressus,
3415 3372 3514 3443 qui
3552 3370 3824 3443 sanitatem
3848 3368 3885 3416 et

2306 3452 2558 3513 regnum
2590 3444 2646 3493 et
2674 3454 2885 3513 pacem
2905 3435 3179 3513 undique
3205 3442 3337 3511 regi
3361 3435 3483 3513 ipsi
3504 3448 3556 3497 et
3580 3438 3771 3513 civitati
3796 3435 3886 3513 fore

2306 3508 2637 3582 denuntiat,
2666 3506 2719 3565 et
2732 3511 3007 3582 quindeci
3019 3506 3439 3569 m'annos'vitie
3455 3529 3575 3569 suae
3587 3513 3659 3569 ab
3675 3506 3884 3582 ipso_die.

2308 3581 2404 3635 Dei
2433 3596 2709 3636 sermone
2739 3579 2880 3637 addi
2913 3582 3247 3640 confirmat.
3284 3585 3402 3642 Sed
3428 3585 3572 3640 dum
3593 3579 3757 3638 Isaias
3773 3579 3885 3633 duas

2306 3652 2645 3723 prophetias
2669 3652 3170 3711 sibimetinvicem
3191 3657 3523 3713 contrarias
3539 3647 3881 3723 eademhora’

2307 3720 2664 3799 protulisset,
2697 3740 2941 3799 necesse
2967 3731 3115 3799 erat,
3143 3732 3201 3782 ut
3226 3725 3478 3785 alteram
3517 3743 3644 3799 qua":
3670 3720 3885 3799 facienda

2305 3788 2481 3857 esset,
2512 3795 2665 3863 signi
2696 3796 3035 3853 ostensione
3066 3788 3353 3857 ﬁrmaret.
3389 3788 3555 3856 Unde
3579 3814 3673 3854 rex
3693 3788 3885 3865 utquod

2304 3862 2609 3921 dicebatur
2637 3867 3043 3924 indubitanter
3072 3870 3360 3936 crederet,
3395 3872 3535 3927 solis
3563 3870 3620 3926 in
3648 3862 3811 3925 orturii
3831 3862 3886 3917 ab

2304 3953 2518 3993 occasu
2541 3954 2646 4008 per
2670 3939 2877 3995 decem
2906 3940 3087 3996 horas
3110 3957 3352 3997 cursum
3381 3942 3632 3998 recidivo
3650 3943 3781 3996 Deus
3803 3942 3887 3989 tra-

2305 4010 2444 4083 mite
2481 4016 2801 4083 retorquet,
2824 4017 3117 4083 quatenus
3152 4013 3296 4068 inde
3334 4014 3511 4070 veluti
3539 4027 3701 4068 mane
3720 4010 3883 4083 iterum

2304 4080 2580 4156 festinare
2604 4076 2909 4156 inciperet,
2941 4084 3041 4155 qui
3062 4083 3176 4141 diei
3195 4085 3398 4154 totius,
3432 4083 3679 4156 exceptis
3701 4076 3885 4156 duabus

2304 4151 2485 4233 horis,
2501 4151 2761 4233 spatium
2781 4151 3278 4233 consummasset.
3298 4151 3717 4233 Perquasduas
3728 4151 3882 4233 horai,

2302 4228 2364 4279 ut
2394 4223 2562 4278 multi
2592 4227 2913 4289 aestimant,
2944 4226 3111 4282 celeri
3140 4242 3318 4283 cursu
3346 4223 3715 4284 debccasuin
3734 4226 3882 4277 ortum

2301 4296 2625 4367 revertitur,
2644 4296 2844 4351 utdies
2871 4297 3103 4367 integra
3114 4313 3359 4355 rursum
3384 4302 3509 4355 sine
3527 4293 3883 4355 interveniente

2302 4372 2473 4422 nocte
2526 4366 2584 4421 in
2627 4373 2757 4422 ortu
2789 4366 3194 4435 innovaretur,
3227 4375 3293 4427 ut
3324 4371 3542 4426 scilicet
3597 4369 3711 4425 dies
3746 4366 3881 4435 duos:

2301 4440 2550 4493 etiamin
2570 4438 2680 4494 hac
2714 4440 2856 4504 vice,
2884 4441 2941 4495 in
2975 4457 3097 4497 una
3123 4434 3255 4497 luce
3286 4441 3655 4499 concluderet
3690 4434 3881 4553 (IV

2301 4525 2397 4553 η-
2429 4514 2504 4553 i-i
2530 4511 2588 4553 ii,
2647 4508 2964 4553 nnnmmin
2994 4517 3047 4553 ρι
3082 4515 3194 4553 mh
3236 4516 3367 4553 Inc"
3420 4513 3540 4553 min
3580 4515 3713 4553 Nnn-
3743 4508 3791 4553 in
3814 4503 3881 4553 ilo

2300 4525 2397 4570 xx,
2429 4511 2589 4577 1-11).
2647 4503 2964 4577 Quomodo
2994 4517 3053 4567 et
3081 4515 3194 4568 sub
3232 4516 3370 4569 Jesu
3420 4513 3540 4569 ﬁlio
3580 4503 3716 4571 Nun‘,
3743 4503 3882 4577 inillo

2300 4574 2583 4651 praedicto
2601 4574 3004 4639 bellomoram
3037 4582 3291 4651 fecisset,
3329 4585 3719 4641 indubitanter
3738 4574 3882 4633 etliao

2300 4653 2425 4728 vice
2455 4654 2666 4708 reverti
2692 4653 2837 4709 luna
2865 4654 3109 4728 minime
3139 4656 3443 4713 dubitatur
3471 4674 3483 4723 ;
3528 4657 3880 4728 quatenus-ne-

2296 4723 2648 4799 quicquam,
2679 4731 2740 4780 ut
2772 4726 3174 4799 praediximus,
3202 4728 3262 4783 in
3310 4718 3614 4799 cyclorifm
3646 4718 3882 4799 cursibl‘ls

2296 4742 2648 4795 qmequam,
2679 4742 2740 4780 ut
2812 4742 3174 4791 raaaiximus,
3202 4743 3262 4783 in
3310 4742 3614 4799 cyciorum
3660 4742 3881 4779 curswua

2296 4742 3016 4875 conturbaretiir.[l)>i'0pter
3028 4799 3187 4869 quod
3202 4800 3450 4875 etmaris
3465 4799 3593 4870 ipsa
3606 4784 3881 4875 vicissitudo

2296 4867 2585 4937 impedita
2612 4867 2795 4924 fuisse
2808 4867 2925 4924 non
2944 4867 3293 4938 denegatur,
3324 4876 3389 4925 ut
3410 4867 3696 4927 de‘ctetero
3716 4872 3880 4919 conve-

2295 4938 2543 5013 nienter,
2570 4940 2826 5013 qualiter
2845 4941 3114 5012 quotidie
3144 4940 3270 4998 ﬁeri
3285 4943 3453 5007 solet,
3485 4938 3763 4996 cumlunie
3779 4944 3879 5013 _cul'-

2294 5008 2462 5064 sibus
2487 5008 2887 5084 comitaretur:
2903 5015 3187 5069 Naturam
3210 5014 3368 5069 enim
3396 5014 3457 5069 in
3479 5013 3588 5069 hac
3600 5008 3878 5084 reversione

2293 5083 2571 5137 convenit
2601 5081 2789 5138 solem
2821 5098 2941 5139 non
2975 5089 3261 5151 mutasse,
3284 5084 3392 5141 sed
3418 5084 3512 5140 cui
3543 5080 3877 5151 conditorisln

2291 5151 2572 5227 omnibus
2602 5153 2950 5227 naturaliter
2970 5163 3267 5227 praecepto
3297 5155 3562 5212 obedire.
3579 5153 3877 5227 ,διουιρριιιι

2289 5222 2486 5295 lucere
2516 5230 2570 5278 et
2601 5224 2791 5281 calere
2822 5216 3051 5282 natura:
3084 5216 3203 5283 sure
3230 5227 3473 5284 insitum
3509 5224 3591 5281 sol
3623 5216 3875 5295 possidet;

2289 5294 2367 5350 ita
2398 5295 2691 5367 quidquid
2722 5299 3068 5370 praeciperet
3094 5298 3399 5355 dominica
3425 5294 3633 5370 jussio,
3662 5307 3749 5370 seu
3776 5298 3874 5370 9U!”

2288 5357 2772 5441 rereZseu‘stare,
2806 5357 3261 5435 seu'rccurrere,
3319 5357 3652 5426 naturaliter
3706 5357 3871 5441 ὶιᾶὺθί·

2290 5440 2715 5494 Convenienter
2745 5446 2945 5496 autem
2972 5442 3085 5497 tale
3107 5442 3350 5512 signum
3370 5442 3489 5511 regi
3510 5442 3567 5495 in
3594 5440 3774 5512 mqujs
3800 5441 3875 5512 εξ·

2288 5513 2648 5584 spectatione
2679 5513 2872 5583 posito
2904 5505 3283 5584 aptissimvum
3309 5505 3520 5578 evenit,
3540 5506 3690 5584 quod
3717 5505 3872 5584 βᾳφις

2286 5578 2401 5637 ιιύε
2423 5597 2528 5653 per
2558 5578 2747 5640 solem
2777 5584 2905 5641 fieri
2932 5578 3140 5653 taliter,
3182 5600 3451 5658 congrua
3494 5578 3870 5654 dispensatione

2352 5725 2485 5776 ‘Ms.
2518 5726 2685 5786 Aud.,
2722 5727 2831 5784 die.
