4112 6192
558 186 693 241 2191

556 313 697 365 tunc
710 307 862 377 ignis
876 304 1105 370 habuit,
1124 320 1261 361 cum
1275 320 1347 361 ex
1359 306 1545 362 altera
1558 310 1719 377 parte
1731 305 2002 360 inimicos
2013 320 2224 375 regno-

557 384 781 449 rum(a)
809 377 909 432 Dei
938 377 1266 432 feroxillius
1296 378 1473 433 ardor
1498 377 1828 432 interfecit?
1857 378 2015 446 Ignis
2043 380 2221 446 igitur

563 450 896 507 substantia
912 450 1002 504 vel
1014 456 1228 505 natura
1240 451 1298 503 in
1314 465 1350 503 n
1361 450 1476 502 ulla
1489 450 1599 504 nisi
1612 451 1673 502 in
1685 464 1846 519 aqua
1860 449 1951 503 vel
1965 450 2220 519 alicujus

554 524 809 594 liquoris
827 521 1077 576 materia
1098 521 1517 594 potestvivere,
1543 535 1679 573 cum
1711 521 1834 594 ipse
1852 522 2220 594 incorporea:

558 590 900 662 intelligitur
931 608 1058 646 esse
1090 590 1340 646 naturae.
1372 590 1453 645 Ex
1481 606 1603 661 quo
1635 590 1872 657 accidit,
1898 598 1960 646 ut
1988 592 2127 647 dum
2162 594 2219 648 in

561 664 738 734 lignis
759 666 997 728 ardens,
1026 667 1215 717 totum
1247 665 1411 733 quod
1442 664 1502 715 in
1528 664 1610 717 eis
1640 664 1716 717 ad
1747 662 2063 718 humorem
2092 680 2221 734 per-

561 738 710 793 tinet
730 739 1047 796 consumit,
1070 735 1128 788 in
1145 734 1316 788 arido
1330 735 1524 788 cinere
1545 736 1900 805 quirursum
1917 740 2081 790 terrae
2102 737 2222 790 fue-

562 806 1207 875 ratredditus,liquoris
1220 807 1471 877 penuria
1483 805 1680 873 ignem
1696 809 2038 875 exstinguit.
2054 809 2223 862 Eam-

567 879 703 934 dem
717 878 1051 948 quoquequ
1061 878 1221 931 uoris
1236 884 1509 932 naturam
1527 878 1756 933 ardoris
1768 880 2067 933 voracitas
2084 894 2223 933 con-

566 949 861 1005 sutuendo
877 963 993 1003 non
1013 955 1195 1003 totam
1209 950 1477 1013 devorat,
1494 950 1599 1003 sed
1618 950 1762 1003 dum
1780 950 1839 1003 in
1875 950 2218 1019 superioria,

567 1021 669 1076 ubi
700 1020 853 1074 illius
879 1024 1110 1074 natura:
1140 1027 1230 1074 est
1256 1022 1708 1091 copia,pergere
1739 1020 2219 1086 nititur,rursum

569 1108 631 1146 se
650 1094 712 1146 in
743 1107 882 1146 aera
902 1092 1111 1146 elevat.
1131 1094 1293 1146 Unde
1322 1093 1630 1147 familiaris
1658 1092 1970 1163 vaporille,
1986 1108 2125 1147 cum
2142 1093 2222 1147 ad

567 1165 720 1219 aeris
746 1163 976 1218 excelsa
1007 1164 1348 1226 sustollitur,
1384 1164 1677 1219 nebulosa
1708 1164 1855 1218 facie
1886 1171 2217 1230 concretus,

567 1236 734 1289 terris
759 1236 995 1296 iterum,
1026 1237 1184 1289 unde
1213 1237 1375 1299 ierat,
1408 1251 1514 1306 per
1553 1234 1785 1306 pluvias
1823 1235 2214 1291 ministratur.

565 1307 736 1371 Quod
759 1321 918 1376 saepe
944 1313 1315 1361 vastatarum
1330 1306 1747 1361 adustionibus
1772 1307 2219 1377 provinciarum

564 1378 1010 1447 comprobatur,
1036 1380 1482 1432 etincensorum
1498 1379 1789 1432 montium
1804 1378 2013 1433 crebro
2041 1394 2221 1450 vapo-

564 1450 728 1504 ribus
756 1464 957 1503 roreas
974 1464 1179 1519 copias
1208 1449 1645 1503 deducentibus
1670 1450 2023 1504 declaratur.
2050 1449 2219 1505 Tam-

563 1520 666 1574 diu
679 1521 854 1590 igitur
867 1521 1020 1588 ignis
1034 1524 1092 1574 in
1106 1535 1491 1591 quacumque
1507 1528 1737 1575 terrena
1751 1522 1998 1577 materia
2020 1538 2220 1592 perse-

560 1592 1457 1662 verat,quoadusqueliquorem
1472 1595 1844 1662 omnem,qui
1858 1592 1917 1646 in
1931 1608 2001 1647 ea
2015 1593 2217 1658 est,vel

561 1664 689 1734 ipse
702 1668 1040 1726 consumat,
1063 1662 1154 1716 vel
1177 1663 1337 1733 quod
1364 1678 1435 1717 ex
1459 1680 1569 1717 suo
1586 1670 1759 1734 pastu
1777 1670 2066 1734 superest,
2086 1680 2219 1719 sur-

563 1733 698 1788 sum
748 1735 808 1788 in
862 1748 1001 1789 aera
1033 1735 1244 1789 mittat.
1299 1734 1357 1787 Si
1390 1750 1529 1789 vero
1580 1733 1830 1803 exiguus
1854 1733 2021 1805 ignis
2069 1737 2213 1791 satis

562 1805 874 1860 humidam
904 1805 1217 1860 materiam
1245 1804 1551 1869 invenerit,
1580 1806 1706 1869 ipse
1739 1804 2218 1862 velut’intirmior

564 1877 898 1933 avalidiore
910 1878 1118 1940 victus,
1135 1877 1405 1932 humoris
1420 1877 1804 1932 abundantia:
1818 1878 1991 1933 cedit.
2008 1878 2217 1934 Praete-

564 1962 668 2003 rea
697 1963 960 2019 quoque,
994 1964 1132 2003 cum
1174 1948 1565 2019 lymphatica,
1597 1954 1662 2003 ut
1694 1950 1877 2020 supra
1905 1950 2046 2013 dixi,
2076 1950 2217 2005 sub-

567 2022 788 2092 stantia
810 2020 1100 2090 pascitur,
1128 2020 1318 2090 ipsius
1345 2035 1733 2092 nequaquam
1761 2022 1822 2075 in
1850 2020 2046 2091 aliquo
2072 2020 2214 2085 vita,

566 2091 677 2146 nisi
702 2106 807 2161 per
829 2106 1048 2153 aerem,
1077 2098 1482 2146 conservatur.
1502 2091 1729 2148 Etenim
1748 2093 1797 2146 si
1817 2092 1870 2146 in
1896 2094 2029 2147 oleo
2051 2092 2219 2148 velin

568 2178 953 2234 quocumque
969 2166 1235 2218 fomento
1252 2163 1624 2229 incendatur,
1640 2166 1685 2218 si
1702 2163 2097 2218 circumfusus
2113 2180 2219 2235 per

569 2239 755 2289 totum
778 2249 977 2289 aerem
1006 2250 1130 2289 non
1161 2235 1492 2304 contigerit,
1502 2235 1878 2306 jamjamque
1903 2235 2221 2305 exstingui-

567 2306 993 2377 tur.Quamdiu
1006 2307 1219 2375 ergoin
1246 2306 1451 2377 aliqua
1474 2314 1703 2361 terrena
1723 2309 1970 2362 materia
1986 2307 2216 2373 arserit,

561 2376 753 2446 ipsius
779 2379 898 2433 vita
922 2378 981 2431 in
995 2392 1129 2432 aere
1156 2376 1475 2433 ethumore
1498 2379 1785 2434 consistit.
1812 2380 1975 2433 Unde
2001 2386 2215 2449 potens

564 2449 933 2503 Gubernator
963 2449 1113 2517 ignis
1144 2456 1422 2504 naturam
1452 2450 1601 2504 inter
1630 2449 1904 2505 inimicos
1929 2456 1986 2505 et
2016 2465 2218 2505 servos

559 2519 822 2573 dividere
853 2519 1042 2575 voluit
1070 2520 1637 2587 ardoreminimicis,
1664 2521 1926 2576 ﬂabilem
1942 2526 1998 2575 et
2022 2521 2215 2576 humi-

557 2589 701 2645 dam
733 2591 885 2645 aeris
915 2597 970 2645 et
1000 2606 1174 2662 aquae
1206 2591 1606 2646 substantiam
1636 2592 1875 2647 famulis
1917 2593 2043 2647 suis
2075 2608 2214 2648 con-

557 2664 757 2728 vertit;
786 2668 847 2717 ut
872 2668 929 2717 et
956 2661 1037 2716 illi
1058 2661 1169 2733 per
1193 2663 1645 2717 comburentem
1667 2669 1942 2718 naturam
1972 2664 2212 2718 accensi

557 2734 855 2798 arderent,
889 2740 945 2787 et
959 2734 1015 2787 hi
1038 2736 1098 2787 in
1120 2733 1303 2788 ﬂabili
1334 2740 1389 2788 et
1419 2733 1789 2804 lymphatico
1823 2750 2041 2805 vapore
2063 2735 2211 2791 nihil

557 2805 932 2876 adversitatis
952 2806 1182 2876 perpeti
1210 2806 1510 2876 sentirent.
1546 2808 1917 2876 Quapropter
1944 2806 2025 2860 ita
2058 2806 2213 2862 Scri-

554 2880 731 2944 ptura
757 2875 899 2928 dioit
933 2890 943 2926 :
976 2874 1216 2945 Angelus
1241 2874 1468 2929 Domini
1493 2874 1758 2931 descendit
1782 2874 2131 2932 cumAzaria
2161 2885 2212 2933 et

556 2946 715 3019 sociis
742 2946 856 3015 ejus
883 2946 943 3019 in
988 2947 1279 3019 caminum,
1313 2953 1362 3001 et
1402 2949 1630 3001 excussit
1668 2950 1947 3017 ﬂammam
1978 2950 2122 3019 ignis
2148 2949 2211 3003 de

550 3017 779 3090 camino,
805 3023 862 3090 et
895 3016 1025 3086 fecit
1071 3018 1302 3090 medium
1352 3019 1592 3089 fornacis
1620 3021 1778 3090 quasi
1810 3016 2025 3074 venturi:
2060 3022 2209 3075 roris

552 3089 769 3157 ﬂantem
799 3088 966 3157 (Dan.
1000 3102 1080 3158 iu,
1102 3091 1191 3154 49,
1226 3088 1443 3162 50).Ει[
1476 3106 1611 3146 aere
1627 3088 1791 3145 enim
1822 3094 2119 3162 spiritum,
2151 3098 2209 3147 et

550 3174 620 3214 ex
654 3176 809 3231 aqua
840 3163 901 3214 in
928 3163 1062 3231 ipso
1099 3163 1233 3231 igne
1258 3161 1484 3217 invenit
1537 3178 1755 3217 rorem.
1788 3161 1933 3217 Ecce
1966 3171 2020 3217 et
2048 3163 2205 3219 hanc

548 3231 907 3305 divismnem
947 3233 1097 3305 sicut
1126 3240 1182 3287 et
1221 3238 1433 3287 caetera
1464 3233 1755 3289 mirabilia
1786 3250 1890 3305 per
1918 3235 2203 3305 angelum

547 3300 758 3376 effecit,
779 3305 880 3375 qui
908 3304 1124 3376 pariter
1147 3320 1287 3359 cum
1320 3306 1507 3360 servis
1540 3306 1664 3371 Dei,
1685 3312 1747 3361 ut
1764 3300 1949 3376 supra
1977 3300 2118 3370 dixi,
2142 3308 2202 3361 in

544 3372 745 3443 ignem
776 3372 1108 3431 descendit.

612 3446 845 3502 CAPUT
888 3446 1104 3501 XXXII.
1138 3476 1207 3486 —
1236 3445 1315 3570 11)::
1343 3446 1567 3501 Daniele
1596 3447 1890 3519 quiescente
1922 3447 1981 3502 in
2008 3447 2129 3505 lacu

1277 3534 1485 3570 conum.

1277 3534 1485 3573 conum.

618 3588 823 3662 Daniel
853 3604 1095 3662 quoque
1118 3588 1239 3662 veri
1260 3591 1360 3644 Dei
1385 3589 1594 3653 cultor,
1617 3590 1691 3646 de
1713 3605 1833 3662 quo
1860 3591 1918 3645 in
1944 3590 2188 3662 captivi-

537 3660 671 3714 tatis
701 3660 994 3731 principio
1020 3660 1306 3725 diximus,
1336 3677 1472 3717 cum
1500 3662 1574 3716 de
1606 3660 1792 3717 tribus
1813 3660 2185 3733 principibus

533 3733 700 3799 regni
731 3732 1038 3786 Persarum
1069 3737 1126 3786 et
1148 3733 1453 3789 Medorum
1484 3749 1637 3788 unus
1671 3734 1875 3790 fuisset
1899 3732 2187 3790 constitu-

535 3808 655 3870 tus,
690 3804 815 3870 regi
836 3801 1022 3876 (Dario
1052 3805 1326 3876 Astyagis
1371 3805 1511 3872 tilio,
1554 3806 1806 3861 Domino
1839 3811 2179 3876 prmstante,

577 3886 663 3947 ras
681 3874 964 3947 omnibus
989 3874 1380 3947 factusfuerat
1398 3876 1633 3931 chartis.
1660 3878 1773 3933 Sed
1795 3874 2183 3947 quoniamdi-

556 3943 851 4016 ectionem
876 3946 1066 3999 honor
1097 3944 1383 4016 sequitur,
1415 3954 1469 4001 et
1499 3949 1691 4002 honor
1712 3943 2182 4004 maiimusinvi-

531 4012 696 4067 diam
737 4017 983 4069 suscitat
1026 4031 1040 4081 ;
1073 4012 1201 4085 ipsi‘
1222 4017 1413 4070 ceteri
1444 4019 1741 4073 Medorum
1774 4024 1831 4073 et
1870 4023 2178 4076 Persarum

530 4086 834 4156 principes
862 4086 1498 4154 graviterinvidebant.
1524 4089 1817 4145 Etidcirco
1840 4106 1960 4145 non
1977 4091 2179 4147 valen-

530 4163 616 4211 tes
637 4156 962 4232 nisiinlege
989 4157 1088 4232 Dei
1108 4157 1683 4232 suioccasionemilli
1706 4162 1990 4232 aliquam,
2023 4164 2177 4219 unde

529 4243 668 4283 eum
685 4230 857 4301 morti
875 4229 1195 4292 traderent,
1224 4230 1511 4299 invenire,
1524 4232 1714 4300 legem
1728 4229 1968 4301 exregis
1981 4234 2177 4290 edicto

526 4301 707 4354 talem
735 4300 1030 4357 fallaciam
1061 4303 1396 4367 nescientis,
1434 4305 1746 4358 Persarum
1785 4310 1841 4359 et
1871 4300 2173 4361 Medorum

524 4373 885 4448 auctoritate
905 4376 1206 4428 firmatam
1238 4379 1530 4433 statuere:
1566 4376 1871 4440 Quatenus
1903 4391 1976 4430 ne
2006 4379 2173 4448 quis-

522 4458 707 4519 quam
729 4445 1071 4519 petitionem
1086 4460 1534 4519 quamcumque
1561 4463 1594 4500 a
1615 4462 1926 4519 quoquam
1945 4445 2059 4503 deo
2080 4450 2171 4504 vel

519 4514 763 4590 homine
803 4531 907 4585 per
938 4514 1175 4586 triginta
1215 4517 1343 4571 dies
1375 4514 1899 4588 postulasset,'nisi
1931 4535 1967 4574 a
2008 4536 2165 4590 rege.

521 4588 623 4659 Cui
647 4587 885 4659 decreto
904 4589 949 4641 si
971 4590 1106 4659 quis
1124 4590 1251 4658 jam
1275 4587 1634 4645 inveniretur
1662 4606 1790 4645 esse
1807 4587 2165 4659 contrarius,

515 4656 685 4709 illum
701 4657 934 4727 absque
951 4656 1069 4713 ulla
1092 4656 1501 4715 misericordia
1513 4666 1617 4716 aut
1637 4662 1970 4727 clementia,
1988 4656 2167 4719 devo-

516 4727 779 4801 randum
808 4731 1049 4784 leonum
1094 4731 1379 4801 reciperet
1416 4732 1604 4787 lacus.
1653 4734 1778 4797 Quo
1817 4735 2165 4791 confirmato

514 4797 728 4862 edicto,
748 4799 892 4854 dum
912 4797 1370 4868 diligentissima
1391 4819 1534 4858 cura
1552 4818 1670 4858 non
1694 4804 2162 4862 desisterentob-

514 4883 749 4923 servare
764 4870 1084 4936 Danielem,
1105 4874 1162 4926 in
1182 4873 1367 4928 domo
1390 4890 1501 4929 sua
1519 4882 1603 4929 ter
1622 4876 1681 4929 in
1694 4877 1969 4931 omnidie
1996 4893 2162 4933 more

510 4949 818 5015 consueto,
844 4957 979 4996 vero
996 4946 1111 4997 Deo
1130 4960 1239 5015 suo
1260 4945 1791 5015 deprehendebant
1805 4962 2004 5015 genua
2023 4949 2160 5003 ﬂec-

510 5018 648 5070 tere.
688 5013 851 5067 Unde
882 5021 1138 5082 gravnter
1169 5014 1245 5069 ab
1283 5013 1351 5069 iis
1382 5022 1749 5082 accusatum,
1777 5013 1851 5072 de
1878 5021 2159 5076 manibus

508 5099 716 5138 eorum
740 5101 944 5141 eruere
968 5086 1144 5140 voluit
1172 5101 1294 5141 rex.
1317 5087 1429 5141 Sed
1456 5087 1570 5142 hoc
1592 5088 1685 5143 lex
1712 5092 2032 5146 constituta
2050 5094 2159 5147 Me-

506 5154 722 5210 dorum
754 5164 931 5229 atque
964 5161 1269 5234 Persarum
1309 5174 1431 5213 non
1452 5159 1751 5234 permisit.
1785 5162 2158 5234 Quapropter

504 5234 718 5282 moesto
750 5245 954 5284 animo
985 5230 1219 5284 dolente
1251 5245 1386 5298 rege
1428 5232 1813 5288 devorandus
1856 5230 2061 5289 Daniel
2091 5235 2153 5290 in

502 5298 702 5373 lacum
733 5301 1008 5355 leonibus
1034 5302 1389 5357 decernitur.
1425 5302 1544 5357 Sed
1575 5318 1609 5357 a
1652 5305 1748 5358 Dei
1799 5306 2032 5373 angelo,
2076 5322 2151 5361 ne

503 5370 708 5423 insons
739 5376 971 5442 periret,
1006 5373 1247 5427 leonum
1281 5389 1385 5428 ora
1437 5376 1816 5429 clauduntur.
1856 5370 2018 5431 U'nde
2050 5393 2152 5432 rex

501 5442 807 5517 transacta
822 5444 1081 5517 insomni
1110 5453 1299 5509 nocte,
1336 5462 1512 5500 mane
1534 5447 1941 5517 lacrymabilis
1965 5450 2043 5503 ad
2058 5449 2149 5504 la-

501 5524 639 5564 cum
666 5514 841 5575 venit,
879 5516 978 5568 ubi
1001 5516 1368 5587 incolumem
1399 5514 1717 5573 cubantem
1744 5522 1895 5574 inter
1918 5520 2145 5587 leones,

500 5594 709 5634 secura
750 5591 943 5637 mente
998 5584 1297 5642 Danielem
1346 5591 1581 5659 reperit.
1630 5593 1963 5661 lmperante
2002 5584 2151 5663 ergo

562 5730 634 5791 (α)
671 5728 842 5783 Forte,
872 5744 1152 5780 servorum.

1301 180 1389 235 DE
1429 180 1896 236 MIRABILIBUS
1937 179 2196 236 SACRIE
2234 180 2684 248 SCRIPTURIE,
2728 180 2790 237 S.
2829 179 3221 238 AUGUSTINI

3788 194 3895 250 2192

2329 322 2487 378 rege,
2516 306 2891 378 jamjamque
2916 305 3121 378 Daniel
3147 305 3223 361 de
3250 305 3384 363 lacu
3409 306 3639 366 leonum
3658 312 3900 374 abstrahi-

2330 377 2577 457 tur,quo
2604 377 2937 457 proditores
2952 377 3109 457 illitis
3132 379 3401 457 protinus
3412 379 3729 457 devorandit
3742 401 3829 457 pro
3848 404 3899 447 eo

2329 448 2661 507 mittuntur.
2676 453 2741 505 Et
2753 448 3117 527 quosinedia
3129 448 3383 527 Danielis
3395 453 3698 527 esurientes
3710 448 3898 527 fecerat,

2327 537 2566 595 reorum
2580 520 2981 595 sanguinisilli
2986 537 3057 595 _us
3066 522 3394 595 criminosa
3405 525 3826 595 corporaleones
3837 520 3898 587 re:

2326 594 2625 664 cipiebant
2656 594 2826 669 (Dan.
2848 592 3046 669 v1).__ln
3064 592 3178 647 hoc
3205 594 3385 648 etiam
3411 592 3529 669 tam
3548 597 3746 669 insigni
3764 599 3898 669 facto,

2326 662 2446 719 non
2474 662 2690 720 natura
2713 666 2773 719 in
2811 662 3085 719 leonibus
3118 670 3398 729 mutatur,
3431 666 3533 721 sed
3559 662 3723 724 insita
3747 686 3777 725 a
3796 662 3901 728 coni

2324 736 2566 809 ditionis
2596 736 2762 791 initio
2794 742 3007 805 suapte
3026 750 3132 809 per
3158 736 3439 809 angelum
3469 753 3505 793 a
3534 739 3644 794 Deo
3664 740 3903 809 guberna-

2327 813 2440 880 tur.
2468 808 2817 863 Blanditiem
2848 809 3007 880 enim
3030 811 3085 861 et
3104 808 3421 880 lenitatem,
3436 824 3586 880 quas
3604 808 3791 867 catulis
3811 818 3903 870 suis

2324 879 2527 934 leones
2547 880 2889 944 ostendunt,
2914 879 2973 932 in
2994 878 3295 935 Danielem
3321 878 3663 936 exercebant
3679 898 3693 947 ;
3709 889 3757 938 et
3777 887 3901 941 εωνὶ-

2328 952 2469 1006 tiam
2502 956 2557 1005 et
2598 950 2985 1013 ferocitatem,
3016 965 3201 1020 quam
3241 951 3299 1004 in
3330 951 3594 1021 praedam
3622 952 3833 1021 faciunt,
3859 958 3901 1013 in

2325 1021 2626 1077 devoratis
2639 1020 3055 1093 peccatoribus
3066 1020 3414 1077 reddebant.
3444 1023 3602 1078 Unde
3614 1031 3808 1082 certum
3823 1020 3899 1093 est,

2324 1095 2490 1164 quod
2521 1108 2643 1148 non
2667 1098 3125 1164 contratnaturte
3147 1108 3271 1147 suae
3292 1096 3575 1149 terminos
3599 1094 3763 1152 ullam
3781 1114 3900 1155 crea-

2324 1163 2522 1240 turam
2533 1165 2743 1219 Domin
2754 1180 2820 1218 us
2836 1163 3061 1234 aliquid
3074 1164 3399 1240 facere,sed
3412 1170 3740 1240 naturarum
3753 1176 3900 1240 partes

2324 1236 2841 1307 qualitercumque
2871 1250 3117 1290 necesse
3144 1234 3418 1301 habetur,
3451 1242 3554 1292 aut
3579 1236 3636 1292 in
3667 1234 3901 1296 «'eféusio-

2323 1323 2459 1362 nem
2484 1313 2540 1362 et
2568 1308 2848 1362 solatium
2878 1322 3083 1361 eorum
3112 1320 3269 1377 quos
3294 1308 3562 1379 protegit,
3582 1314 3676 1365 aut
3699 1311 3751 1365 in
3767 1312 3903 1367 detri-

2323 1386 2592 1455 mentum
2615 1394 2823 1455 eorum
2854 1393 3007 1449 quos
3045 1380 3284 1455 premit,
3312 1380 3642 1455 gubernare
3663 1381 3897 1455 disponit.

2324 1453 2403 1506 De
2428 1452 2563 1506 lacu
2598 1466 2735 1505 vero
2765 1448 2979 1504 iterum
3008 1448 3065 1504 et
3098 1448 3378 1505 Habacuc
3408 1451 3684 1507 translato
3713 1448 3766 1509 iii
3790 1454 3903 1509 Belis

2322 1526 2382 1598 et.
2404 1522 2689 1598 draconis
2708 1520 2948 1598 fabulis,
2980 1519 3202 1598 idcirco
3229 1522 3290 1598 in
3314 1521 3431 1598 hoc
3468 1524 3669 1598 ordine
3697 1540 3799 1581 non
3830 1542 3903 1598 po-

2321 1595 2499 1660 nitur,
2531 1592 2794 1666 quodin
2838 1592 3190 1666 auctoritate
3228 1593 3449 1648 divinaa
3479 1594 3772 1666 Scriptura
3814 1592 3905 1653 iion

2320 1663 2620 1721 habentur
2645 1663 2755 1733 (Id.
2784 1679 2906 1730 xiv,
2929 1666 3018 1730 30,
3047 1664 3206 1735 δρψ),

2392 1736 2617 1808 CAPUT
2646 1735 2881 1808 XXXIII.
2921 1765 2980 1808 ε
3005 1733 3287 1789 ΠθῈεάνα
3313 1735 3632 1793 restituente
3665 1736 3845 1808 Legem.

2393 1803 2620 1864 lnte‘rea
2649 1807 3008 1880 captivitatis
3030 1808 3638 1880 temporecompleto,
3662 1803 3806 1880 quod
3828 1812 3905 1864 Do-

2322 1880 2524 1935 minus
2553 1895 2660 1951 per
2688 1878 3017 1949 Prophetas
3054 1878 3434 1951 implendum
3459 1878 3590 1935 esse
3614 1878 3905 1951 praedixerat

2320 1949 2715 2023 (Jeremfxxv,
2747 1951 2812 2004 l2
2838 1965 2852 2015 ;
2880 1964 3039 2023 xxix,
3068 1949 3170 2023 to;
3203 1949 3345 2023 Dan.
3365 1964 3446 2014 ix,
3471 1952 3548 2022 2),
3570 1949 3905 2007 reversionem

2321 2021 2526 2094 populi
2556 2022 2647 2101 sui
2676 2029 2732 2077 et
2759 2021 3117 2091 captivitatis
3139 2021 3500 2077 solutionem
3528 2038 3628 2093 per
3653 2023 3764 2094 Cyri
3786 2025 3904 2101 regis

2321 2094 2697 2149 clementiam
2714 2091 3250 2165 praeparabat.Quo
3261 2100 3530 2165 tempore
3542 2094 3738 2150 Esdras
3751 2096 3829 2150 Dei
3840 2109 3906 2149 sa-

2321 2168 2533 2238 cerdos
2551 2163 2929 2238 combustam
2943 2163 3287 2238 a_Chaldaais_
3295 2165 3355 2219 in
3375 2163 3625 2220 archivis
3636 2166 3806 2238 templi
3818 2180 3905 2220 res-

2321 2237 2474 2293 tituit
2515 2238 2733 2306 Legem
2778 2236 2821 2305 (Ι
2877 2234 3042 2309 Esdr.
3078 2250 3161 2309 γι,⁸
3201 2235 3320 2307 vn).
3353 2238 3577 2309 Nempe
3604 2239 3700 2309 qui
3739 2234 3904 2293 eodem

2323 2309 2561 2380 Spiritu,
2584 2323 2707 2380 quo
2737 2310 2874 2362 ante
2900 2306 3353 2380 scriptafueral,
3388 2306 3600 2379 plenus
3622 2306 3800 2366 fuerit.

2322 2377 2545 2435 CAPUT
2574 2377 2792 2435 XXXIV.
2826 2408 2893 2417 —-
2930 2377 3028 2451 De"
3051 2378 3206 2434 bellis
3243 2377 3546 2451 praecipuis
3572 2395 3685 2451 qua!
3728 2377 3904 2436 Domini

2816 2449 3032 2504 auxilio
3068 2456 3295 2520 peracta
3322 2449 3474 2506 sunt.

2392 2525 2621 2578 Sanctae
2648 2520 2963 2591 Scriptura;
2981 2519 3198 2577 Veteris
3217 2522 3598 2591 Testamenti,
3623 2521 3772 2591 Legis
3788 2519 3903 2576 scili-

2318 2601 2409 2671 cet
2426 2593 2934 2671 et_Prophe_tarum
2961 2592 3323 2671 mirabilium
3352 2594 3625 2649 ordinem
3643 2595 3698 2671 in
3718 2592 3904 2671 duobus

2316 2665 2411 2720 his
2438 2664 2652 2720 libellis
2682 2664 2966 2736 historica
3003 2664 3372 2736 expositione
3405 2665 3733 2720 summatim
3754 2664 3903 2733 posui.

2317 2736 2548 2814 Quibus
2577 2734 3090 2814 si_quid_al_icujus
3108 2735 3251 2814 forte
3266 2736 3746 2807 meliorisingenii

2315 2807 2687 2877 investigatio
2710 2807 3025 2875 addiderit,
3049 2807 3249 2863 adhuc
3276 2824 3379 2864 me
3409 2825 3532 2864 non
3561 2823 3750 2864 recuso
3775 2807 3904 2861 disci-

2316 2880 2526 2950 pulum
2552 2879 2699 2934 ﬁeri.
2725 2878 3031 2950 Praecipua
3054 2894 3191 2934 vero
3206 2879 3373 2936 bella
3386 2884 3611 2937 tantum
3625 2878 3811 2937 auxilio
3824 2879 3901 2932 Do-

2314 2952 2461 3006 mini
2492 2957 2750 3023 peracta,
2783 2965 2919 3021 quia
2946 2950 3125 3023 textui
3156 2950 3381 3007 divina:
3412 2951 3903 3023 Scripturaainserta

2315 3030 2474 3095 sunt,
2499 3026 2559 3077 in
2572 3022 2665 3076 his
2690 3023 2909 3095 idcirco
2930 3022 3265 3095 omisimus,
3296 3022 3590 3095 quoniam
3608 3024 3704 3079 etsi
3715 3026 3903 3095 propter

2312 3094 2393 3171 de
2407 3095 2564 3171 coelo
2591 3092 2880 3171 auxilium
2910 3092 3529 3171 admiratione'digna
3545 3099 3697 3171 sunt.
3717 3092 3766 3150 et
3788 3092 3902 3171 ﬁgit-

2309 3166 2421 3220 rali
2450 3164 2678 3221 ratione
2708 3166 3050 3238 contineant
3073 3164 3257 3238 multa
3302 3164 3594 3238 mysteria
3619 3183 3633 3231 ;
3667 3173 3831 3238 tamen
3858 3164 3900 3215 in

2310 3253 2508 3292 rerum
2524 3243 2821 3305 gestarum
2842 3235 3233 3309 intellectibus
3254 3235 3410 3293 nihil
3422 3235 3898 3309 relinquuntincer-

2307 3309 2383 3383 ti.
2423 3310 2655 3383 Scimus
2697 3306 2864 3378 quod
2889 3308 3219 3383 _Amaiech_,
3259 3317 3477 3366 orante
3516 3306 3721 3383 Moyse,
3768 3306 3897 3383 {esus

2306 3380 2462 3433 ﬁlius
2492 3381 2623 3434 Nun
2664 3377 2989 3449 superabat
3026 3378 3224 3449 (Exod.
3256 3395 3405 3447 xvu,
3460 3377 3630 3451 11-13)
3657 3396 3674 3446 ;
3705 3385 3754 3434 et
3778 3377 3895 3431 Seon

2304 3451 3036 3523 regem‘Armorrhaeorum,
3050 3456 3108 3505 et
3128 3452 3215 3519 Og
3231 3465 3444 3520 regem
3469 3455 3669 3521 Basan,
3687 3462 3894 3523 procera

2300 3519 2624 3577 altitudinis
2652 3521 2810 3575 viros
2836 3521 3097 3592 populus
3131 3519 3718 3579 Israel’interﬁcieba't
3744 3520 3889 3591 (Nam.

2296 3608 2411 3659 xxr,
2438 3595 2528 3658 24,
2560 3592 2647 3657 33,
2676 3598 2729 3646 et
2759 3608 2893 3655 XXII,
2917 3592 2992 3661 5).
3025 3593 3243 3649 Balach
3270 3592 3468 3650 ﬁlium
3501 3595 3714 3661 Sephor
3733 3604 3888 3660 regem

2296 3664 2694 3736 Madian,cum
2715 3664 2955 3719 Balaam
2971 3662 3070 3736 illo
3084 3665 3396 3736 praecipuo
3409 3662 3889 3735 astrologo,Phiues

2293 3735 2447 3791 ﬁlius
2465 3735 2848 3791 Eleazarcum
2871 3735 3131 3791 exercitu
3157 3735 3397 3793 occidit.
3431 3740 3497 3793 Et
3522 3739 3680 3793 Iesus
3692 3735 3887 3790 Bennun

2297 3823 2483 3883 unum
2510 3812 2566 3863 et
2581 3809 3009 3883 triginta‘reges
3027 3806 3466 3883 Chananitidis,
3493 3808 3683 3883 multis
3700 3803 3887 3883 conﬂi}:-

2294 3880 2451 3934 tibus
2472 3880 2784 3949 prostravit
2815 3877 2997 3949 (Josue
3016 3895 3116 3944 xu,
3150 3879 3226 3949 7).
3257 3878 3507 3936 Gedeon
3538 3880 3685 3935 ﬁlius
3711 3877 3886 3933 Joasin

2292 3952 2563 4006 trecentis
2596 3950 2736 4005 viris
2766 3951 3082 4005 innumera
3129 3949 3589 4007 Madianitarum
3627 3949 3790 4005 millia
3810 3960 3887 4007 per

2290 4022 2466 4077 tubas
2502 4027 2557 4076 et
2584 4020 2862 4077 lucernas
2887 4021 3103 4077 occidit
3127 4021 3334 4090 (ludio.
3371 4039 3469 4089 vn,
3504 4020 3884 4092 19-23).lephte

2289 4093 2926 4166 Calaaditespopulum
2951 4093 3026 4166 de
3043 4095 3317 4149 Gentium
3341 4100 3633 4166 potestate
3646 4091 3768 4166 belli
3788 4093 3884 4166 iure

2284 4164 2555 4238 liberavit
2584 4159 2690 4238 (IIl.
2718 4159 2798 4229 xi,
2842 4164 3254 4238 32)._Samson
3299 4159 3398 4221 ille
3446 4164 3779 4238 fortissimus
3810 4159 3885 4238 Hc:

2283 4232 2606 4301 braaorum,
2650 4237 2885 4291 leonem
2913 4232 3029 4290 'sibi
3075 4244 3492 4293 occurrentem
3524 4235 3665 4293 nihil
3690 4232 3881 4291 habenti

2283 4308 2344 4363 in
2365 4308 2671 4372 manibus,
2703 4307 2992 4376 confregit
3012 4323 3025 4373 ;
3045 4307 3119 4362 de
3146 4309 3321 4377 cujus
3340 4316 3553 4380 postea
3582 4323 3677 4380 ore
3705 4309 3754 4361 et
3778 4317 3883 4380 cap-

2327 4382 2400 4435 ite
2428 4381 2631 4436 favum
2654 4380 2842 4434 mellis
2868 4375 3096 4451 accepit
3120 4386 3176 4451 et
3205 4375 3470 4435 comedit
3488 4378 3685 4451 (Judic.
3714 4391 3816 4438 xw,
3840 4375 3879 4451 β,

2327 4395 2400 4435 ite
2428 4395 2631 4436 ravum
2654 4395 2842 4434 melus
2868 4395 3096 4450 accepit
3120 4395 3176 4433 et
3205 4395 3470 4435 comedit
3488 4395 3685 4451 (Juaic.
3714 4395 3816 4438 xiv,
3840 4395 3879 4451 ρ,

2279 4395 2769 4522 E),trecentasque
2787 4449 2994 4523 vulpes
3008 4449 3253 4523 capiens
3268 4452 3369 4523 ign
3378 4468 3531 4523 eque
3544 4458 3880 4523 succensasin

2280 4517 2721 4599 Philistiuorum
2736 4517 2965 4599 segetes
2977 4517 3197 4577 dimisit
3211 4517 3455 4599 ((d:,xv',
3465 4526 3599 4599 4,5).
3614 4523 3688 4599 De
3703 4517 3880 4599 quibus

2276 4594 2371 4648 ille
2402 4594 2560 4669 mille
2587 4593 2746 4669 viros
2764 4588 2995 4669 impetu
3023 4608 3143 4648 uno
3173 4588 3324 4669 asini
3372 4588 3879 4669 mandibula'solus

2277 4664 2654 4721 mortificavit
2688 4664 2796 4737 (Id.
2831 4664 2915 4737 {5)
2945 4680 2959 4730 ;
3006 4670 3063 4737 et
3097 4665 3377 4737 undique
3398 4664 3733 4737 sedentibus
3757 4664 3878 4737 circa

2274 4738 2591 4803 civitatem,
2620 4738 2681 4791 in
2697 4729 2829 4808 ‘qua
2872 4729 3318 4797 ddrmitaverat.
3353 4736 3681 4800 Philisttais,
3706 4729 3878 4807 ambas

2272 4814 2451 4880 portae
2479 4808 2632 4863 fores
2672 4823 2810 4862 cum
2833 4808 3000 4862 ostiis
3021 4812 3078 4862 et
3102 4808 3659 4880 superliminaribus
3686 4808 3739 4860 et
3762 4813 3876 4856 seris

2271 4878 2326 4935 et
2369 4880 2632 4935 vectibus
2655 4880 2873 4951 pariter
2889 4878 3426 4951 comprehenderis,
3444 4879 3723 4951 invertice
3743 4886 3874 4951 m_0tt-

2268 4952 2339 5026 tis
2365 4952 2468 5022 qui
2496 4945 2740 5026 respicit
2770 4945 3078 5026 Bersabee,
3102 4949 3666 5026 dereliquit(Id.xvr,
3693 4950 3760 5026 3)ἶ
3783 4945 3875 4999 Tri-

2264 5022 2413 5099 bum
2430 5022 2672 5094 quoque
2696 5022 3005 5099 Benjamin
3028 5028 3267 5099 propter
3289 5023 3688 5099 commissum
3700 5022 3872 5099 .piacuf

2265 5093 2387 5148 lum
2419 5090 2624 5159 totam,
2648 5094 2906 5163 exceptis
2928 5090 3218 5149 sexcentis
3248 5094 3411 5157 viris,
3440 5091 3633 5163 omnis
3656 5090 3871 5163 filioruin

2264 5165 2443 5220 Israel
2475 5154 2734 5237 populus
2764 5154 2900 5234 post
2928 5165 3039 5220 tria
3076 5164 3234 5221 bella
3263 5154 3482 5220 delevit
3502 5162 3605 5235 (1d.
3638 5154 3867 5237 unt!)-

2260 5229 2547 5292 Jonathas
2561 5229 2713 5291 ﬁlius
2732 5229 2869 5292 Saﬁl
2896 5242 2953 5291 et
2968 5237 3229 5305 armiger
3253 5252 3400 5290 suus
3436 5229 3870 5305 stationem_l’lii-

2261 5309 2598 5364 listinorum
2615 5309 2905 5379 percussit
2919 5307 2963 5375 (Ι
2981 5307 3109 5378 Reg.
3124 5300 3240 5373 xiv,
3254 5313 3269 5361 l
3283 5306 3337 5378 3)
3351 5344 3365 5361 .
3385 5306 3566 5379 David
3580 5304 3722 5379 filius
3735 5300 3868 5379 Iesse

2260 5380 2458 5435 adhuc
2474 5367 2686 5450 puer‘et
2698 5367 3258 5450 pastor-ovium,ursi
3272 5367 3795 5450 etleonisinterfecti
3808 5367 3865 5421 de

2258 5466 2359 5525 ore
2382 5441 2649 5525 praedam
2672 5441 2906 5521 eripuit,
2939 5456 2996 5525 et
3022 5441 3253 5525 Gol'iath
3279 5448 3640 5525 Philistaiutn
3661 5444 3733 5525 .de
3758 5441 3866 5525 futi-

2257 5517 2467 5599 dibula
2486 5523 2682 5599 lapide
2705 5517 3144 5599 prostravitullt
3168 5538 3309 5599 xvu,
3329 5521 3548 5599 34,49).
3690 5517 3863 5599 post?

2257 5591 2564 5665 patientiae
2571 5591 2789 5665 virtute
2816 5594 2956 5649 Saﬁl
2986 5591 3073 5649 bis
3103 5591 3479 5665 deprehenso
3514 5591 3744 5665 inimico
3770 5592 3858 5635 suo

2254 5660 2515 5735 pepercit
2537 5664 2643 5733 (Id.
2675 5680 2833 5734 xxrv,
2860 5665 2894 5718 8
2929 5680 3123 5733 ;xxvn,
3162 5660 3244 5731 ib,
3284 5664 3390 5734 lt).
3428 5666 3610 5735 threx
3628 5660 3860 5735 postmflj'

2252 5725 2397 5794 dum
2428 5725 2636 5804 factus,
2691 5725 2880 5794 tribus
2931 5725 3301 5809 gravissimis
3332 5725 3547 5809 puellis
3598 5725 3855 5805 prostrata
