4112 6192
276 195 425 254 2197

274 335 387 375 nec
414 320 786 397 rationabilis
815 326 1111 397 creatura,
1143 326 1251 397 uta
1270 323 1491 397 Spiritu
1515 325 1933 397 assumptione

272 392 473 447 carnis
505 408 540 448 a
572 393 768 450 delicti
806 394 1070 451 vindicta
1088 392 1433 451 solveretur.
1464 396 1576 453 Sed
1599 392 1765 468 quod
1807 397 1929 452 Filii

270 478 535 535 persona
556 480 805 536 corpore
839 467 1036 521 carnis
1061 468 1345 523 humanm
1378 467 1765 532 induebatur,
1784 484 1925 524 con-

274 536 521 611 veniens
546 543 671 611 erat
688 543 747 592 ut
767 536 1023 608 Spiritus
1048 540 1232 594 sancti
1248 554 1503 610 persona
1528 556 1633 610 per
1653 556 1930 611 corpora-

266 605 390 662 lem
405 608 664 679 speciem
694 605 882 679 sup‘er
910 624 1044 664 eum
1075 605 1479 675 descenderet,
1513 605 1567 667 et
1594 605 1776 666 Patris
1809 627 1927 667 vox

270 679 601 753 corporalis
614 679 689 734 de
711 680 869 735 nube
894 696 998 751 per
1010 697 1210 737 aerem
1224 684 1483 753 corporis
1502 684 1747 738 auribus
1762 683 1927 738 andi-

268 755 455 824 retur,
490 752 771 807 Praeterea
802 752 1348 824 quoqueidcircoiu
1377 754 1535 809 nube
1558 760 1613 809 et
1634 754 1923 810 columbae

268 822 532 897 imagine
564 826 750 897 Pater_
777 822 836 879 et
872 822 1124 895 Spiritus
1177 830 1421 881 sanctus
1447 826 1523 881 ad
1554 826 1921 897 baptismum

270 894 537 968 veniunt,
567 894 856 966 quoniam
873 898 1165 968 aquaticus
1194 902 1421 952 naturae
1454 894 1670 952 resillae
1693 898 1919 968 aliquid

265 963 629 1041 habuerunt.
666 968 809 1021 Eum
842 963 1001 1022 enim
1030 968 1087 1022 in
1122 974 1275 1041 terra
1316 968 1497 1041 Filius
1523 969 1599 1024 ad
1630 963 1919 1041 baptismi

268 1038 620 1109 mysterium
653 1043 831 1109 atque
860 1045 1191 1094 creaturam
1220 1039 1512 1109 elegisset,
1539 1038 1779 1095 necesse
1808 1040 1919 1096 fuit

268 1114 332 1183 ut
355 1112 414 1162 et
444 1108 609 1163 Pater
622 1108 1097 1183 peraquaticam
1124 1108 1349 1165 nubem
1375 1108 1690 1177 intonaret,
1716 1117 1772 1167 et
1794 1112 1917 1183 Spi-

265 1179 416 1255 ritus
443 1185 686 1234 sanctus
714 1179 856 1255 illud
888 1196 1125 1255 corpus,
1159 1183 1321 1255 quod
1336 1183 1408 1238 de
1439 1184 1669 1255 aquain
1702 1179 1916 1255 princi-

264 1249 603 1325 pio}factum
635 1257 721 1307 est
750 1252 905 1325 (Gen.
938 1249 1121 1323 1,30),
1152 1249 1229 1325 ex
1262 1252 1360 1309 illa
1396 1249 1554 1309 nube
1598 1249 1912 1325 acceptum

263 1320 590 1387 simularet,
625 1330 685 1378 ut
715 1323 799 1377 sic
846 1329 964 1379 tota
1007 1320 1254 1381 Trinitas
1310 1326 1586 1381 eamdem
1645 1320 1913 1384 volunta-

262 1397 403 1458 tem,
437 1394 587 1449 sicut
611 1395 810 1462 habet,
839 1395 1193 1450 ostenderet.

369 1465 593 1520 CAPUT
622 1467 710 1538 Vl.
742 1498 811 1505 —
843 1467 918 1521 De
947 1467 1156 1522 Christi
1184 1467 1473 1522 tentatione
1503 1473 1551 1521 et
1565 1468 1795 1538 jejunio.

332 1536 479 1609 Cum
499 1552 640 1606 ergo
658 1537 731 1591 de
747 1553 906 1609 aqua
922 1538 1210 1609 Dominus
1224 1540 1391 1593 Iesus
1406 1536 1909 1609 bapti'zatus,con-

256 1604 455 1662 festim
481 1604 1661 1673 ascendit,u'tdiabolodaretoccasionem
1683 1617 1910 1667 tentan-

258 1676 506 1753 di,‘avia
528 1680 743 1735 deserti
774 1680 992 1753 petivit,
1025 1682 1123 1736 ubi
1158 1687 1214 1737 et
1242 1683 1603 1753 quadragint
1634 1683 1817 1745 adies,
1852 1688 1909 1738 et

256 1749 507 1824 totidem
527 1749 936 1824 noctestnullo
967 1752 1217 1808 humani
1244 1749 1452 1824 pastus
1481 1749 1767 1823 suffragio
1801 1753 1907 1809 ful-

258 1825 352 1897 tus
395 1822 705 1897 jejuiiavit.
738 1823 944 1897 Ibique
988 1839 1093 1895 per
1125 1822 1545 1891 tria'tentatus,
1600 1822 1903 1897 inquibus

252 1891 487 1963 primus
537 1894 719 1949 homo
776 1891 1057 1949 seductus
1103 1901 1207 1960 est,
1239 1902 1563 1952 tentantem
1616 1891 1904 1952 Safanam

254 1962 453 2037 tribus
468 1966 960 2037 responsionibus
990 1967 1369 2036 vicit(Matth.
1402 1982 1480 2032 iv,
1510 1969 1674 2037 l-tt).
1705 1969 1904 2023 ludia-

250 2033 373 2110 boli
393 2033 585 2110 tribus
608 2037 1116 2110 propositionibus
1140 2033 1261 2094 tota
1279 2039 1559 2110 iniquitas
1592 2056 1605 2093 :
1630 2033 1690 2093 in
1706 2040 1905 2095 Chris-

254 2106 292 2160 ti
320 2106 680 2193 vero-trib‘u‘s
716 2106 1228 2193 responsionib‘us,
1257 2106 1477 2193 quibus
1502 2110 1781 2193 diabolus
1810 2127 1904 2193 re-

251 2184 704 2246 pugnatur,tota
726 2180 946 2250 justitia
968 2181 1093 2236 fuit.
1111 2183 1255 2236 Cum
1275 2180 1902 2238 inimicusdamnatur

243 2255 301 2303 et
322 2251 597 2316 vincitur,
627 2256 681 2325 et
702 2251 971 2325 humano
998 2254 1196 2321 generi
1220 2253 1541 2325 libertaset
1566 2254 1899 2325 redemptio

240 2326 635 2407 praeparatur.
657 2324 719 2407 in
750 2322 865 2379 hoc
888 2340 1149 2407 namque
1166 2326 1415 2407 Satanas
1446 2324 1593 2407 dum
1622 2340 1685 2379 se
1714 2322 1898 2397 supra

243 2399 549 2469 auctorem
584 2395 601 2429 ¹
661 2393 892 2469 elevare
920 2393 1123 2459 voluit,
1156 2397 1257 2469 qui
1292 2397 1405 2469 sub
1436 2412 1505 2451 eo
1533 2396 1671 2469 illuc
1706 2393 1894 2469 usque

240 2461 456 2538 fuerat,
492 2464 551 2519 id
575 2473 681 2531 est,
726 2467 907 2521 homo
939 2482 1043 2538 per
1076 2461 1308 2522 Domini
1342 2468 1579 2523 victoris
1604 2461 1892 2524 auxilium

242 2534 397 2610 ultra
428 2536 627 2610 ipsum
675 2534 955 2610 excrevit:
986 2540 1047 2593 Et
1090 2539 1240 2610 dum
1268 2539 1431 2593 illum
1464 2539 1566 2610 qui
1613 2541 1697 2610 ab
1728 2540 1893 2595 omni

237 2605 669 2678 impedimento
701 2608 848 2663 liber
876 2612 897 2643 ³
929 2610 1141 2678 fuerat,
1172 2609 1412 2678 alligare
1443 2605 1729 2673 tentabat.
1749 2612 1894 2667 inte-

238 2677 607 2753 rimvinctus
637 2679 752 2746 ille,
777 2696 955 2753 quem
989 2682 1113 2753 ipse
1148 2677 1451 2753 tenebatin
1477 2697 1734 2749 carcere,
1762 2683 1891 2753 qui-

239 2748 701 2822 busttenebatur
728 2748 967 2808 vincula
991 2748 1255 2822 deponit.
1287 2755 1349 2808 Et
1396 2753 1541 2807 dum
1574 2748 1799 2808 contra
1828 2769 1889 2810 se

244 2819 550 2895 fortiorem
593 2837 925 2894 repugnare
956 2819 1179 2889 nititur,
1214 2823 1448 2879 interim
1483 2826 1607 2894 ipse
1630 2825 1731 2895 qui
1764 2829 1891 2881 erat

240 2890 557 2966 inﬁrmior,
585 2890 868 2949 adversus
897 2910 1030 2950 eum
1061 2895 1393 2950 roboratur.
1412 2899 1476 2950 Et
1502 2890 1888 2966 eumquihuc

243 2978 436 3033 usque
453 2964 526 3019 de
557 2968 705 3021 ccelo
736 2968 1039 3021 tantumin
1073 2979 1288 3021 terram
1316 2966 1535 3035 eiectus
1566 2964 1887 3036 fuerat,ter-

238 3049 372 3107 rore
404 3038 423 3069 ³
454 3037 631 3091 etiam
664 3037 737 3091 de
766 3044 919 3093 terra
951 3039 1026 3092 ad
1055 3037 1285 3093 inferna
1332 3054 1467 3093 eum
1503 3038 1757 3107 migrare
1784 3042 1888 3094 Do-

239 3106 438 3179 minus
463 3107 739 3179 jubebat.
775 3109 1181 3178 Quadraginta
1216 3110 1446 3164 dierum
1476 3109 1735 3164 inediam
1768 3111 1885 3165 Do-

241 3176 734 3252 miniincarnatio
756 3176 1043 3236 sustinere
1064 3182 1189 3237 sine
1210 3182 1336 3236 vitae
1352 3181 1613 3251 periculo
1628 3186 1880 3252 poterat:

236 3250 532 3324 quoniam
572 3252 1158 3324 sermodominicus,
1184 3253 1287 3324 qui
1330 3250 1567 3323 Moysen
1612 3250 1713 3324 per
1745 3268 1885 3309 aera

236 3321 641 3391 quadraginta
680 3322 893 3379 diebus
933 3324 1025 3380 bis
1078 3321 1485 3388 renovaverat,
1526 3321 1630 3378 hic'
1670 3324 1881 3380 Christi

237 3396 403 3446 artus
443 3399 500 3448 et
524 3409 738 3449 nervos
767 3396 925 3449 intus
980 3395 1283 3463 irrigabat.
1318 3396 1511 3460 Quare
1540 3395 1720 3464 igitur
1745 3411 1883 3451 con-

238 3464 555 3546 summatis
575 3465 1219 3546 quadragintadiebus
1237 3472 1291 3521 et
1309 3466 1713 3546 quadraginta
1734 3484 1880 3546 uoco

238 3534 653 3612 tibus_e_surire
673 3534 957 3612 Dominus
984 3539 1153 3612 .lesus
1176 3534 1702 3612 describiturfcum
1731 3540 1888 3612 Moy-

236 3607 565 3661 sesetElias
600 3609 743 3663 tanti
768 3611 1051 3681 temporis
1086 3610 1732 3681 perjejuniumfamem
1761 3607 1884 3681 pati

237 3692 361 3750 non
384 3685 794 3734 memorantur
826 3680 1021 3750 (Exod.
1050 3680 1205 3743 xxiv,
1244 3684 1325 3743 18,
1361 3688 1408 3736 et
1430 3698 1627 3747 xxxiv,
1660 3686 1725 3737 28
1760 3680 1773 3747 ξ
1808 3684 1878 3737 Ill

238 3748 368 3818 Reg.
394 3765 509 3812 xix,
538 3751 644 3820 8)?
676 3748 913 3806 Famem
945 3767 1083 3806 vero
1112 3758 1188 3824 et
1229 3752 1495 3807 laborem
1530 3752 1889 3824 Redemptor

236 3826 439 3874 noster
462 3828 879 3878 consummato
908 3829 1075 3879 tanto
1088 3823 1320 3878 dierum
1338 3839 1587 3878 numero
1613 3823 1883 3889 sustinet,

234 3896 533 3959 quatenus
570 3899 626 3949 et
654 3894 922 3950 tentatori
954 3896 1331 3951 occasionem
1360 3895 1624 3950 tentandi
1651 3895 1887 3953 inferret

234 3967 292 4017 et
318 3970 661 4037 nosceretur
699 3982 885 4037 quam
920 3982 1123 4021 veram
1166 3966 1446 4022 humanae
1476 3965 1674 4022 carnis
1706 3967 1886 4023 subs-

236 4035 484 4111 tantiam
514 4035 790 4111 gestaret.
809 4037 971 4111 Unde
995 4054 1102 4111 nec
1116 4038 1639 4111 extrahumanum
1664 4054 1817 4111 opus
1830 4044 1886 4096 et

232 4104 293 4159 in
312 4106 524 4182 _ho_cjej
538 4108 675 4182 unio
688 4108 913 4182 aliquid
939 4109 1057 4178 egit
1078 4110 1235 4179 novi,
1258 4109 1404 4182 dum
1420 4104 1882 4182 temporis'qiiod

232 4176 686 4251 priush’omines
710 4176 1149 4249 jej'unave'runt,
1181 4176 1445 4251 spatium
1476 4176 1595 4235 no'n
1613 4176 1880 4237 excessit.

232 4247 462 4304 CAPUT
495 4251 605 4306 VII.
634 4247 804 4324 —_‘Dfe
826 4251 1124 4307 virtutibus
1141 4247 1438 4323 Evangelii
1466 4269 1627 4324 usque
1667 4254 1738 4308 ad
1772 4270 1883 4309 am-

691 4322 1023 4378 bulationem
1054 4340 1215 4394 super
1243 4322 1414 4378 mare.

302 4392 541 4467 Devicto
567 4407 710 4461 ergo
742 4395 1082 4450 adversario
1114 4392 1170 4450 et
1210 4395 1619 4467 quadraginta,
1643 4394 1877 4451 dierum

226 4460 492 4532 perfecto
517 4460 767 4536 jejunio,
803 4482 907 4536 per
926 4467 1192 4521 Judzeam
1217 4460 1588 4521 étGalildaam
1607 4466 1881 4520 Israeliti-

224 4535 665 4605 cumpopulum
697 4536 772 4592 ad
798 4535 955 4593 viam
970 4538 1176 4592 salutis
1199 4540 1465 4604 vocabat,
1484 4542 1536 4591 et
1561 4537 1880 4594 duodecim

224 4604 547 4680 primarios
569 4607 683 4662 sibi
726 4608 937 4663 milites
968 4625 1035 4663 ex
1054 4610 1335 4663 omnibus
1364 4608 1603 4680 speciali
1633 4608 1881 4664 electio-

224 4676 319 4751 nis
352 4692 593 4751 munere
619 4680 976 4748 segregabat
1008 4680 1228 4749 (Matth.
1262 4697 1340 4745 iv,
1374 4676 1433 4735 f7
1463 4697 1571 4751 sqq.
1609 4680 1875 4749 ;Lue.vi,

224 4747 441 4821 i3-_l6).
462 4747 832 4821 thuatenus
863 4747 1221 4806 deinvisaeet
1239 4747 1877 4818 interna—substantiae,

218 4817 573 4875 animarum
588 4821 859 4878 videlicet
889 4824 1163 4888 sanitate,
1201 4822 1416 4878 faceret
1444 4823 1569 4877 fida
1603 4817 1876 4879 omnium

216 4892 426 4964 corda,
456 4893 633 4964 etiam
678 4893 739 4947 in
764 4895 915 4948 servi
952 4896 1279 4964 ‘potestate
1295 4895 1881 4949 visibiliternullare-

217 4961 468 5034 sistente
501 4966 551 5017 vi
584 4963 891 5033 languoris
926 4961 1130 5020 curata
1146 4965 1433 5020 reddebat
1464 4981 1738 5034 corpora.
1768 4968 1881 5021 Un-

214 5032 296 5088 de
325 5050 462 5088 cum
491 5032 824 5105 praedicans
847 5037 1237 5105 Evangelium
1265 5038 1429 5106 regni
1448 5032 1876 5101 Dei,Galilaeam

212 5105 581 5170 circumiret,
616 5112 671 5161 et
702 5108 1114 5178 promiscuum
1145 5105 1353 5167 vulgus
1385 5106 1553 5161 varia
1579 5108 1881 5174 (egritudi-

214 5191 294 5250 ne
319 5191 594 5250 pressum
613 5182 912 5250 cerneret,
942 5180 1243 5250 quosdam
1275 5179 1589 5235 oculorum
1618 5194 1878 5248 praesen-

218 5247 583 5332 tisdefectio
611 5249 758 5331 lucis
789 5247 988 5332 laetitia
1009 5251 1299 5332 privabat,
1344 5251 1490 5332 alios
1521 5247 1759 5332 perfusa
1774 5266 1878 5321 per

217 5319 407 5392 totius
433 5320 699 5391 corporis
743 5319 1121 5392 superﬁciem
1150 5322 1314 5392 lepra
1345 5319 1692 5386 fcedaverat,
1727 5319 1876 5376 non—

215 5389 423 5447 nullos
451 5389 672 5463 pedum
707 5389 1018 5449 frustratos
1052 5389 1259 5450 habita
1290 5394 1504 5456 forma,
1532 5394 1777 5448 curavit.
1815 5396 1876 5448 In

286 5566 415 5616 ‘Ms.
444 5566 613 5625 Aud.,
649 5567 904 5617 altiorem.

284 5630 303 5659 ³
325 5629 428 5683 Ms.
458 5630 617 5687 Aud.,
644 5643 810 5685 sacer.

284 5693 303 5723 ⁸
326 5690 473 5751 Mss.,
498 5706 689 5741 errore.

283 5755 303 5788 ⁸
336 5753 433 5804 Ms.
461 5755 618 5813 Aud.,
645 5754 860 5820 inferni.

1433 197 1647 255 LIBER
1687 197 2014 255 TERTIUS.
2054 228 2123 240 —
2161 195 2549 257 APPENDIX.

3390 36 3395 39 _
3576 26 3595 37 τ,
3636 18 3869 37 “gmw,
3902 26 3919 31 vi

3550 211 3691 269 2198

2037 322 2366 395 paralytico
2380 329 2581 380 autem
2606 338 2642 380 a
2662 327 2920 401 quatuor
2941 327 3084 401 viris
3116 336 3369 401 portato,
3403 335 3511 392 tria
3529 336 3684 393 divi-

2038 411 2117 476 na
2145 411 2328 467 opera
2356 397 3296 476 cernuntur,dum_dimittiintur
3325 397 3375 459 ei
3414 415 3681 476 peccata,

2038 471 2095 549 et
2119 468 2422 549 praesentis
2451 468 3029 549 aegritudinis_plaga
3062 474 3238 549 verbo
3260 479 3397 530 tunc
3413 468 3680 549 solvitur,

2035 543 2091 593 et
2120 540 2581 608 cogitationibus
2618 556 2781 594 more
2824 542 2925 595 Dei
2955 543 3161 599 omnia
3207 550 3526 602 scrutantis
3556 540 3683 606 res;

2033 613 2331 684 pondetur
2358 610 2580 684 (Matth.
2614 626 2692 675 1x,
2733 616 2866 684 2-6;
2900 613 3074 669 Marc.
3104 630 3161 679 ll,
3198 620 3365 684 3-12).
3399 621 3462 673 Et
3492 620 3682 678 inlioc

2033 680 2161 755 viro
2186 683 2520 755 ostenditur
2558 680 2859 752 quosdam
2893 691 3135 755 propter
3152 680 3368 744 animae
3402 692 3673 749 maculas

2030 752 2240 833 dolor_e_
2255 754 2538 833 grassari.
2557 755 2874 833 Quomodo
2896 752 3103 811 mutus
3126 758 3429 833 loquitnon
3450 767 3681 833 poterat

2029 839 2175 902 cum
2202 825 2456 902 Yerbum
2492 827 2587 880 Dei
2619 826 2801 902 Patris
2827 842 3116 902 responsa
3146 825 3224 884 ab
3256 831 3354 886 illo
3414 825 3678 902 postula-

2028 900 2118 975 ret.
2148 894 2177 950 ?
2207 898 2314 963 Qui
2341 898 2406 975 in
2432 912 2533 952 ore
2549 898 2731 952 asinae
2760 894 3678 975 iacuridiamreperit,quomodo

2027 966 2358 1023 humanam
2374 968 2957 1039 linguam,quamvis
2979 966 3227 1035 mutam,
3254 975 3330 1028 ad
3366 966 3542 1032 verba
3556 994 3676 1034 non

2025 1039 2308 1113 solidaret
2333 1042 2438 1097 ?Et
2468 1040 2862 1113 cumjustitiae
2888 1041 3009 1107 lux,
3026 1058 3159 1113 quae
3182 1045 3241 1097 in
3258 1047 3554 1103 mundum
3583 1065 3679 1104 ve-

2023 1110 2128 1191 nit,
2159 1116 2492 1191 appareret,
2524 1111 2783 1191 qualiter
2809 1128 3001 1191 caecus
3026 1110 3147 1169 non
3162 1116 3388 1172 videret
3420 1119 3678 1191 itthua

2022 1187 2314 1262 potestate
2336 1182 2614 1237 diabolus
2634 1184 2688 1262 ip
2719 1183 2961 1262 homine
2977 1194 3371 1262 permaneret,
3394 1189 3471 1244 ad
3490 1182 3673 1262 quem

2021 1252 2380 1334 ejiciendum
2406 1254 2712 1334 quomodo
2728 1254 2895 1334 illum
2923 1252 3271 1334 peccantem
3303 1252 3376 1314 de
3405 1252 3549 1316 coelo
3579 1279 3675 1317 ex-

2019 1326 2274 1402 pulerat,
2309 1324 2570 1402 Christus
2622 1327 2841 1402 veniret
2870 1327 2897 1379 ?
2924 1324 3303 1402 ln__quinque
3325 1334 3585 1400 panibus
3617 1339 3674 1389 et

2017 1394 2259 1468 duobus
2310 1396 2569 1468 piscibus
2591 1397 2859 1468 quinque
2888 1394 3074 1454 millia
3092 1394 3672 1468 satdraritibus,con-

2017 1465 2279 1547 tinentur
2310 1465 2971 1547 mirationedignatria,
3003 1471 3217 1547 scilicet
3240 1465 3670 1547 materiaipau-

2016 1537 2467 1613 citas,etp_opuli
2495 1542 2738 1613 saturati
2754 1540 3089 1613 multitudo,
3115 1548 3171 1598 et
3195 1537 3671 1613 fragmento-rum

2016 1610 2189 1679 copia
2220 1610 2443 1677 (Matth.
2479 1626 2595 1674 xw,
2630 1612 2849 1679 i5,2t).

2014 1682 2248 1756 CA_PUT
2275 1682 2514 1756 VlIl._—
2553 1683 2621 1736 De
2672 1682 2982 1756 ambulante
3011 1683 3241 1739 Domino
3287 1701 3448 1756 super
3473 1688 3667 1745 undas.

2084 1752 2479 1825 Dominusde
2506 1758 2657 1825 terra
2678 1753 3009 1825 discipulos
3033 1762 3264 1825 petens,
3295 1752 3534 1813 necesse
3565 1761 3668 1817 ha-

2011 1820 2141 1903 buit
2159 1824 2217 1903 in
2251 1824 2425 1903 undis
2440 1824 2771 1903 ambulare.
2790 1820 2985 1903 Causa
3002 1820 3181 1903 hujus
3210 1828 3353 1903 Petri
3374 1829 3522 1886 fides
3537 1831 3663 1903 fuit,

2010 1892 2070 1947 id
2099 1900 2207 1960 est,
2226 1911 2297 1950 ne
2326 1898 2372 1951 si
2399 1896 2557 1950 solus
2576 1895 2832 1951 Christus
2853 1897 2909 1950 id
2934 1892 3167 1964 egisset,
3194 1900 3504 1956 veritatem
3536 1892 3666 1958 car;

2008 1964 2362 2022 nisdubiam
2376 1966 2755 2038 relinqueret.
2779 1971 2926 2023 Dum
2944 1974 3141 2023 autem
3168 1972 3368 2025 Petrus
3383 1971 3535 2026 ﬁlius
3554 1975 3664 2030 viri

2008 2039 2360 2110 etmulieris
2386 2038 2494 2093 hoc
2527 2039 2761 2104 faceret,
2806 2056 2909 2109 per
2939 2040 3289 2110 imperantis
3321 2043 3529 2098 Christi
3561 2060 3663 2101 au-

2005 2108 2235 2173 xilium,
2266 2109 2490 2164 nullam
2516 2110 2589 2165 de
2612 2126 2789 2166 carne
2809 2108 3066 2178 Virginis
3096 2112 3199 2167 filii
3222 2113 3659 2173 dubitationem

2007 2179 2281 2257 admittit
2320 2181 2543 2257 (Matth.
2598 2185 2851 2257 xiv,_26,
2899 2182 3010 2252 29).
3064 2184 3176 2257 Sed
3216 2186 3405 2256 quaeri
3448 2192 3659 2257 potest,

2006 2256 2203 2327 utrum
2250 2252 2483 2308 Domini
2507 2258 2562 2327 et
2606 2253 2757 2309 Petri
2788 2252 3395 2327 corporumglevigata
3420 2252 3657 2327 natura,

2007 2327 2067 2377 ut
2096 2323 2193 2379 illa
2212 2339 2371 2394 aqua
2400 2325 2727 2390 sustineret,
2751 2339 2827 2379 an
2855 2323 3377 2396 aquaasubstantia
3401 2323 3659 2387 solidata

2002 2399 2109 2459 est,
2142 2400 2206 2450 ut
2234 2411 2488 2465 corpora
2517 2396 2787 2468 humana
2816 2396 3024 2451 fulcire
3063 2404 3265 2468 posset
3298 2400 3325 2454 ἱ)
3371 2400 3655 2463 Quamvis

2001 2471 2523 2540 ergoutrumque
2554 2467 2666 2522 hoc
2706 2468 2886 2533 ﬁeret,
2942 2467 3309 2540 non'contra
3350 2476 3653 2540 naturam,

2002 2536 2253 2611 Domino
2286 2536 2684 2609 praecipiente,
2706 2546 2887 2611 esset,
2916 2539 2962 2593 si
2982 2544 3319 2611 autaquam
3350 2536 3651 2611 solidaret,

1999 2612 2100 2680 aut
2124 2608 2455 2664 humanam
2470 2608 2713 2665 Domini
2751 2610 2945 2679 jussio
2977 2608 3216 2666 carnem
3244 2612 3527 2680 levigaret
3558 2630 3571 2680 ;
3597 2608 3660 2673 ut

1998 2678 2323 2735 milttanles
2354 2682 2412 2734 in
2449 2678 2820 2755 Scytharum
2847 2682 2990 2755 oris,
3022 2687 3087 2755 ut
3106 2678 3584 2755 tantiquiferunt,
3603 2692 3657 2744 et

1998 2766 2177 2820 super
2192 2768 2503 2823 aequorum
2532 2754 2778 2807 auribus
2803 2754 2879 2823 (a)
2905 2753 3245 2821 proludunt,
3266 2753 3517 2811 natandi
3532 2764 3656 2814 arte

1995 2836 2237 2895 quoque
2278 2824 2510 2886 imbuti,
2545 2838 2741 2878 merso
2766 2824 3063 2895 tmediorin
3096 2825 3397 2895 profunda
3430 2828 3524 2883 vix
3557 2845 3654 2884 su-

1997 2893 2198 2966 beunt.
2218 2894 2569 2950 Hominibus
2583 2910 2723 2966 ergo
2743 2894 2885 2966 illud
2900 2893 3262 2960 valentibus,
3277 2898 3423 2964 quid
3443 2900 3653 2955 mirum

1995 2964 2313 3021 siDomino
2345 2964 2675 3048 imperante
2708 2982 2847 3021 caro
2874 2965 3236 3048 levigaretur
3260 2969 3649 3048 c(praesertim

1994 3050 2131 3091 cum
2148 3037 2589 3111 resurrectionis
2602 3038 2928 3108 corporain
2954 3043 3184 3111 tantum
3208 3037 3645 3111 levi'gabuntur,

1994 3112 2056 3162 ut
2088 3124 2208 3163 non
2241 3109 2434 3163 solum
2475 3124 2677 3164 crassa
2710 3124 2889 3179 aqua,
2933 3110 3037 3164 sed
3079 3111 3258 3167 etiam
3291 3109 3553 3168 nubibus
3593 3119 3650 3171 et

1992 3194 2125 3234 aere
2144 3180 2563 3253 sustineantur,
2591 3180 3113 3253 utApostolusait,
3145 3183 3445 3253 Rapiemur
3469 3186 3539 3239 ad
3568 3203 3649 3243 oc-

1991 3250 2319 3305 currendum
2354 3251 2565 3306 Christo
2614 3251 2671 3304 in
2710 3267 2839 3305 aera
2865 3251 2910 3321 (I
2942 3251 3119 3305 Thess.
3150 3250 3361 3321 ινίίϐ).
3391 3255 3568 3311 Aliter
3598 3258 3647 3313 si

1991 3328 2462 3396 aquaatnaturam
2492 3321 2809 3378 solidatam
2847 3337 2976 3396 esse
3013 3322 3336 3396 quisquam
3379 3327 3645 3396 elegerit,

1990 3393 2278 3464 quoniam
2320 3410 2479 3466 aqua
2524 3399 2820 3466 terrenam
2857 3393 3038 3466 habet
3069 3395 3559 3466 crassitudinem,
3589 3393 3651 3454 ut

1990 3480 2128 3538 cum
2160 3481 2221 3519 se
2244 3464 2831 3538 gelu'perstrinxerit,
2856 3464 2916 3518 in
2946 3464 3247 3538 duriorem
3278 3482 3463 3538 quam
3488 3474 3649 3524 terrae

1995 3536 2188 3605 ipsius
2209 3537 2589 3602 soliditatem,
2619 3536 2829 3607 rigeat,
2854 3541 2909 3591 et
2938 3535 3377 3592 multitudinem
3405 3539 3649 3596 suﬁ‘erre

1994 3607 2205 3679 valeat,
2238 3614 2293 3663 et
2324 3614 2529 3679 postea
2560 3608 2753 3663 calida
2778 3623 2924 3662 aura
2953 3608 3230 3679 resolvat.
3266 3610 3361 3664 Vel
3392 3616 3566 3675 certe,
3598 3612 3649 3667 si

1993 3677 2250 3754 liquidas
2282 3677 2476 3754 undas
2494 3696 2613 3735 non
2635 3678 3300 3754 perstrinxeritnatura,
3316 3696 3451 3752 quae
3474 3684 3651 3754 aquis

1993 3750 2219 3833 inserta
2250 3756 2358 3817 est,
2388 3751 2549 3833 ligna
2580 3750 2856 3833 quamvis
2884 3750 3155 3833 grandia,
3185 3755 3242 3805 et
3269 3750 3561 3833 humana,
3595 3758 3652 3833 et

1995 3827 2341 3877 caeterorum
2375 3822 2726 3877 animalium
2776 3837 3050 3892 corpora,
3102 3828 3157 3877 et
3188 3838 3373 3879 naves
3404 3824 3653 3881 liburni-

1996 3908 2096 3948 cas
2136 3898 2588 3964 supernatantes
2629 3893 2917 3948 sustinere
2950 3894 3310 3950 consuescit.
3364 3895 3469 3951 Illa
3507 3897 3648 3953 soli-

1994 3964 2149 4020 ditas
2176 3966 2424 4021 Domino
2453 3965 2785 4036 imperante
2811 3964 2989 4029 facta,
3021 3980 3129 4020 nec
3161 3966 3379 4021 mirum
3403 3968 3450 4022 si
3469 3969 3648 4024 etiam

1993 4036 2225 4091 Petrum
2272 4036 2642 4092 difﬁdentem
2696 4052 2818 4092 non
2855 4036 3127 4101 sustinet,
3186 4053 3321 4093 cum
3378 4038 3649 4096 inﬁdeles

1994 4108 2245 4182 Domino
2294 4108 2522 4182 volente
2565 4108 2747 4182 etiam
2797 4113 2951 4162 terra
2991 4123 3114 4182 non
3152 4110 3544 4182 sustentabat,
3588 4114 3652 4167 ut

1994 4180 2224 4234 Dathan
2253 4184 2307 4234 et
2338 4180 2559 4236 Abiron
2589 4180 2777 4251 (Num.
2812 4194 2921 4243 xvr,
2955 4181 3065 4249 3t).

1991 4251 2221 4307 CAPUT
2266 4252 2349 4307 IX.
2383 4283 2450 4293 —
2498 4254 2574 4306 De
2612 4251 2825 4305 caeteris
2856 4251 3151 4306 virtutibus
3199 4252 3423 4306 Domini
3475 4252 3653 4307 nostri

2615 4322 2741 4377 Jesu
2774 4322 3011 4375 Christi.

2061 4395 2123 4447 In
2151 4392 2403 4448 naturali
2423 4408 2618 4447 rerum
2648 4391 3172 4448 administratione
3200 4390 3355 4447 binae
3386 4392 3649 4449 rationes

1989 4463 2539 4535 deprehenduntur.
2574 4463 3064 4535 Deindeinferior
3105 4463 3255 4535 ratio
3296 4464 3649 4534 quotidiana

1988 4533 2186 4590 rerum
2211 4534 2647 4591 administratio
2672 4533 3115 4601 intelligitur,ut
3136 4533 3209 4587 de
3238 4533 3399 4604 aqua
3428 4537 3488 4589 in
3522 4536 3649 4591 ani-

1990 4608 2248 4662 malibus
2284 4605 2530 4673 sanguis
2564 4606 2646 4669 ﬁt,
2692 4612 2744 4660 et
2780 4606 2943 4660 unda
2971 4604 3131 4660 salsa
3161 4620 3266 4675 per
3296 4604 3486 4660 nubes
3542 4609 3647 4661 aut

1991 4683 2158 4733 terras
2216 4678 2581 4732 infusionem
2637 4676 3005 4731 indulcescit.
3062 4679 3123 4730 Et
3175 4675 3324 4731 ratio
3376 4678 3648 4747 superior

1990 4749 2278 4805 inusitata
2309 4747 2661 4817 gubernatio
2706 4747 2788 4811 ﬁt,
2828 4764 2963 4819 quae
3007 4747 3065 4802 in
3107 4748 3409 4803 miraculis
3445 4764 3648 4807 rerum

1989 4819 2375 4891 dignoscitur,
2408 4820 2553 4893 utin
2578 4821 2932 4893 sanguinem
2964 4834 3187 4893 aquam
3216 4820 3559 4893 in_/Egypto
3586 4822 3645 4878 in

1990 4890 2315 4958 momento,
2368 4896 2421 4947 et
2453 4891 2697 4946 intincto
2744 4891 2910 4959 ligno
2958 4890 3646 4950 in'dulcedinem'Deus

1989 4963 2379 5018 commutavit
2401 4963 2604 5035 (Expd.
2638 4979 2735 5030 vn,
2760 4967 2854 5035 720,
2896 4968 2943 5017 et
2973 4979 3071 5025 xv,
3102 4963 3215 5035 25).

1990 5035 2219 5091 CAPUT
2256 5038 2316 5091 Χ.
2368 5066 2433 5075 -
2488 5034 2564 5089 De
2616 5034 2842 5105 panibus
2893 5041 2942 5089 et
2989 5034 3226 5105 piscibus
3270 5034 3647 5092 saturantibus

2532 5106 2712 5161 millia
2757 5107 3082 5179 populorum
3096 5146 3108 5159 .

2060 5180 2433 5248 Quapropter
2455 5174 2853 5248 etpanem'de
2879 5194 3068 5249 parvo
3098 5178 3328 5232 semine
3359 5176 3532 5249 juxta
3561 5174 3647 5249 ine

1988 5246 2261 5303 feriore'm
2296 5246 2587 5303 rationem
2620 5250 2676 5303 in
2708 5246 2992 5317 magnam
3037 5255 3298 5315 segetem
3347 5262 3454 5318 per
3482 5246 3646 5317 longi

1989 5318 2272 5390 temporis
2299 5319 2875 5375 administrationem
2894 5319 3427 5375 innumerabilium
3455 5318 3648 5373 homi-

1988 5406 2133 5444 num
2150 5396 2391 5460 pastum
2406 5396 2675 5461 procreat
2698 5409 2711 5456 ;
2728 5408 2907 5462 quem
2924 5391 3255 5446 secundum
3273 5390 3644 5461 superiorem

1985 5463 2277 5517 rationem
2292 5462 2365 5516 de
2394 5463 2641 5533 materia
2663 5463 2904 5518 modica
2925 5464 2983 5517 in
3007 5478 3063 5518 m
3079 5468 3321 5517 omento
3348 5478 3454 5533 per
3468 5463 3643 5518 bene-

1987 5533 2308 5589 dictionem
2325 5532 2697 5605 multiplicat.
2737 5534 2828 5589 Sic
2858 5534 3123 5605 etpisces
3140 5532 3515 5605 perpriinam
3544 5535 3645 5590 be-

1986 5605 2385 5662 nedictionem
2403 5603 2775 5677 multiplicat,
2789 5603 3034 5679 quando
3047 5603 3273 5663 dictum
3288 5611 3397 5676 est,
3408 5607 3644 5664 Crescite

2050 5756 2122 5822 (a)
2153 5756 2325 5815 Forte,
2363 5755 2644 5811 littoribus.
