4112 6192
254 180 398 237 2201
1767 182 1880 239 API

1992 182 2155 243 lDIX.

252 306 317 387 in
344 302 729 388 excusatione
768 304 1164 388 eleemosynte
1190 306 1908 388 etnpaupertatishprofes-

251 376 445 451 sione,
496 376 743 451 quando
789 376 992 431 Petrus
1036 376 1373 451 paralytico
1404 376 1592 444 idixit,
1637 379 1811 451 Surge
1859 388 1906 436 et

248 446 475 521 ambula
503 446 646 521 (Act.
681 462 761 513 ιιι,
802 452 875 515 6),
925 446 1179 518 Magistri
1212 446 1577 521 praeceptum
1611 446 1856 507 servans
1890 469 1903 507 :

248 519 443 601 Nolite~
452 519 648 574 habere
659 519 1350 601 aurumhnequeargentum
1366 519 1585 593 (Matth.
1601 539 1659 589 x,
1676 522 1904 601 9),c_l‘um

250 591 366 665 soli
404 592 526 647 Deo
561 591 827 665 serviens
857 590 932 665 de
960 590 1168 665 iniquo
1185 590 1549 665 mammona
1600 590 1907 665 expeditus

226 662 467 727 fuerat,
493 661 678 718 verbo
703 662 936 734 imperii
959 664 1166 719 morbo
1182 663 1434 734 ligatum
1466 665 1582 722 cito
1615 661 1901 723 solvebat.

606 768 829 825 CAPUT
851 769 1012 826 XVII.
1048 802 1110 813 —
1156 772 1345 828 Virtus
1371 772 1544 829 Petri.

320 880 464 933 Ecce
489 881 722 950 quanta
751 879 838 933 est
866 878 1198 950 apostolica
1229 880 1412 936 virtus
1444 881 1505 936 in
1530 880 1783 946 Christo,
1816 898 1907 940 sa-

3524 187 3663 247 2202

2014 326 2163 368 num
2180 313 2485 387 iAnaniam
2503 314 2649 371 dum
2674 314 2880 373 Petrus
2898 315 3093 387 arguit
3108 329 3214 387 per
3226 316 3518 373 sermonis
3542 320 3667 374 tan-

2016 389 2145 457 tum
2175 386 2513 457 imperium.
2550 393 2739 442 morte
2760 386 2964 455 ligavit
2990 386 3131 455 (Acti
3166 404 3223 449 v,
3254 388 3308 453 4,
3344 394 3395 452 5)
3432 406 3447 454 ;
3476 393 3534 443 et
3562 391 3664 445 Ta-

2015 454 2245 512 bitham
2265 454 2489 531 'mortis
2511 458 2746 531 vinculo
2771 454 3038 531 ligatam,
3067 456 3529 531 eademimperii
3560 476 3665 531 po-

2017 531 2231 601 testate
2252 528 2521 585 dissolvit
2550 530 2658 599 (Id.
2685 546 2758 594 IX,
2784 534 2893 596 40).
2930 530 3186 601 Ideoque
3212 530 3378 600 prius
3405 528 3664 586 Ananias

2016 603 2071 653 et
2096 600 2349 672 Saphira
2374 602 2435 655 in
2467 605 2787 672 conspectu
2813 600 3225 656 Ecclesiaaicito
3258 601 3473 655 mortui
3504 606 3660 666 sunt,

2018 671 2426 741 utapostolica
2452 671 2777 728 auctOritas
2802 677 3027 743 quanta
3040 672 3621 728 essetostenderetur
3645 687 3660 738 ;

2017 744 2072 797 et
2098 757 2279 813 quam
2313 758 2607 812 magnum
2653 742 2964 815 peccatum
2993 748 3166 808 esset,
3199 743 3363 814 quod
3392 742 3662 799 oblatum

2017 817 2103 868 est
2133 815 2344 870 iterum
2375 816 2452 870 ab
2496 815 2759 872 Ecclesia
2786 815 3104 881 retrahere,
3129 819 3575 879 monstraretur,
3608 820 3665 871 et

2017 885 2211 941 caeteri
2241 885 2511 958 exemplo
2538 887 2719 958 hujus
2746 887 3199 957 castigarentur.

1389 1072 2515 1195 ADMONITIO

1447 1237 1548 1297 DE
1592 1237 1902 1314 SEQUEN
1907 1239 1982 1298 TI
2026 1238 2456 1301 OPUSCULO.

1660 1361 2237 1391 WM—

319 1441 445 1496 Non
477 1437 814 1509 Augustini,
850 1436 952 1493 sed
977 1437 1203 1493 Alcuini
1235 1442 1324 1493 est
1352 1439 1555 1495 isthaac
1586 1440 1661 1495 de
1688 1441 2205 1499 Benedictionibus
2228 1440 2415 1497 Jacob
2437 1440 2789 1512 patriarchae
2815 1442 3064 1513 quaestio
3094 1442 3505 1514 expositioque
3533 1441 3661 1498 his-

242 1527 434 1585 torica
461 1532 517 1583 et
543 1527 883 1597 allegorica,
913 1526 1193 1598 decerpta
1217 1527 1496 1583 nimirum
1519 1546 1591 1586 ex
1624 1529 1810 1601 ipsius
1840 1530 1994 1587 libro
2025 1531 2430 1597 Quaestionum
2466 1530 2523 1585 in
2556 1530 2852 1586 Genesim.
2888 1532 3249 1602 Quanquam
3281 1531 3460 1587 etiam
3491 1532 3657 1603 apud

242 1617 674 1688 Hieronymum
704 1616 819 1671 sub
839 1615 1052 1671 iisdem
1084 1632 1154 1672 ac
1186 1616 1434 1673 totidem
1466 1618 1585 1673 fere
1608 1620 1802 1675 verbis
1825 1619 1885 1675 in
1917 1620 2232 1691 opusculo,
2260 1619 2422 1692 quod
2448 1618 2593 1674 item
2621 1619 3031 1685 Quaestionum
3056 1620 3116 1673 in
3148 1619 3421 1675 Genesim
3452 1620 3659 1675 inscri-

240 1706 427 1771 bitur,
459 1705 894 1777 expositionem
920 1705 1180 1777 priorem
1205 1706 1465 1778 reperias
1489 1723 1502 1774 ;
1530 1708 1875 1779 posterioris
1898 1724 2037 1765 vero
2063 1708 2449 1780 expositionis
2475 1713 2703 1779 partem
2728 1713 3092 1780 postremam
3122 1707 3283 1779 apud
3307 1708 3655 1778 Gregorium

246 1795 309 1850 in
340 1794 507 1851 libris
540 1793 844 1851 Moralium
874 1794 933 1849 in
963 1794 1094 1849 Joh.
1138 1797 1264 1851 lmo
1307 1802 1558 1868 utraque
1590 1811 1659 1851 ex
1690 1795 1942 1867 integro,
1973 1797 2079 1853 sed
2112 1797 2324 1853 ordine
2372 1796 2642 1852 nonnihil
2675 1796 2933 1859 diverso,
2968 1800 3146 1868 atque
3169 1796 3394 1869 aliquot
3415 1812 3656 1868 permu-

242 1884 380 1941 tatis
408 1882 681 1949 vocibus,
712 1880 960 1939 habetur
996 1884 1058 1940 in
1099 1885 1267 1939 tertio
1296 1884 1450 1940 libro
1482 1887 2060 1943 Commentariorum
2090 1886 2152 1942 in
2204 1886 2497 1951 Genesim,
2531 1885 2633 1958 qui
2684 1886 2971 1941 Eucherio
3021 1884 3405 1955 Lugdunensi
3452 1880 3653 1942 tributi

241 1972 392 2030 olim
426 1972 581 2028 falso
619 1972 803 2038 fuere,
836 1971 1095 2045 editique
1132 1973 1193 2028 in
1227 1973 1586 2030 Bibliotheca
1616 1977 1876 2030 Patrum.

1997 2136 2236 2146 ψη

876 2215 3022 2502 DEBENIOEDICTIONIBUS

1998 2695 2104 2770 (Id.
2139 2712 2340 2770 xxxiv,
2379 2699 2489 2770 26).
2523 2698 2688 2755 Unde
2717 2698 2881 2765 dicit,
2928 2696 3253 2770 maledictus
3276 2697 3441 2770 furor
3464 2713 3649 2770 eorum

2028 2769 2127 2842 uia
2146 2768 2434 2842 pertinax,
2451 2768 2528 2842 'et
2542 2771 2793 2842 reliqua.
2814 2770 2886 2824 Et
2911 2769 3217 2839 dispergam
3234 2769 3353 2824 illos
3365 2770 3423 2824 in
3445 2769 3645 2842 Israel,

2040 2840 2131 2894 evi
2161 2840 2320 2896 enim
2342 2840 2743 2897 haereditatem
2775 2842 3073 2912 propriam
3102 2855 3221 2894 non
3247 2841 3499 2912 accepit,
3542 2841 3650 2896 sed

304 2691 457 2765 Quid
476 2691 927 2765 intelligendum
957 2697 1047 2748 est
1071 2692 1145 2748 de
1186 2692 1723 2758 benedictionibus,
1755 2693 1885 2765 qui-

232 2763 348 2819 bus
361 2764 543 2819 Jacob
557 2764 898 2821 patriarcha
913 2763 1214 2820 benedixit
1230 2765 1382 2821 ﬁlios
1409 2766 1685 2820 suos?An
1707 2763 1885 2821 histo-

232 2781 543 2819 nusJacon
601 2781 898 2819 atrtarcna
913 2781 1382 2821 oenemxunuos
1409 2781 1685 2820 suosran
1707 2781 1885 2821 histo-

230 2836 353 2891 rice
381 2836 470 2890 vel
492 2781 1210 2905 aliisgoriceintelligendas
1238 2836 1535 2903 sint,dum
1558 2836 1719 2900 dicit,
1750 2836 1886 2892 Con-

231 2907 697 2984 gregamini,_ﬁl_ii
716 2907 898 2984 (acab,
922 2915 982 2961 ut
1000 2908 1337 2984 annuntiemr
1356 2908 1498 2984 uobis
1518 2916 1885 2984 qumpentura
1994 2910 2053 2984 i__n
2095 2913 2378 2966 omnibus
2421 2914 2670 2983 sceptris
2714 2907 2941 2984 paucas
2981 2912 3156 2965 urbes
3184 2911 3259 2966 ad
3310 2907 3650 2984 inhabitan-

230 2978 757 3055 suntinpooissimis
781 2978 963 3055 diebus
984 2979 1141 3055 (Gen.
1163 2980 1485 3050 xux,‘2):et
1507 2978 1799 3055 sividetur
1816 2996 1884 3055 ex
1993 2981 2138 3055 dum
2163 2984 2373 3055 habuit
2399 2978 2574 3055 (Iosue
2603 2978 2745 3055 xxi).
2781 2987 2856 3039 De
2900 2984 3175 3039 Simeone
3206 2998 3347 3055 vero
3383 2984 3442 3039 in
3496 2982 3649 3055 libro

232 3050 325 3127 his
340 3050 532 3127 verbis
548 3052 740 3119 magis
754 3050 1885 3127 allegoriamsonarequamhistoriam?
1989 3054 2127 3127 1Iesu
2155 3050 2439 3125 scriptum
2476 3062 2583 3120 est,
2616 3050 2779 3127 quod
2820 3060 2876 3127 et
2906 3054 3039 3127 ipse
3076 3054 3386 3127 proprium
3419 3054 3647 3127 funicu-

231 3119 765 3198 _R_esp._Utru_mque
791 3129 1035 3198 vero,et
1062 3119 1386 3198 historiani_
1406 3128 1473 3198 et_
1491 3121 1878 3198 allegoriam:
1989 3122 2113 3179 lum
2157 3119 2293 3198 non.
2320 3119 2654 3198 acceperit;
2673 3126 2776 3198 sed
2816 3126 2891 3198 de
2919 3119 3112 3198 _'tribu_
3155 3124 3313 3198 Juda
3351 3126 3646 3198 quiddam

228 3192 543 3248 historiam
560 3192 634 3247 de
651 3192 936 3264 divisione
950 3197 1117 3248 terrai
1128 3193 1636 3264 repromissionis,
1650 3208 1783 3264 quae
1797 3194 1881 3248 di-

225 3264 490 3319 visiones
512 3263 852 3319 dividendaa
874 3271 1040 3320 erant
1061 3263 1380 3335 nepotibus
1401 3280 1609 3321 eorum
1635 3282 1648 3329 ;
1673 3263 1882 3320 etalle-

225 3335 458 3407 goriam
480 3335 554 3407 de
576 3336 802 3391 Christo
829 3336 984 3407 etde
1005 3336 1262 3393 Ecclesia
1282 3336 1342 3391 in
1364 3335 1711 3391 novissimis
1733 3340 1882 3391 tem-

225 3406 470 3477 poribus
516 3406 735 3462 futura.
798 3406 909 3463 Sed
955 3408 1131 3478 prius
1160 3408 1423 3463 historia:
1483 3407 1880 3463 fundamenta

220 3478 509 3550 ponenda
543 3483 701 3543 sunt,
730 3482 796 3533 ut
832 3477 1028 3549 aptius
1062 3477 1357 3549 allegoria
1413 3479 1649 3534 culmen
1701 3479 1877 3550 priori

219 3554 530 3621 structura;
557 3554 1012 3621 superponatur.

290 3620 486 3693 Ruben
508 3618 909 3693 'priniogéuilus
934 3638 1096 3687 meus,
1130 3629 1190 3693 tu
1230 3621 1495 3693 fortitudo
1546 3639 1678 3686 mea,
1716 3622 1879 3692 prin-

218 3691 422 3761 cipium
450 3692 653 3747 doloris
678 3694 783 3747 mei
819 3708 835 3746 :
855 3694 1020 3762 prior
1050 3694 1110 3747 in
1129 3691 1305 3761 donis,
1330 3694 1509 3763 major
1538 3695 1599 3747 in
1627 3691 1873 3763 imperio.

222 3764 445 3834 Effusus
469 3780 520 3817 es
548 3763 685 3818 sicut
715 3780 878 3834 aqua,
906 3781 1011 3819 non
1034 3781 1241 3819 crescas
1266 3782 1283 3831 ;
1314 3766 1445 3834 quia
1470 3764 1760 3819 ascendisti
1788 3781 1876 3819 cu-

221 3832 329 3887 bile
355 3835 527 3904 patris
556 3837 653 3894 tui,
669 3842 718 3888 et
735 3832 1026 3891 maculasti
1052 3832 1579 3905 stratumejusmen.
1601 3851 1682 3901 ιιι,
1705 3835 1871 3907 4)(α).

218 3907 787 3978 Εειὲιιυιεωίεθιιδιιε
836 3906 1076 3978 hiczTu
1113 3922 1174 3961 es
1220 3907 1652 3978 primogenitus
1689 3923 1872 3975 meus,

215 3976 414 4047 major
436 3977 497 4031 in
528 3977 749 4039 liberis.
783 3983 838 4033 et
858 3977 1144 4048 debebas,
1171 3976 1340 4048 juxta
1366 3978 1636 4033 ordinem
1670 3978 1853 4034 nativi

213 4048 349 4122 tatis
389 4054 528 4113 tuas,
561 4048 966 4122 hasreditatem
999 4065 1134 4122 quae
1162 4050 1574 4121 primogenitis
1608 4050 1741 4120 jure
1777 4049 1877 4103 de-

212 4118 499 4192 bebatur,
540 4120 942 4177 sacerdotium
999 4118 1266 4192 accipere
1310 4118 1387 4177 eti
1419 4118 1691 4191 regnum.
1730 4123 1874 4192 Atloc

212 4191 440 4316 quippe
486 4189 545 4245 in
592 4193 888 4262 portando
928 4189 1155 4247 honore
1195 4198 1251 4247 et
1292 4189 1615 4263 praevalida
1661 4190 1874 4247 robore

259 4266 680 4316 emonstratur.
708 4263 924 4316 Verum
954 4264 1094 4316 auia
1120 4265 1400 4316 peccasti.
1429 4270 1485 4316 et
1512 4264 1686 4316 quasi
1713 4278 1874 4316 aqua

259 4266 680 4335 emonstratur.
708 4263 924 4335 Verum
954 4264 1094 4335 quia
1120 4265 1400 4335 peccasti,
1429 4270 1485 4319 et
1512 4264 1686 4335 quasi
1713 4278 1875 4335 aqua

210 4348 342 4403 quae
373 4333 640 4407 quolibet
669 4334 911 4407 vasculo
942 4333 1063 4390 non
1093 4333 1694 4407 tenetur,ivoluptatis
1730 4333 1875 4389 effu-

208 4419 314 4458 sus
353 4405 415 4459 es
454 4405 679 4475 impetu
709 4423 723 4470 ;
748 4406 969 4477 idcirco
996 4406 1278 4477 praecipio
1306 4406 1409 4461 tibi
1449 4405 1532 4461 ut'
1560 4406 1713 4461 ultra
1753 4421 1874 4477 non

289 4491 444 4541 cces,
474 4477 676 4549 sisque
700 4478 759 4549 in
796 4476 1043 4533 fratrum
1081 4476 1355 4543 numero,
1390 4493 1623 4549 poenas
1649 4476 1873 4549 peccati

232 4561 398 4620 uens,
431 4548 596 4619 quod
620 4548 995 4620 primogeniti
1018 4549 1289 4604 ordinem
1322 4548 1648 4620 perdidisti.
1683 4548 1875 4620 [Prin-

202 4617 432 4689 cipium
450 4617 658 4675 autem
679 4617 899 4675 doloris
922 4624 1009 4692 est
1038 4620 1234 4675 omnis
1260 4617 1711 4692 primogenitus',
1730 4619 1876 4692 quia

200 4703 315 4760 pro
346 4705 418 4745 eo
451 4697 907 4773 commoventur
936 4691 1161 4773 viscera
1183 4690 1498 4773 parentum
1525 4690 1628 4773 (b)]
1667 4690 1764 4773 ...αὴ
1792 4690 1875 4773 Si-

202 4766 477 4834 meonpet
504 4762 640 4817 Levi
671 4763 897 4827 fratres,
928 4778 1074 4834 vasa
1117 4762 1441 4834 iniquitatis
1478 4762 1776 4819 bellantia.
1813 4762 1874 4817 In

201 4830 519 4888 consilium
540 4849 751 4889 eorum
777 4848 898 4888 non
931 4833 1128 4889 veniat
1160 4830 1363 4890 anima
1391 4851 1543 4900 mea,
1578 4841 1633 4890 et
1664 4835 1722 4888 in
1761 4849 1873 4889 coe-

200 4908 263 4956 tu
298 4902 530 4977 illorum
561 4920 683 4977 non
722 4906 793 4959 sit
822 4905 1011 4974 gloria
1039 4921 1173 4961 mea
1204 4921 1217 4960 :
1252 4906 1393 4977 quia
1443 4905 1503 4960 in
1536 4906 1731 4977 furore
1763 4919 1875 4960 suo

198 4974 551 5030 occiderunt
582 4976 792 5042 virum,
826 4982 882 5031 et
916 4977 974 5031 in
1008 4974 1308 5032 voluntate
1360 4993 1472 5031 sua
1504 4976 1878 5031 stitfoderunt

197 5060 468 5119 murum.
505 5046 846 5103 Maledictus
893 5047 1054 5102 furor
1091 5064 1320 5115 eorum,
1362 5048 1507 5119 quia
1560 5048 1827 5119 pertinax
1859 5063 1873 5113 ;

196 5120 257 5171 et
300 5117 631 5187 indignatio
669 5134 900 5183 eorum,
931 5120 1075 5187 quia
1116 5119 1286 5175 dura.
1332 5117 1603 5173 Dividam
1658 5134 1761 5173 eos
1815 5119 1876 5174 in

191 5188 405 5261 lacob,
444 5194 499 5244 et
537 5189 882 5261 dispergam
928 5188 1059 5245 illos
1100 5190 1157 5245 in
1222 5190 1401 5245 lsrael
1430 5210 1452 5240 ν
1492 5189 1678 5261 (Ibid,
1730 5190 1872 5261 5-7).

194 5258 508 5331 Signiﬁcat
545 5258 905 5316 autem'non
946 5261 1036 5316 sui
1076 5261 1305 5317 consilii
1338 5258 1540 5327 fuisse,
1582 5261 1746 5331 quod
1799 5258 1877 5317 Si-

190 5329 372 5386 cbem
398 5336 453 5385 et
477 5330 654 5388 Emor
682 5331 997 5388 fmderatos
1025 5329 1630 5397 virosintert‘ecerunt,
1658 5337 1713 5387 et
1741 5347 1880 5386 con-

194 5402 406 5476 tratus
440 5403 696 5476 inpacis
731 5409 787 5458 et
812 5403 1208 5460 amicitiarum
1238 5410 1501 5476 tempore
1524 5404 1879 5476 sanguinem

190 5473 480 5547 fuderunt
505 5473 902 5536 innocentem.
936 5482 991 5531 et
1026 5477 1195 5547 quasi
1227 5473 1495 5547 quodam
1535 5475 1753 5539 furore,
1795 5474 1881 5530 sic

188 5544 541 5602 crudelitate
566 5547 802 5618 raptati,
838 5544 1317 5619 murosihospitm
1349 5547 1513 5603 urbis
1544 5550 1880 5605 everterunt

246 5634 324 5762 Ea)
356 5632 428 5682 Ex
464 5633 816 5698 Hieronymo,
850 5635 943 5685 lib.
981 5635 1182 5695 Quaest.
1221 5636 1273 5686 in
1311 5637 1575 5687 Genesim.

270 5696 322 5758 b)
350 5696 470 5749 Hazc
492 5710 607 5748 non
635 5701 767 5749 sunt
785 5698 1121 5762 Hieronymi.

270 5696 322 5758 b)
350 5696 470 5749 Hazc
492 5710 607 5748 non
635 5696 767 5749 sunt
785 5698 1121 5764 Hieronymi.

1990 3196 2281 3269 acceperit
2308 3196 2419 3265 (Id.
2443 3194 2566 3263 xix,
2608 3202 2655 3261 t,
2706 3196 2783 3264 2).
2813 3196 2993 3269 Juda,
3016 3203 3063 3269 te
3094 3194 3394 3269 laudabunt
3437 3199 3649 3269 fratres

1991 3268 2075 3321 tui
2102 3266 2339 3324 {manus
2382 3275 2491 3323 tuae
2529 3271 2588 3322 in
2624 3268 2923 3323 cervicibus
2976 3266 3320 3321 inimicorum
3378 3266 3647 3337 tuorum,-

1988 3337 2291 3410 adorabunt
2323 3345 2369 3392 te
2392 3339 2504 3409 ﬁlii
2530 3339 2710 3410 patris
2748 3338 2849 3393 tui.
2885 3337 3114 3410 Catulus
3155 3337 3323 3392 leonis
3350 3338 3495 3393 Juda
3522 3357 3547 3405 ;
3573 3339 3648 3394 ad

1985 3408 2250 3479 praedam,
2298 3406 2400 3481 fili
2441 3406 2547 3477 mi;
2600 3410 2913 3475 ascendisti,
2958 3406 3284 3481 requiescens
3323 3410 3648 3481 accubuisti

1986 3487 2046 3535 ut
2077 3483 2174 3549 leo,
2205 3489 2254 3536 et
2278 3479 2435 3553 quasi
2466 3484 2657 3538 leaena.
2693 3481 2826 3548 Quis
2859 3479 3147 3536 suscitabit
3172 3495 3285 3535 eum
3315 3479 3343 3534 7
3369 3482 3517 3546 Quia
3548 3482 3645 3553 Ju-

1987 3553 2066 3607 da
2099 3552 2398 3608 confessio
2444 3555 2564 3609 sive
2602 3554 2734 3609 laus
2776 3554 3214 3619 interpretatur,
3247 3556 3401 3606 recte
3442 3552 3647 3607 scribi-

1986 3630 2079 3678 tur
2123 3624 2197 3679 de
2230 3624 2405 3687 Juda,
2442 3625 2834 3694 conﬁtebuntur
2872 3622 2977 3680 tibi
3019 3626 3226 3694 fratres
3255 3638 3274 3688 ;
3316 3622 3424 3687 vel,
3458 3623 3646 3679 lauda-

1986 3694 2116 3749 bunt
2141 3702 2208 3749 te.
2261 3698 2325 3750 Et
2354 3695 2487 3751 licet
2517 3699 2590 3750 de
2632 3696 2858 3752 Christo
2898 3695 3125 3764 grande
3159 3695 3515 3764 mysterium
3547 3696 3636 3759 sit,

1985 3771 2184 3821 tamen
2216 3767 2550 3821 secundum
2581 3768 2837 3822 litteram
2865 3764 3175 3835 signiﬁcat,
3207 3765 3371 3835 quod
3403 3781 3507 3836 per
3540 3768 3644 3821 Da-

1984 3837 2084 3892 vid
2109 3837 2354 3909 stirpem
2385 3843 2810 3909 generarentur
2840 3853 3029 3909 reges,
3064 3847 3118 3896 et
3139 3837 3304 3909 quod
3325 3836 3646 3893 adorarent

1983 3924 2117 3965 eum
2147 3908 2357 3963 omnes
2387 3908 2593 3964 tribus.
2626 3913 2750 3966 Non
2784 3908 2942 3964 enim
2976 3910 3076 3976 ait,
3109 3908 3212 3967 ﬁlii
3244 3910 3448 3963 matris
3490 3913 3642 3975 tum;

1985 3979 2110 4053 sed,
2146 3979 2257 4053 ﬁlii
2282 3981 2459 4053 patris
2484 3982 2585 4036 tui.
2628 3984 2691 4037 Et
2718 3980 2883 4053 quod
2924 3984 3208 4053 sequitur,
3244 3979 3332 4035 Ad
3369 3980 3641 4053 praedam,

1981 4051 2070 4121 ﬁli
2108 4052 2205 4126 mi,
2232 4052 2546 4119 ascendisti,
2583 4051 2846 4126 ostendit
2877 4051 3050 4126 eum:
3074 4053 3346 4126 captivos
3390 4051 3642 4126 populos

1984 4138 2115 4178 esse
2161 4124 2513 4197 ducturum,
2552 4129 2633 4197 et_
2644 4124 2821 4197 juxta
2874 4123 3324 4196 intelligentiam
3358 4124 3644 4197 sacratio-

1984 4209 2107 4267 rem
2136 4194 2476 4250 ascendisse
2502 4195 2560 4250 in
2584 4194 2793 4262 altum,
2823 4200 2878 4251 et
2901 4194 3205 4267 captivam
3228 4196 3470 4267 duxisse
3505 4210 3643 4265 cap-

1982 4264 2139 4338 tivita
2154 4270 2291 4320 tem.
2326 4267 2481 4332 Sive,
2515 4267 2681 4338 quod
2713 4267 2925 4322 melius
2958 4264 3124 4338 puto,
3157 4266 3473 4338 captivitas
3504 4264 3642 4338 pas-

1983 4337 2234 4401 sionem,
2286 4335 2572 4393 ascensus
2622 4335 3120 4393 resurrectionem
3169 4335 3486 4406 signiﬁcat.
3542 4335 3641 4389 Al-

1985 4408 2164 4478 ligans
2199 4408 2270 4463 ad
2316 4411 2536 4464 vineam
2569 4409 2779 4479 pullum
2812 4425 2993 4477 suum,
3034 4415 3084 4463 et
3122 4409 3192 4463 ad
3230 4410 3389 4462 vitem
3426 4406 3642 4463 asinam

1980 4495 2151 4551 suam.
2191 4481 2361 4545 Quod
2404 4478 2669 4535 videlicet
2708 4478 2939 4551 pullum
2982 4480 3185 4551 asinae,
3231 4479 3327 4534 cui
3370 4493 3645 4551 superse-

1982 4550 2254 4606 ditJesus
2276 4552 2454 4621 (Joan.
2483 4566 2578 4619 xu,
2608 4547 2724 4618 tt),
2739 4550 2853 4605 hoc
2870 4554 2955 4605 est
2978 4550 3291 4606 Gentilium
3328 4547 3641 4621 populum,

1984 4621 2170 4677 vineae
2212 4619 2654 4694 Apostolorum,
2696 4621 2799 4694 qui
2837 4636 2908 4677 ex
2938 4621 3163 4694 Iudaeis
3196 4619 3645 4694 sunt,_copula-

1981 4694 2175 4761 verit;
2209 4690 2279 4748 et'
2304 4693 2382 4747 ad
2428 4693 2625 4757 vitem,
2662 4690 2806 4757 sive,
2854 4697 2917 4747 ut
2959 4692 3018 4746 in
3060 4691 3312 4748 Hebraeo
3360 4690 3639 4755 habetur,

1982 4764 2186 4820 Soreth
2212 4765 2309 4832 (a),
2340 4763 2397 4818 id
2420 4770 2507 4819 est
2532 4763 2780 4819 electam
2800 4763 2997 4829 vitem,
3028 4762 3361 4833 alligaverit
3385 4763 3516 4818 asin
3542 4777 3641 4817 am

1982 4836 2074 4890 cui
2103 4835 2454 4905 supersedit,
2480 4834 2739 4891 Ecclesia
2769 4851 2838 4889 ex
2870 4835 3214 4891 nationibus
3254 4839 3639 4904 congregata.

1984 4906 2154 4971 Quod
2184 4911 2384 4963 autem
2410 4908 2568 4971 dicit,
2595 4906 2719 4961 Fili
2742 4907 2839 4972 mi,
2867 4906 3318 4963 conversionem
3344 4907 3417 4962 ad
3451 4905 3645 4963 Chris-

1983 4982 2113 5051 tum
2160 4977 2235 5034 de
2282 4978 2411 5051 ipso
2456 4978 2871 5051 Juda_facit},
2921 4994 2991 5033 eo
3040 4979 3206 5051 quod
3278 4978 3546 5034 Christus
3570 4977 3643 5031 sit

1984 5050 2263 5105 universa
2299 5049 2587 5106 facturus.
2632 5049 2828 5117 [Quod
2868 5049 3074 5106 autem
3107 5050 3337 5117 dicitur,
3376 5051 3501 5105 Non
3540 5063 3645 5102 au-

1982 5121 2197 5193 feretur
2223 5129 2495 5192 sceptrum
2531 5121 2593 5177 de
2620 5118 2789 5185 Juda,
2824 5128 2877 5176 et
2914 5122 3027 5177 duo:
3062 5121 3124 5177 de
3163 5120 3457 5193 femoribus
3503 5118 3640 5187 ejus,

1982 5192 2149 5275 donec
2171 5194 2359 5275 veniat
2390 5192 2478 5247 ille
2506 5194 2602 5263 qui
2624 5193 2915 5249 mittendus
2938 5200 3016 5249 est
3040 5201 3127 5275 ρει
3144 5194 3269 5317 ἔρσα
3292 5192 3400 5246 erit
3437 5205 3643 5259 exspec-

1987 5269 2121 5317 tatio
2143 5271 2383 5317 centium
2413 5264 2568 5317 (Gen.
2602 5280 2753 5317 χιιι.
2794 5266 2939 5317 8-H)
2965 5281 2977 5317 :
3004 5280 3155 5317 sum!
3201 5267 3295 5317 cat
3322 5261 3481 5317 quod
3515 5274 3639 5315 non

1987 5265 2121 5317 tatio
2142 5265 2383 5334 gentium
2413 5261 2568 5329 (Gen.
2602 5280 2753 5327 xux,
2794 5266 2939 5335 8-H)
2965 5281 2977 5318 :
3004 5261 3295 5335 signiﬁcat
3322 5261 3481 5335 quod
3515 5274 3639 5315 non

1985 5332 2306 5390 deﬁcerent
2336 5336 2633 5405 principes
2665 5336 2739 5389 de
2774 5332 2930 5389 tribu
2969 5335 3000 5387 J
3009 5332 3122 5390 uda
3157 5332 3357 5404 usque
3391 5332 3471 5388 ad
3497 5337 3641 5387 tem-

1986 5422 2119 5477 pus,
2156 5421 2277 5477 quo
2319 5404 2495 5462 natus
2535 5404 2624 5461 est
2670 5404 2953 5471 Christus,
2996 5406 3098 5476 qui
3132 5405 3355 5461 missus
3384 5419 3422 5460 a
3472 5405 3639 5460 Patre

1996 5636 2008 5647 C
2039 5573 2135 5622 Ms.
2163 5572 2317 5647 (ιρι-Ι).
2342 5587 2354 5622 :
2382 5573 2525 5647 Quod
2557 5578 2723 5644 autem
2751 5572 2889 5633 dicit,
2926 5571 3032 5623 Fili
3073 5573 3163 5632 mi,
3200 5574 3545 5639 apostrophen
3572 5574 3641 5625 ad

1987 5636 2582 5764 'piiﬁiédiii‘riii'iic
2612 5699 2756 5751 enim
2781 5698 2905 5752 vitis
2922 5698 3167 5752 hebraice
3189 5700 3509 5766 appellatur.
