4120 6202
1823 134 2193 197 ELENCHUS
2234 131 2737 203 QUESTIONUM.
3798 126 3904 186 “2208

1761 351 2805 474 ADMONITIO

1139 548 1217 605 IN
1265 546 1554 606 LIBRUM
1605 543 2123 615 QUESTIONUM
2175 539 2501 599 VETERIS
2545 539 2639 596 ET
2684 538 2875 597 NOVI
2919 534 3418 596 TESTAMENTI.

577 263 1761 303 Μ

1717 683 2874 720 W

651 823 770 879 Hoc
796 837 950 893 opus
972 820 1300 890 Augustino
1331 821 1681 891 abjudicant
1713 819 1929 876 eruditi
1957 819 2200 891 quique.
2217 821 2331 874 Nec
2352 817 2570 888 injuria
2593 814 3272 888 sane,quandoquidem
3294 827 3385 870 res
3413 813 3677 885 ratioque
3702 812 3916 878 docendi,

579 917 642 967 ut
672 911 746 967 de
774 911 885 966 stili
916 910 1197 966 distantia
1221 910 1366 965 nihil
1397 911 1694 974 dicamus,
1726 909 1935 980 procul
1966 908 2246 964 abhorret
2273 923 2309 964 a
2339 909 2393 963 S.
2432 906 2694 962 Doctoris
2727 906 2966 972 ingenio
2998 911 3054 961 et
3083 903 3220 960 ﬁde.
3256 904 3319 957 In
3348 901 3670 974 quaestione
3707 903 3918 958 secunda

576 1000 790 1056 dicitur
823 1001 993 1065 Deus,
1031 1003 1092 1054 ut
1113 999 1335 1054 diaboli
1360 999 1887 1071 praesumptionem
1919 1014 2038 1054 non
2063 1001 2354 1069 potestate
2379 995 2484 1051 sed
2506 995 2733 1051 ratione
2759 994 3105 1058 destrueret,
3140 993 3449 1049 materiam
3473 991 3804 1058 condidisse,
3821 1009 3918 1065 qua

577 1094 738 1146 esset
765 1105 965 1145 rerum
995 1088 1286 1153 confusio,
1322 1105 1390 1143 ex
1413 1105 1534 1160 qua
1566 1089 1777 1144 faceret
1807 1088 2127 1143 mundum.
2156 1089 2218 1141 ln
2253 1087 2318 1152 Q.
2352 1085 2588 1141 decima
2615 1085 2782 1141 tertia
2814 1083 3070 1140 infantes
3096 1082 3199 1155 qui
3225 1082 3285 1137 in
3314 1080 3587 1138 Sodomis
3615 1096 3736 1135 cum
3759 1097 3916 1151 paren-

576 1179 734 1236 tibus
760 1179 1080 1250 perierunt,
1109 1194 1146 1233 a
1175 1179 1448 1245 gehenna
1478 1177 1697 1233 liberos
1725 1193 1873 1241 esse,
1893 1176 2039 1246 quia
2058 1177 2118 1231 in
2145 1175 2340 1231 aliena
2361 1191 2544 1230 causa
2565 1174 2746 1230 occisi
2767 1179 2926 1239 sunt,
2951 1171 3223 1229 absolute
3245 1169 3677 1244 pronuntiatur.
3699 1172 3807 1235 Quo
3823 1168 3917 1226 loco

577 1268 987 1334 Quaestionum
1013 1271 1239 1333 auctor,
1264 1267 1538 1337 quisquis
1572 1272 1675 1330 est,
1701 1265 1995 1334 originale
2025 1269 2340 1336 peccatum
2384 1263 2629 1318 inﬁciari
2657 1263 2966 1319 videbatur
2996 1261 3368 1316 Bellarmino.
3399 1261 3468 1314 Et
3493 1274 3689 1314 revera
3717 1258 3784 1314 ad
3805 1259 3920 1314 hanc

573 1359 773 1429 ipsam
794 1356 1185 1428 quaestionem
1203 1355 1574 1426 respondens
1595 1355 1873 1410 Alcuinus
1902 1355 1958 1409 in
1989 1369 2166 1425 opere
2191 1352 2674 1425 superGenesim,
2697 1353 2973 1423 interrog.
2996 1352 3120 1416 103,
3147 1365 3283 1405 cum
3307 1347 3572 1421 alioquin
3596 1348 3802 1412 iisdem,
3822 1363 3920 1419 quae

578 1447 672 1503 hic
701 1446 996 1517 leguntur,
1025 1443 1222 1499 verbis
1255 1460 1395 1498 usus
1425 1444 1616 1511 fuerit,
1674 1460 2062 1516 nequaquam
2095 1448 2293 1500 tamen
2321 1441 2628 1512 originalis
2672 1443 2897 1513 peccati
2927 1446 3158 1497 reatum
3191 1436 3588 1494 dissimulavit
3614 1454 3626 1493 :
3655 1439 3826 1501 Nonne,
3846 1436 3918 1503 ait,

578 1535 855 1605 provisum
871 1542 943 1589 est
972 1534 1104 1596 illis,
1132 1550 1194 1587 ne
1211 1533 1307 1588 diu
1329 1535 1561 1588 viventes
1593 1535 2200 1605 exemplumque—rentur
2222 1538 2475 1603 patrum;
2502 1539 2551 1586 et
2574 1537 2631 1587 ut
2659 1531 2830 1587 levius
2861 1531 2921 1585 in
2944 1532 3134 1603 futuro
3153 1530 3492 1596 crucientur,
3520 1527 3598 1583 vel
3619 1527 3808 1582 omnino
3827 1543 3920 1589 non,

573 1623 762 1679 aliena
781 1639 944 1676 causa
962 1623 1121 1677 occisi
1132 1622 1158 1676 i’
1185 1627 1246 1677 ln
1276 1624 1341 1687 Q.
1377 1623 1666 1693 vigesima
1698 1623 1910 1693 prima,
1941 1628 1997 1677 et
2021 1621 2491 1693 quadragesima
2519 1622 2750 1692 quinta,
2787 1620 3088 1676 contendit
3109 1624 3338 1684 auctor,
3371 1618 3673 1674 mulierem
3693 1632 3800 1672 non
3823 1630 3923 1671 esse

582 1718 843 1768 creatam
868 1711 943 1766 ad
974 1711 1296 1780 imaginem
1338 1712 1472 1767 Dei:
1507 1718 1715 1768 contra
1743 1728 1930 1783 quam
1953 1711 2127 1767 docet
2158 1711 2523 1782 Augustinus
2551 1712 2611 1766 in
2642 1710 2744 1767 lib.
2770 1714 2798 1766 3
2831 1711 2904 1766 de
2933 1709 3139 1766 Genesi
3170 1709 3248 1765 ad
3279 1708 3411 1776 litt.,
3445 1723 3575 1780 cap.
3607 1710 3688 1761 2'2.
3720 1709 3774 1761 ln
3793 1706 3843 1770 Ο.
3865 1705 3923 1759 vi-

578 1801 807 1872 gesima
833 1801 1001 1856 tertia
1030 1816 1148 1856 non
1174 1800 1397 1872 patitur
1422 1801 1759 1873 quidquam
1777 1801 2160 1864 difﬁcultatis,
2197 1805 2258 1856 ut
2280 1800 2664 1870 Augustinus,
2687 1799 2846 1856 circa
2862 1801 3153 1870 originem
3179 1798 3421 1854 animae.
3451 1799 3517 1864 Q.
3547 1795 3809 1866 vigesima
3829 1809 3923 1865 sep-

577 1890 723 1946 tima
754 1905 874 1945 non
907 1890 1294 1946 Samuelema
1325 1891 1675 1962 pythonissa
1691 1892 2032 1960 excitatum,
2063 1889 2169 1946 sed
2190 1890 2320 1961 ejus
2348 1894 2650 1961 spectrum
2682 1889 2806 1946 sive
2836 1888 3148 1946 diabolum
3173 1887 3330 1945 Saftli
3349 1885 3695 1960 apparuisse
3718 1884 3788 1939 sic
3807 1898 3925 1938 asse-

573 1979 669 2048 rit,
692 1984 755 2035 ut
784 1979 996 2034 falsam
1027 1985 1083 2033 et
1103 1979 1427 2034 absurdam
1465 1995 1597 2034 esse
1620 1981 1753 2034 velit
1786 1981 1965 2036 aliam
1994 1980 2336 2052 opinionem
2367 1996 2379 2034 :
2415 1995 2600 2050 quam
2627 1984 2822 2034 tamen
2845 1979 3090 2051 pulchre
3112 1992 3446 2047 congruere
3468 1973 3647 2031 sacris
3669 1972 3921 2044 Scripturis

577 2069 841 2126 ostendit
870 2069 1237 2137 Augustinus
1264 2068 1321 2123 in
1349 2069 1450 2124 lib.
1483 2073 1515 2123 2
1547 2070 1762 2135 Quaest.
1792 2071 1867 2128 ad
1899 2071 2369 2141 Simplicianum.
2404 2069 2470 2137 Q.
2504 2070 2970 2143 quadragesima
2992 2069 3187 2140 prima
3217 2068 3367 2124 illud
3401 2070 3705 2133 Geneseos,
3728 2064 3924 2135 Spiritus

576 2159 801 2214 Domini
825 2160 1108 2231 ferebatur
1132 2176 1290 2230 super
1315 2176 1499 2230 aquas,
1522 2165 1750 2232 pugnat
1773 2177 1844 2215 ne
1863 2161 2227 2231 intelligatur
2245 2161 2317 2216 de
2343 2161 2555 2232 Spiritu
2583 2165 2808 2225 sancto,
2839 2160 2910 2214 de
2937 2175 3058 2231 quo
3091 2158 3324 2230 passim
3352 2158 3432 2214 ab
3459 2155 3768 2227 Augustino
3786 2153 3923 2224 expli-

569 2253 757 2304 catur.
792 2250 857 2314 Q.
891 2249 1353 2320 quadragesima
1388 2250 1555 2305 tertia
1599 2251 1981 2306 vehementer
2010 2250 2315 2321 improbat
2365 2257 2566 2306 votum
2608 2249 2836 2321 Jephte,
2894 2264 3077 2320 quem
3104 2247 3516 2303 facinorosum
3548 2244 3801 2317 appellat,
3827 2240 3920 2296 nul-

574 2337 820 2408 lumque
845 2336 1087 2407 justitiaa
1120 2338 1524 2393 testimonium
1553 2338 1774 2394 habere
1805 2339 1965 2406 dicit,
1995 2355 2133 2394 cum
2173 2339 2222 2394 is
2249 2344 2449 2396 tamen
2479 2339 2630 2394 inter
2695 2339 2957 2408 insignes
2997 2339 3156 2393 viros
3205 2336 3488 2393 laudetur
3535 2335 3594 2390 in
3624 2331 3846 2406 Epistola
3867 2326 3918 2383 ad

571 2426 769 2490 Hebr.,
793 2442 926 2498 cap.
963 2431 1042 2481 11.
1068 2427 1128 2480 In
1152 2428 1214 2491 Q.
1235 2427 1702 2498 quadragesima
1728 2433 1893 2484 sexta
1911 2432 2052 2483 nota
2074 2428 2423 2498 ignorantiae
2452 2434 2553 2484 aut
2576 2427 2830 2483 stultitim
2853 2426 3217 2482 condemnat
3244 2442 3374 2490 eos,
3399 2425 3502 2498 qui
3520 2423 3714 2479 dicunt
3736 2423 3924 2477 Samue-

571 2515 688 2570 lem
721 2515 991 2571 functum
1017 2515 1212 2571 ofﬁcio
1241 2517 1582 2582 sacerdotis,
1620 2517 1783 2588 quod
1812 2518 1936 2588 ipse
1962 2533 2099 2572 cum
2131 2517 2260 2573 aliis
2290 2518 2559 2588 plurimis
2590 2518 2762 2572 sentit
2806 2517 3177 2586 Augustinus
3207 2516 3266 2571 in
3293 2514 3402 2571 lib.
3438 2519 3496 2571 t7
3529 2514 3599 2570 de
3635 2511 3789 2568 Civit.
3830 2506 3921 2570 Dei,

569 2619 701 2675 cap.
735 2608 787 2660 4.
826 2607 887 2658 ln
917 2606 980 2669 Q.
1013 2605 1476 2676 quadragesima
1505 2610 1718 2662 octava
1747 2607 1820 2660 de
1851 2606 1987 2660 Filio
2008 2607 2106 2660 Dei
2134 2606 2395 2678 loquitur
2424 2622 2590 2662 more
2623 2606 3001 2661 Arianorum.
3027 2606 3092 2670 Q.
3128 2604 3637 2677 quinquagesima
3658 2606 3802 2656 sexta
3822 2594 3923 2652 dicit

573 2693 870 2749 immerito
897 2693 1263 2764 quibusdam
1294 2693 1473 2748 videri
1503 2694 1688 2765 (quod
1722 2700 1921 2748 tamen
1951 2696 2280 2764 Augustino
2310 2697 2488 2750 etiam
2525 2694 2722 2750 visum
2773 2695 2885 2766 est)
2917 2695 3141 2766 Joseph
3168 2710 3296 2750 esse
3329 2693 3528 2749 ﬁlium
3558 2691 3668 2748 Heli
3693 2695 3742 2745 et
3765 2683 3920 2745 Jacob,

577 2782 756 2838 unius
779 2783 1109 2837 secundum
1130 2787 1427 2844 naturam,
1456 2781 1697 2837 alterius
1723 2783 2056 2839 secundum
2080 2785 2315 2854 Legem.
2346 2786 2410 2850 Q.
2436 2785 2945 2856 quinquagesima
2972 2800 3134 2839 nona
3153 2783 3318 2856 quod
3347 2783 3515 2855 apud
3538 2784 3797 2838 Joannem
3816 2774 3924 2829 dixit

578 2872 887 2937 Dominus,
921 2871 1160 2942 Spiritus
1185 2871 1278 2926 ubi
1308 2871 1423 2926 vult
1451 2872 1645 2942 spirat,
1673 2872 1795 2928 vult
1817 2873 1888 2928 de
1911 2879 2079 2928 vento
2102 2874 2619 2944 interpretandum
2646 2891 2796 2938 esse,
2822 2890 2941 2930 non
2973 2873 3047 2929 de
3071 2873 3297 2946 Spiritu
3325 2879 3541 2929 sancto
3567 2885 3720 2926 :cum
3746 2872 3921 2934 Augus-

575 2959 736 3016 tinus
765 2960 932 3015 aliter
961 2959 1391 3031 interpretetur.
1429 2962 1492 3026 Q.
1515 2961 1838 3017 centesima
1853 2966 2065 3018 octava
2096 2962 2296 3017 multis
2323 2965 2606 3018 conviciis
2633 2965 2957 3019 insectatur
2979 2979 3101 3028 eos,
3127 2963 3230 3034 qui
3262 2963 3479 3018 volunt
3511 2961 3762 3016 Hebraeos
3777 2955 3920 3010 dictos

576 3049 655 3106 ab
696 3049 902 3114 Heber,
937 3065 1058 3103 non
1089 3051 1161 3104 ab
1194 3049 1496 3104 Abraham
1525 3056 1619 3104 :at
1643 3051 2008 3122 Augustinus
2035 3051 2094 3106 in
2121 3051 2225 3106 lib.
2247 3056 2279 3106 2
2310 3053 2584 3119 Retract.,
2619 3069 2753 3124 cap.
2783 3057 2864 3118 16,
2895 3058 2950 3107 et
2975 3052 3049 3107 de
3081 3051 3326 3107 Civitate
3352 3053 3455 3106 Dei
3482 3050 3579 3106 lib.
3607 3053 3685 3113 16,
3717 3061 3824 3116 cap.
3851 3045 3915 3098 11,

576 3153 711 3194 eam
741 3138 1005 3208 sequitur
1035 3140 1417 3195 sententiam.
1454 3140 1519 3205 Q.
1576 3140 1897 3195 centesima
1928 3156 2088 3196 nona
2124 3141 2414 3198 incumbit
2456 3146 2517 3197 ut
2549 3142 2798 3198 suadeat
2826 3140 3256 3196 Melchisedech
3289 3157 3414 3197 non
3448 3138 3734 3196 hominem
3755 3133 3910 3190 fuisse,

579 3227 684 3283 sed
714 3227 988 3298 Spiritum
1017 3232 1312 3292 sanctum,
1347 3227 1666 3299 ipsumque
1697 3229 1752 3282 in
1781 3228 2082 3284 oblatione
2106 3230 2213 3285 dici
2239 3247 2546 3287 summum
2572 3231 2941 3287 sacerdotem
2971 3231 3288 3302 improbat.
3321 3228 3715 3297 Q.centesima
3733 3220 3914 3278 decima

575 3316 786 3390 quinta
817 3316 956 3372 dicit
987 3316 1391 3372 Abrahamum
1426 3332 1563 3372 cum
1597 3322 1760 3387 patre
1786 3333 1895 3372 suo
1926 3318 2088 3374 idola
2118 3319 2370 3374 coluisse
2397 3335 2410 3374 :
2443 3325 2652 3377 contra
2681 3320 3137 3390 Augustinus,in
3170 3320 3270 3374 lib.
3313 3324 3377 3376 16
3399 3320 3473 3375 de
3499 3317 3655 3376 Civit.
3682 3313 3786 3376 Dei,
3813 3322 3911 3377 cap.

576 3407 661 3460 13.
697 3407 760 3460 In
794 3407 854 3470 Q.
890 3405 1215 3459 centesima
1244 3405 1479 3460 decima
1509 3411 1671 3460 sexta.
1699 3404 1790 3460 ille
1822 3407 2051 3477 pascha
2078 3425 2110 3462 a
2151 3409 2453 3479 passione,
2491 3410 2855 3478 Augustinus
2887 3424 3026 3465 vero
3059 3408 3137 3464 ab
3172 3409 3420 3465 hebraea
3467 3422 3603 3463 voce
3663 3399 3914 3459 transitum

576 3495 944 3566 signiﬁcante
967 3499 1167 3548 censet
1198 3493 1375 3548 fuisse
1395 3493 1784 3565 appellatum,
1818 3495 1877 3549 in
1911 3497 2088 3566 Epist.
2122 3497 2189 3553 53
2236 3498 2313 3553 ad
2353 3498 2726 3567 Januarium,
2779 3514 2838 3552 n.
2892 3501 2942 3552 2.
2973 3500 3258 3552 Praeterea
3292 3497 3669 3567 Pelagianam
3695 3483 3910 3547 haeresim

576 3585 935 3655 quaestiones
970 3583 1195 3654 aliquot
1225 3583 1510 3654 resipiunt
1539 3583 2687 3657 LovaniensumTheologorumjudicio,
2723 3586 2903 3641 veluti
2935 3579 3912 3659 Quaest.septuagesimanona,octo—

571 3673 824 3743 gesima,
850 3673 1218 3743 octogesima
1255 3672 1440 3737 tertia,
1475 3677 1580 3727 etc.
1618 3672 1937 3743 Perpaucee
1972 3674 2218 3730 demum
2251 3681 2405 3744 sunt,
2430 3692 2564 3748 quae
2596 3692 2715 3731 non
2753 3676 2956 3747 aliqua
2990 3692 3061 3731 ex
3089 3684 3255 3746 parte
3287 3658 3559 3747 pugnent
3586 3674 3643 3728 in
3668 3658 3913 3738 Augustini

571 3761 907 3816 doctrinam
942 3777 954 3824 ;
992 3767 1052 3816 ut
1091 3761 1465 3831 superﬂuum
1500 3763 1573 3816 sit
1615 3762 1705 3816 his
1733 3763 1974 3827 addere,
1999 3763 2160 3834 quod
2193 3764 2373 3834 hujus
2429 3765 2625 3835 operis
2651 3763 2862 3836 prolixi
2901 3764 3130 3819 nullam
3165 3767 3222 3820 S.
3259 3765 3475 3821 Doctor
3507 3761 3829 3818 mentionem
3847 3750 3913 3820 Ia-

575 3849 649 3902 cit
679 3848 737 3901 in
760 3849 924 3902 libris
960 3850 1485 3913 Retractationum,
1506 3867 1644 3906 cum
1671 3850 1785 3906 illic
1809 3852 2119 3921 diligenter
2145 3854 2551 3918 Quaestionum
2585 3853 2769 3909 libros
2801 3854 2948 3910 alios
2983 3857 3314 3909 recenseat.

650 3937 928 4007 Superest
943 3942 1006 3991 ut
1035 3938 1293 3992 examini
1321 3939 1667 4010 judicioque
1693 3940 2000 3996 Lectorum
2029 3941 2422 4012 subjiciamus
2437 3943 2784 4016 opinionem
2811 3943 3062 3998 eruditis
3083 3942 3262 3999 hodie
3285 3937 3734 4016 quamplurimis
3749 3929 3911 4005 proba-

577 4027 722 4089 tam,
759 4040 896 4095 quae
919 4024 1094 4079 hasce
1122 4027 1488 4090 Quaestiones
1503 4026 1696 4081 eidem
1729 4030 1980 4094 auctori,
2015 4031 2108 4085 cui
2140 4033 2612 4088 Commentarios
2644 4032 2703 4088 in
2719 4032 3075 4103 Apostolum
3105 4032 3411 4088 Ambrosii
3439 4031 3671 4087 nomine
3699 4021 3913 4089 vulgatos

578 4113 860 4171 attribuit.
893 4113 1124 4185 Quippe
1154 4113 1380 4169 collatis
1403 4115 1480 4169 ad
1511 4115 1762 4171 invicem
1797 4119 2059 4190 utrisque
2092 4120 2396 4190 operibus,
2426 4122 2644 4176 scilicet
2671 4123 2889 4187 Quaest.
2924 4122 3442 4194 vigesimaquarta
3468 4121 3542 4176 ad
3573 4104 3912 4174 Commentin

579 4205 601 4259 Ι
634 4205 762 4259 Cor.
792 4209 872 4273 H,
904 4202 966 4264 Ψ.
998 4209 1065 4268 5;
1101 4204 1317 4268 Quaest.
1344 4206 1783 4275 septuagesima
1822 4212 2034 4279 quarta
2066 4210 2142 4265 ad
2180 4211 2206 4264 C

2282 4211 2587 4266 nment.in
2623 4211 2668 4266 ll
2692 4212 2818 4266 Cor.
2853 4215 2904 4277 5,
2929 4210 2989 4271 ἵ.
3024 4215 3109 4276 21,
3135 4211 3264 4265 etin
3281 4211 3410 4267 Gal.
3443 4214 3496 4274 3,
3526 4207 3585 4268 ᾖ.
3619 4207 3673 4259 13
3707 4194 3909 4270 ;Ουωει.

581 4294 904 4350 centesima
935 4294 1200 4350 secunda
1230 4293 1303 4349 ad
1335 4296 1663 4352 Comment.
1696 4297 1755 4351 in
1789 4297 1831 4350 II
1860 4296 2111 4354 Timoth.
2132 4300 2183 4368 2,
2216 4300 2278 4361 V.
2312 4305 2378 4356 20
2410 4317 2423 4367 ;
2452 4301 2665 4366 Quaest.
2710 4303 3034 4356 centesima
3065 4305 3279 4356 octava
3309 4300 3391 4356 ad
3422 4298 3729 4356 Comment.
3755 4290 3804 4345 in
3825 4280 3912 4339 Phi-

578 4383 728 4457 lipp.
759 4388 809 4450 3,
853 4383 914 4444 il.
945 4389 973 4440 5
1003 4402 1016 4454 ;
1052 4386 1269 4449 Quaest.
1298 4383 1624 4441 centesima
1661 4385 1894 4441 decima
1937 4387 2107 4442 tertia
2165 4389 2242 4444 ad
2295 4391 2616 4445 Comment.
2664 4390 2723 4445 in
2758 4391 2973 4461 Ephes.
3011 4394 3061 4455 3,
3088 4389 3149 4451 it.
3196 4391 3279 4455 10,
3331 4393 3464 4454 etc.,
3506 4378 3848 4442 concordiam
3871 4372 3914 4423 in

579 4474 777 4541 rebus,
809 4473 869 4528 in
895 4475 1223 4543 sententiis,
1253 4475 1310 4529 in
1337 4473 1534 4530 verbis
1567 4474 1744 4531 etiam
1768 4475 1930 4546 ipsis,
1967 4491 2153 4547 quam
2187 4479 2513 4534 maximam
2542 4479 3085 4551 deprehenderunt.
3120 4479 3207 4534 Ad
3229 4479 3360 4534 haec
3383 4483 3690 4546 utrumque
3710 4472 3913 4538 opuseo‘

579 4562 714 4618 dem
743 4562 860 4618 fere
887 4569 1152 4636 tempore
1177 4564 1513 4620 confectum
1545 4569 1755 4636 putant
1773 4582 1784 4620 :
1802 4564 2278 4623 Commentarios
2299 4569 2546 4641 quidem
2569 4585 2706 4624 cum
2720 4570 3012 4624 Damasus
3038 4568 3216 4638 Papa,
3237 4567 3343 4640 qui
3375 4566 3486 4622 sub
3514 4562 3647 4620 anni
3668 4560 3758 4615 384
3777 4554 3911 4607 tinem

583 4652 748 4716 obiit,
779 4655 1109 4708 Romanam
1146 4654 1465 4709 Ecclesiam
1492 4660 1737 4724 regeret,
1775 4656 1853 4711 uti
1883 4656 2232 4713 eorumdem
2267 4663 2472 4714 auctor
2523 4662 2768 4714 testatur
2811 4657 2919 4713 inl
2967 4657 3261 4713 Thimoth.
3287 4657 3342 4727 3,
3383 4655 3444 4716 it.
3477 4655 3538 4710 15
3569 4669 3582 4719 ;
3618 4644 3913 4716 Quaesticnes

580 4744 782 4797 autem
809 4756 967 4796 anno
999 4743 1224 4798 circiter
1254 4743 1358 4799 300
1395 4744 1470 4798 ab
1504 4743 1733 4798 excidio
1762 4746 2367 4816 Jerosolymitauo,ex
2400 4749 2618 4813 Quaest.
2651 4746 3119 4818 quadragesima
3149 4751 3370 4817 quarta
3395 4745 3680 4800 Adversus
3710 4733 3912 4789 Judaeos,

583 4829 819 4886 tametsi
841 4845 961 4884 non
994 4845 1171 4886 nemo
1193 4831 1263 4886 sit
1292 4835 1395 4903 qui
1421 4832 1580 4886 hunc
1609 4848 1836 4887 annum
1871 4834 1946 4888 ab
1995 4835 2252 4891 adventu
2296 4835 2509 4891 Christi
2540 4836 2844 4891 numerari
2900 4835 3230 4891 arbitretur.
3277 4835 3554 4889 Jamvero
3603 4821 3914 4884 Commenta-

582 4918 805 4976 riorum
839 4919 1086 4988 scriptor
1112 4921 1370 4974 creditur
1395 4920 1739 4987 designatus
1765 4921 1841 4975 ab
1874 4924 2207 4991 Augustino
2228 4924 2286 4980 in
2326 4924 2426 4979 lib.
2474 4928 2524 4989 4,
2556 4925 2632 4980 ad
2667 4924 3062 4992 Bonifacium,
3098 4940 3230 4996 cap.
3264 4927 3318 4995 4,
3365 4922 3467 4978 ubi
3509 4916 3698 4975 Hilarii
3727 4906 3912 4967 uomit!e

585 5008 941 5065 sententiam
974 5007 1214 5078 profert,
1238 5023 1370 5078 quae
1399 5008 1474 5062 ad
1490 5009 1735 5064 verbum
1767 5012 1822 5064 in
1856 5010 2069 5066 iisdem
2100 5013 2552 5068 Commentariis
2568 5017 2884 5086 sup.Rom.
2921 5019 2970 5079 5,
3006 5014 3066 5073 ὴν.
3103 5001 3911 5086 12,continetur:porroaut-81n

585 5114 722 5154 cum
755 5097 832 5154 ab
863 5096 1060 5153 Hilarii
1092 5097 1356 5168 episcopi
1390 5096 1749 5152 Pictavensis
1764 5099 1893 5155 stilo
1925 5100 2263 5157 etdoctrina
2279 5102 2604 5172 plurimum
2631 5082 2963 5158 dissideant
2987 5103 3175 5158 iidem
3206 5096 3642 5161 Commentarii,
3669 5104 3772 5147 non
3798 5082 3910 5138 alius

584 5204 712 5244 esse
744 5187 1157 5243 existimantur
1185 5201 1368 5258 quam
1413 5185 1611 5241 Hilarii
1642 5187 1901 5253 diaconi,
1926 5190 2306 5261 quiDamaso
2343 5191 2617 5246 Pontitice
2651 5192 2869 5262 pariter
2899 5191 3158 5256 vivebat,
3192 5191 3346 5246 illius
3380 5186 3649 5243 nimirum
3677 5177 3766 5251 qui
3792 5173 3910 5262 secta

583 5277 1009 5341 Luciferianus,
1044 5276 1234 5348 patria
1265 5276 1488 5331 Sardus
1517 5276 1748 5332 dicitur.
1785 5279 1882 5333 Hic
1915 5295 2043 5344 nos,
2065 5283 2129 5333 ut
2149 5279 2220 5334 de
2252 5257 2827 5335 Commentariorum
2861 5285 3102 5336 auctore
3132 5281 3276 5335 nihil
3305 5276 3752 5350 pronuntiemus,
3779 5257 3911 5350 jlrli'at

583 5367 644 5422 in
678 5367 980 5438 subjectas
1023 5365 1390 5430 Quaestiones
1413 5365 1748 5430 observare,
1786 5369 2331 5438 manuscriptorum
2363 5369 2637 5425 codicum
2669 5386 2802 5425 eam
2829 5386 2865 5426 a
2891 5370 3068 5426 nobis
3101 5349 3536 5441 deprehensam
3569 5375 3688 5418 esse
3716 5349 3911 5441 variet?

588 5459 725 5519 tem,
759 5471 893 5526 quae
925 5455 1157 5513 efﬁcere
1191 5456 1394 5527 possit,
1438 5461 1498 5511 ut
1520 5455 1644 5526 jam
1686 5455 1931 5512 demum
1957 5463 2479 5531 revocetur,atque
2507 5457 2833 5514 invalescat
2865 5460 3068 5530 opinio
3092 5440 3317 5514 Erasmi
3342 5461 3397 5510 et
3422 5455 3680 5512 aliorum,
3706 5440 3910 5531 quivi"

587 5556 747 5596 mum
775 5544 1241 5614 suspicabantur
1271 5561 1393 5602 non
1425 5547 1600 5601 unius
1629 5542 2032 5600 hominisesse
2059 5542 2204 5598 illud
2237 5522 2649 5608 Quaestionum
2681 5522 2934 5616 opus,in
2965 5559 3088 5617 quo
3119 5542 3324 5599 eadem
3356 5555 3489 5612 qua:
3524 5535 3668 5591 dicta
3695 5528 3810 5617 sunt
3830 5522 3910 5617 ite-

596 5628 734 5696 rari,
773 5637 828 5684 et
855 5611 1175 5701 propositis
1202 5634 1376 5689 titulis
1403 5650 1642 5692 rursum
1666 5634 1901 5694 tractari
1929 5632 2205 5692 eamdem
2246 5632 2639 5705 quaestionem
2676 5651 2689 5701 ;
2720 5611 2841 5690 tum
2875 5611 3163 5690 dissimile
3194 5611 3425 5690 dicendi
3448 5639 3626 5701 genus
3645 5611 3903 5678 adhiberi;
