4120 6202
573 122 719 184 ωε

573 243 801 315 XXVIII.
851 242 1517 315 Quid__contradicendum
1569 245 1650 294 his
1694 246 1780 301 sit,
1816 246 1907 309 qui
1965 247 2231 297 mundum

702 311 960 357 internum
990 306 1191 355 dicunt.

573 369 759 420 XXIX.
792 369 965 433 Quare
995 373 1183 418 octavo
1215 369 1299 433 die
1329 370 1636 433 circumcidi
1667 368 1979 419 mandatum
2018 375 2113 421 est.

575 434 733 485 XXX.
773 433 831 498 In
876 432 1174 498 Proverbiis
1202 432 1291 489 ait,
1333 432 1509 498 Justus
1548 434 1630 481 sui
1666 439 1928 483 accusator
1956 439 2065 483 est:
2105 448 2234 498 quo-

644 494 1078 565 ____iiiodojustus,
1109 496 1428 565 si‘peccator
1457 497 1483 543 ει

576 556 756 607 XXXI.
793 560 873 605 An
908 570 1027 620 cum
1062 556 1281 605 muliere
1325 571 1543 620 serpens
1580 561 1771 620 natura
1795 557 2006 607 locutus
2049 559 2133 615 sit,
2162 571 2231 608 an

703 620 769 669 ab
802 622 925 669 actu
957 619 1131 667 dictus
1166 632 1386 681 serpens
1416 619 1483 667 an
1519 619 1781 669 diabolus.

577 683 781 733 XXXII.
808 681 1234 746 Legimusapud
1267 682 1625 746 Salomonem,
1647 683 1801 746 Dives
1830 688 1875 731 et
1913 697 2117 746 pauper
2150 683 2231 732 ob-

703 744 974 793 viaverunt
1022 744 1138 799 sibi.
1187 745 1303 806 fecit
1338 752 1505 792 autem
1549 745 1722 793 ambos
1770 744 1925 793 Deus.
1951 744 2230 803 Quomodo

702 820 827 916 ergo
860 820 966 854 non
1002 810 1082 855 est
1101 820 1451 869 personarum
1482 809 1719 870 acceptio
1751 808 1894 871 apud
1928 808 2117 861 Deum.

574 870 753 919 XXXII
785 906 795 917 .
825 868 1095 940 Salomon,
1133 871 1283 940 anni,
1319 871 1509 940 inquit,
1555 872 1836 940 impiarum
1886 871 2188 919 minuentur
2216 885 2233 919 :

700 946 821 995 cum
856 931 1132 995 videamus
1160 933 1351 995 impios
1381 931 1683 995 aliquantos
1710 933 2005 995 longuzvos.

576 994 798 1045 XXXIV.
834 995 992 1057 Apud
1012 994 1391 1057 iSalomo’nein,
1424 994 1552 1043 Deus
1586 994 1949 1043 mortem’non
1984 996 2101 1057 fecit
2133 1008 2149 1043 .'
2180 997 2231 1043 et

701 1057 804 1106 alio
830 1056 965 1112 loco,
1000 1056 1147 1104 Bona
1182 1062 1226 1105 et
1252 1059 1408 1111 mala,
1433 1059 1541 1106 vita
1573 1064 1618 1106 et
1650 1072 1786 1106 mors
1817 1073 1847 1105 a
1873 1056 2134 1105 Deo'sunt.

573 1120 774 1169 XXXV.
801 1120 915 1183 Qua
948 1121 1156 1183 ratione
1185 1120 1351 1168 David
1382 1121 1524 1175 Safil,
1556 1125 1841 1183 postquam
1890 1120 2029 1169 Deus
2072 1120 2138 1169 ab
2168 1133 2231 1169 eo

698 1182 933 1236 recessit,
962 1181 1218 1230 Christum
1257 1183 1465 1231 Domini
1496 1181 1664 1238 vocat,
1694 1181 1792 1231 etc.

574 1244 806 1293 XXXVI.
844 1246 893 1292 Si
931 1246 1111 1293 anima
1139 1259 1258 1307 quae
1294 1250 1479 1308 peccat
1524 1246 1641 1307 ipsa
1670 1245 1938 1299 morietur,
1988 1244 2117 1307 quid
2152 1247 2233 1292 est

702 1312 761 1355 ut
781 1309 834 1354 in
869 1320 1031 1356 causa
1060 1309 1267 1356 Cbarmi
1300 1308 1518 1368 triginta
1543 1309 1637 1355 viri
1665 1308 1823 1356 occisi
1858 1310 2007 1358 sunt.

575 1370 822 1418 XXXVII.
850 1369 982 1426 Quid
1002 1372 1079 1417 est
1094 1373 1152 1417 ut
1168 1370 1327 1417 missa
1350 1384 1492 1418 mors
1516 1370 1567 1417 in
1580 1370 1744 1419 Jacob
1765 1370 2032 1418 veneritin
2052 1368 2230 1418 Israel.

574 1432 844 1480 XXXVIII.
880 1433 932 1479 Si
966 1444 1135 1493 equus
1181 1435 1231 1479 et
1270 1432 1447 1479 mulus
1483 1446 1590 1481 non
1636 1432 1833 1481 habent
1880 1431 2228 1485 intellectum,

701 1498 903 1556 quanto
931 1496 1100 1553 magis
1134 1497 1273 1543 terra
1298 1494 1322 1542 ‘i
1350 1494 1478 1557 quid
1508 1508 1636 1557 ergo
1666 1499 1747 1544 est
1771 1498 1831 1544 ut
1856 1494 2067 1543 dicatur
2092 1498 2235 1543 terra

702 1556 1017 1603 benedicere
1044 1557 1355 1603 Dominum-

740 1569 1017 1603 eneaicere
1044 1569 1330 1605 UOIDIDUID
1344 1598 1355 1609 ,

576 1618 803 1668 XXXIX.
836 1618 967 1675 Quid
1002 1622 1081 1665 est
1108 1618 1250 1681 quod
1279 1618 1473 1681 legitur
1502 1619 1554 1666 in
1582 1618 1882 1675 Salomone,
1923 1618 2043 1679 Spes
2077 1622 2149 1667 est
2176 1618 2233 1666 in

700 1681 937 1729 tenebris.
969 1681 1155 1729 Melior
1174 1687 1245 1729 est
1271 1682 1411 1730 canis
1446 1682 1590 1729 vivus
1628 1683 1768 1730 leone
1798 1686 2022 1730 mortuo.

577 1742 677 1792 XL.
715 1743 850 1801 Quid
873 1747 956 1813 est
989 1743 1135 1813 quod
1167 1744 1292 1793 dicit
1317 1744 1595 1807 propheta,
1650 1745 1851 1793 Laetare
1874 1744 2080 1797 sterilis,
2125 1757 2234 1807 quia

700 1820 807 1853 non
838 1811 999 1865 paris,
1028 1811 1127 1853 etc.

579 1868 706 1917 XLI.
754 1870 835 1915 An
870 1869 1223 1932 spiritusrqui
1270 1882 1432 1932 super
1476 1882 1642 1932 aquas
1677 1869 1965 1925 ferebatur,
2001 1868 2230 1932 Spiritus

701 1934 919 1979 sanctus
953 1930 1299 1979 intelligatur.

574 1992 730 2046 XLII.
760 1994 863 2056 Cur
879 1994 1103 2055 angelus
1132 1992 1304 2056 Moysi
1340 1997 1392 2041 et
1421 1993 1473 2040 in
1501 1994 1623 2055 igne
1654 1995 1775 2042 etin
1801 1993 1933 2041 rubo
1963 1993 2228 2056 apparuit.

574 2056 751 2105 XLIII.
779 2057 805 2121 '_
825 2055 955 2104 Cum
985 2055 1253 2121 Abraham
1288 2055 1590 2121 prohibitus
1620 2056 1691 2121 sit
1727 2056 1895 2105 ﬁlium
1940 2069 2096 2121 suum
2128 2057 2231 2121 im:

700 2118 905 2182 uiolare
924 2133 935 2173 ;
954 2131 1051 2165 cur
1068 2118 1095 2167 J
1102 2132 1127 2167 e
1134 2120 1258 2181 plite
1269 2116 1432 2168 tiliam
1451 2118 1732 2169 immolare
1747 2130 1859 2169 non
1877 2117 2191 2182 prohibetur
2208 2116 2233 2164 ‘l

574 2179 730 2229 XLIV
745 2222 755 2235 ,
790 2182 805 2197 '
831 2179 1386 2231 Adversum'Judteos.

575 2243 733 2293 XLV.
770 2244 789 2262 ⁸
814 2243 1093 2301 Quomodo
1125 2244 1285 2293 homo
1312 2245 1380 2294 ad
1416 2244 1709 2307 imaginem
1742 2244 1832 2293 Dei
1860 2244 2031 2293 factus
2057 2242 2145 2299 sit,
2183 2245 2235 2291 et

700 2320 768 2371 an
804 2306 997 2371 mulier
1031 2321 1265 2371 quoque.

576 2368 791 2479 XLVI;
816 2369 1005 2479 Uctirum
1035 2368 1254 2420 Samuel
1291 2369 1452 2418 fuerit
1482 2369 1545 2419 de
1572 2369 1694 2418 ﬁliis
1733 2370 1929 2429 Aaron,
1966 2372 2019 2417 et
2050 2371 2232 2417 utrum

703 2445 727 2479 s
797 2445 853 2479 er
894 2445 970 2479 os.

703 2442 970 2480 SECCI‘GOS.

573 2493 795 2557 XLVII.‘
821 2494 893 2542 De
924 2494 1023 2541 hoc
1054 2493 1197 2556 quod
1245 2494 1301 2542 in
1355 2494 1493 2544 Isaia
1538 2494 1735 2556 legitur
1775 2510 1786 2541 :
1825 2493 1891 2541 Et
1943 2492 2227 2557 apprehen-

701 2555 819 2604 dent
842 2562 1028 2618 septem
1054 2555 1308 2611 mulieres,
1337 2560 1435 2605 etc.

1005 2670 1316 2715 QUBSTIONES
1334 2670 1365 2702 Ν
1372 2670 1457 2702 ονι
1484 2669 1780 2703 τεετυίεκτι
1787 2687 1799 2702 ο

575 2744 797 2793 XLVIII.
830 2746 967 2793 Deus
992 2744 1245 2807 perfectio
1276 2747 1355 2792 est
1388 2757 1398 2790 :
1430 2743 1557 2807 quid
1592 2758 1717 2807 ergo
1734 2757 1869 2808 opus
1894 2742 1995 2792 fuit
2023 2741 2228 2792 Christo

701 2811 761 2855 ut
794 2810 1125 2858 nasceretur.

577 2868 750 2917 XLIX.
782 2868 1141 2931 CurSalvator
1162 2867 1458 2931 baptizatus
1490 2869 1573 2917 sit.

574 2932 632 2980 L.
652 2932 703 2980 Si
730 2931 849 2980 ideo
871 2932 1113 2980 Salvator
1133 2930 1430 2992 baptizatus
1451 2936 1533 2980 est
1547 2934 1606 2980 ut
1620 2930 1864 2995 exemplo
1886 2933 2045 2988 esset,
2066 2944 2229 2994 quare

700 3008 809 3042 non
835 2995 908 3043 ita
937 2998 987 3042 et
1016 2995 1069 3041 in
1104 2994 1524 3043 circumcisione.
1782 2994 1789 2995 '
2193 3032 2201 3039 .

574 3056 939 3120 LLQuomodo
952 3055 1539 3119 intelligatur:Spiritus
1550 3061 1753 3105 sanctus
1765 3057 2085 3120 superveniet
2097 3056 2152 3103 in
2164 3060 2225 3104 te.

573 3119 677 3168 LII.
704 3121 755 3168 Si
781 3120 845 3168 de
873 3120 1069 3181 Spiritu
1100 3124 1285 3167 sancto
1316 3124 1475 3168 natus
1501 3124 1579 3169 est
1610 3119 1867 3176 Christus,
1903 3132 1999 3168 cur
2026 3119 2229 3168 dictum

698 3182 1101 3255 est,.Sapientia
1120 3183 1389 3292 cedi'lﬁcavil
1424 3183 1525 3231 sibi
1560 3183 1781 3230 domum.

698 3282 700 3291 .
728 3245 863 3292 Ouid
878 3248 1205 3292 estutviiica
1229 3245 1781 3292 end.ianuar.Salvatc

572 3244 700 3294 LIII.
728 3245 863 3304 Quid
878 3248 1131 3293 estutviii
1144 3244 1565 3307 calend.januar.
1579 3245 1989 3307 Salvatornatus
2003 3244 2226 3307 dicatur.

571 3307 705 3362 LIV.
743 3310 794 3357 Si
821 3322 888 3357 ex
910 3308 1112 3357 semine
1147 3307 1313 3357 David
1345 3306 1587 3357 Christus
1611 3307 1775 3355 Filius
1808 3308 1897 3355 Dei
1939 3306 2133 3368 factus,
2175 3306 2226 3353 id

694 3375 778 3421 est
819 3373 931 3434 jam
967 3376 1126 3420 natus
1159 3374 1255 3428 est,
1288 3384 1451 3433 quare
1503 3384 1627 3419 cum
1687 3371 1984 3433 baptizatur
2035 3368 2224 3418 audit:

697 3434 867 3483 Filius
899 3446 1036 3481 meus
1069 3438 1136 3481 est
1169 3438 1238 3489 tu,
1272 3448 1360 3495 ego
1384 3434 1532 3481 hodie
1560 3434 1713 3495 genui
1740 3439 1800 3480 te.

572 3496 675 3547 LV.
707 3497 843 3555 Quid
874 3510 1049 3546 causa:
1082 3496 1182 3544 fuit
1210 3500 1269 3544 ut.
1302 3493 1391 3542 viii
1419 3496 1517 3546 cal.
1562 3493 1717 3559 april.
1758 3493 1996 3557 cruciﬁgi
2022 3507 2077 3542 se
2114 3506 2229 3557 per-

618 3574 625 3581 ·
697 3563 929 3609 mitteret
960 3560 1241 3611 Dominus.

574 3623 705 3671 LVI-
739 3624 910 3671 Ouare
934 3624 986 3670 in
1015 3623 1241 3671 Mattbiei

697 3687 751 3733 in
786 3688 941 3739 Luca,
976 3685 1107 3739 Heli,
1134 3689 1232 3733 etc.

574 3748 728 3797 LVII.
770 3747 1015 3818 Quid‘est‘
1047 3750 1105 3794 ut
1127 3759 1250 3818 cum
1305 3746 1359 3793 in
1389 3745 1647 3818 Malachia
1688 3746 1946 3818 scriptum
1971 3744 2057 3818 sit,
2099 3742 2230 3816 .Eeee

699 3823 784 3870 ego
812 3810 955 3855 mitto
982 3808 1231 3879 Angelum
1262 3822 1429 3855 meum
1462 3823 1473 3865 ;
1510 3809 1719 3857 Marcus
1749 3808 1890 3880 dicat
1929 3809 1983 3856 in
2012 3808 2163 3856 Isaia.

574 3870 752 3919 LVIII.
776 3871 907 3939 ‘Qua
943 3874 1147 3939 ratione
1180 3874 1339 3931 negat
1384 3871 1617 3939 Joannes
1662 3871 1927 3939 Christum
1985 3884 2039 3918 se
2070 3882 2228 3919 nosse

698 3934 822 3981 ante
848 3934 1210 3994 baptismum,
1228 3944 1350 3979 cum
1375 3932 1566 3994 probet
1594 3938 1718 3981 ante
1750 3946 1871 3981 eum
1896 3946 2070 3981 nosse.
2190 3954 2194 3959 ·

570 3994 707 4044 LIX.
733 3994 780 4042 Si
804 3993 1331 4057 Baptismuscmleste
1350 3993 1664 4057 mysterium
1696 3998 1793 4050 est,
1826 4009 1921 4043 cur
1937 3994 2226 4045 Nicodemo

613 4074 622 4081 ·
696 4058 768 4106 ait
804 4058 1079 4112 Dominus,
1108 4056 1171 4104 Si
1198 4060 1467 4104 terrestria
1502 4057 1617 4104 dixi
1646 4057 1806 4112 vobis,
1839 4061 1944 4111 etc.

570 4121 673 4170 LX.
711 4121 762 4169 Si
792 4120 896 4169 Lex
922 4124 985 4184 et.
1015 4119 1287 4184 Propheta:-
1314 4134 1484 4184 usque
1510 4120 1577 4184 a‘d
1611 4118 1891 4175 Joannem,
1920 4134 2085 4184 quare
2115 4119 2227 4169 Sal-

693 4188 849 4233 vator
868 4182 935 4232 ad
967 4180 1269 4231 sacerdotes
1291 4180 1454 4230 mittit
1482 4180 1656 4230 offerri
1694 4180 1940 4231 munera.

567 4246 695 4295 LXI.
721 4246 857 4304 Quid
889 4248 969 4295 est
1002 4249 1061 4309 ut
1088 4244 1289 4309 Judaeis
1316 4245 1607 4309 discipulos
1651 4244 2029 4309 accusantibus
2053 4245 2230 4309 Domi-

690 4323 793 4358 nus
851 4308 1018 4357 David
1050 4308 1354 4371 exemplum
1384 4307 1663 4371 proferret,
1687 4322 1781 4372 per
1809 4307 1952 4371 quod
1981 4307 2231 4356 videntur

693 4372 851 4420 simul
869 4386 992 4421 cum
1018 4371 1181 4421 David
1218 4372 1291 4420 rei
1322 4373 1460 4421 ﬁeri.

566 4435 717 4484 LXII.
756 4434 890 4495 Quid
918 4439 994 4484 est
1046 4438 1104 4483 ut
1151 4435 1340 4484 occisis
1372 4434 1492 4484 ﬁliis
1530 4433 1646 4494 Liie,
1685 4432 1885 4483 Rachel
1932 4433 2070 4482 ﬁlios
2101 4446 2227 4481 suos

729 4499 945 4562 langore
977 4497 1207 4562 dicatur.

566 4558 738 4611 LXIII.
769 4558 882 4620 Qua
907 4562 1111 4610 ratione
1130 4560 1269 4622 Magi
1287 4574 1380 4623 per
1403 4559 1609 4609 stellam
1641 4558 1909 4609 Christum
1923 4571 2104 4623 regem
2138 4558 2227 4608 Ju-

692 4624 932 4672 dieorum
964 4628 1149 4671 natum
1184 4623 1576 4673 intellexerunt.

567 4686 739 4734 LXIV.
762 4686 1039 4743 Quomodo
1072 4686 1346 4749 probatur,
1378 4691 1499 4749 post
1521 4691 1623 4735 trcs
1640 4685 1837 4749 diesjet
1859 4688 2040 4735 noctes
2058 4697 2231 4734 resur-

694 4749 890 4797 rexisse
924 4749 1271 4798 Salvatorem.

573 4810 721 4859 LXV.
755 4810 806 4859 Si
829 4824 937 4859 uno
968 4824 1056 4860 ore
1087 4810 1438 4873 Evangelistie
1469 4810 1631 4859 locuti
1662 4812 1804 4865 sunt,
1832 4823 1927 4859 cur
1946 4813 2052 4858 tres
2082 4812 2232 4859 sexta

694 4874 842 4929 hora,
877 4877 930 4921 et
954 4874 1157 4922 Marcus
1190 4874 1345 4922 tertia
1364 4873 1555 4922 dixerit
1585 4886 1805 4935 passum
1832 4873 2135 4921 Dominum.

566 4937 741 4987 LXVI.
767 4937 974 4986 Marcus
987 4936 1252 4999 daemonia
1265 4935 1721 4999 dixitcognovisse
1740 4936 2045 4991 Dominum,
2065 4936 2229 4998 Apos-

691 5000 830 5050 tolus
847 5012 988 5057 vero,
1009 4998 1071 5047 Si
1096 4998 1491 5054 intellexissent,
1507 4999 1597 5055 ait,
1613 5000 1712 5047 etc.

564 5062 761 5114 LXVII.
794 5061 1028 5123 Quid‘est
1046 5065 1103 5111 ut
1119 5063 1173 5109 in
1199 5074 1355 5110 cruce
1374 5060 1629 5109 Dominus
1655 5061 1813 5117 dicat,
1833 5062 2008 5116 Pater,
2030 5059 2231 5123 ignosce

692 5121 847 5177 ellis
870 5141 976 5175 non
1012 5126 1147 5175 enim
1177 5124 1363 5184 sciunt,
1398 5127 1496 5173 etc.
1520 5124 1572 5173 Si
1626 5126 1767 5173 enim
1797 5123 2062 5180 nesciunt,
2098 5121 2226 5187 quid

694 5191 1037 5255 ignoscitur?

571 5252 799 5326 LXVIII,
828 5252 1102 5326 Orandum
1129 5265 1229 5326 pro
1263 5316 1270 5324 .

693 5320 991 5367 occisorum
1020 5317 1274 5365 vindicari
1306 5328 1360 5364 se
1380 5317 1587 5378 petant.

568 5377 743 5432 LXIX.
764 5379 1395 5449 SipraadicauteJoa‘nne
1426 5379 1527 5449 Lex
1545 5376 1789 5449 cessavit,
1823 5374 2094 5449 quomodo
2110 5374 2225 5449 _Sal-

693 5439 861 5498 valor:
890 5442 1008 5491 Non
1061 5443 1193 5500 veni,
1228 5442 1317 5498 ait,
1368 5440 1565 5489 solvere
1597 5440 1772 5503 legem,
1813 5439 1899 5487 sed
1922 5439 2220 5503 adimplere.

565 5500 711 5550 LXX.
746 5506 762 5523 ‘
798 5506 1234 5575 Dominus_certe
1269 5504 1517 5575 inimicos
1555 5500 1661 5575 nos:
1696 5516 1811 5551 esse
1830 5503 1953 5575 _vult
1981 5500 2221 5574 diabolo;

692 5577 854 5673 quare
871 5580 1016 5629 ergo,
1050 5568 1193 5624 Esto,
1214 5569 1403 5631 inquit,
1437 5567 1750 5639 consentiens
1776 5565 2095 5614 adversario.

564 5624 698 5677 LXX
727 5662 738 5672 .
772 5626 938 5692 Jacob
961 5630 1258 5691 appellatus
1302 5634 1382 5677 est
1408 5630 1567 5679 homo
1601 5629 1787 5679 Videas
1818 5629 1986 5678 Deum
2026 5642 2039 5689 ;
2087 5640 2219 5692 quo-

691 5688 874 5751 modo,
900 5688 1063 5741 Deum
1086 5706 1232 5742 nemo
1264 5691 1392 5742 vidit
1416 5706 1677 5755 unquam.

739 3624 910 3683 Quare
934 3624 986 3670 in
1015 3623 1264 3671 Matthieo
1292 3624 1444 3685 pater
1469 3620 1668 3684 Joseph
1690 3619 1855 3670 Jacob
1883 3618 2150 3676 scribitur,
2179 3621 2231 3667 et

1173 5265 1229 5301 ro
1276 5250 1505 5300 inimicis
1536 5249 1806 5310 docemur,
1830 5262 1996 5314 quare
2033 5249 2227 5298 animm

1824 117 2192 179 ELENCHUS
2233 118 2747 191 QUESTIONUM.

3778 123 3882 186 illi

3569 258 3644 296 am
3666 245 3798 298 dedit.

2339 259 2421 301 δυ,
2464 259 2481 269 ν
2514 259 2649 305 uuia
2676 259 2949 296 contineat
2978 259 3278 294 οθυθαιοιιο
3305 259 3477 302 sacoo,
3502 259 3644 309 quam
3666 259 3798 298 dedit.

2339 312 2421 364 39.
2459 310 2563 359 Cur
2578 310 2803 373 angelus
2824 309 3004 373 Moysi
3035 311 3087 357 et
3112 308 3165 355 in
3195 308 3319 369 igne
3346 311 3403 373 et
3423 309 3472 357 in
3492 310 3845 373 ruboapparuit.

2337 374 2422 427 ιο,
2462 375 2481 395 ⁸
2514 374 2627 437 ῌοη
2656 369 2759 421 fuit
2780 369 2943 437 aliud
2958 372 3191 433 signum,
3220 370 3361 434 quod
3377 369 3548 420 ﬁereat
3588 369 3742 435 Mo'yse
3762 376 3891 437 palam

2525 435 2810 490 Pharaoni,
2846 435 2947 483 nisi
2977 446 3216 497 serpens.

2338 500 2421 553 41.
2462 501 2479 518 ⁸
2513 497 2650 557 Quid
2667 502 2748 547 est
2766 497 2910 560 quod
2928 500 2980 545 in
3005 494 3737 560 lis'almo,_Homines,iiiquit.et
3749 499 3893 560 jumen-

2526 556 2579 609 ta
2612 556 2977 623 salvos-facies.
3002 558 3080 623 ΔΕζ
3110 558 3180 623 ad
3236 556 3444 615 Jonam,
3489 556 3600 623 Non
3621 556 3810 623 parcam,
3832 564 3893 618 ait,

2524 622 2725 671 civitati
2755 621 2814 670 in
2848 636 2949 685 qua
2995 621 3232 685 habitant
3262 624 3453 668 centum
3482 621 3652 683 viginti
3673 622 3809 671 millia
3834 624 3890 672 Ιιο·

2524 686 2723 733 minum
2749 690 2793 733 et
2826 683 3010 746 pecora
3036 683 3217 738 multa,
3255 687 3353 732 etc.

2337 750 2421 801 42.
2464 750 2480 767 ⁸
2515 747 2564 797 Si
2583 747 2751 819 Adam
2765 743 2936 819 factus
2952 760 2983 795 a
3008 746 3115 796 Deo
3128 749 3175 795 et
3189 746 3454 795 animatus
3471 743 3701 809 Spiritum
3715 752 3896 796 sanctum

2336 874 2419 926 43.
2457 873 2509 922 Si
2524 810 2868 943 $333:ng
2902 874 3088 943 peccat
3134 870 3251 943 ipsa
3283 869 3687 942 morietur,_quid
3712 875 3777 943 est
3802 872 3896 920 utin

2539 886 2720 922 anima
2748 886 2868 981 quae
2902 886 3088 933 peccat
3134 886 3251 933 ipsa
3283 886 3543 925 morietur,
3571 886 3687 940 quia
3712 886 3767 918 esi

2524 948 2698 1006 causa
2721 936 2931 1006 Ciarmi
2970 934 3319 1006 trigintasex
3346 932 3438 1006 viri
3463 934 3611 981 occiSi
3633 935 3767 1006 sunt.

2336 999 2420 1051 44,
2462 997 2599 1057 Quid
2625 1000 2705 1047 est
2737 1001 2793 1045 ut
2819 997 2983 1045 missa
3013 993 3156 1044 mors
3192 996 3244 1043 in
3291 995 3451 1044 Jacob
3482 995 3667 1043 venerit
3698 995 3741 1043 in
3765 993 3895 1047 Israel,

2338 1062 2421 1114 45,
2462 1063 2480 1081 ⁸
2513 1060 2576 1107 In
2605 1060 2727 1115 sole,
2781 1060 2973 1130 inquit,
3009 1060 3180 1130 posuit
3226 1058 3600 1130 tabernaculum
3630 1057 3830 1128 suuiii,id
3848 1062 3900 1130 est

2526 1136 2721 1185 corpus
2746 1119 2904 1193 suum
2939 1122 2993 1169 in
3012 1119 3136 1184 quo
3159 1119 3415 1169 habitavit
3442 1119 3679 1175 Christus,
3710 1120 3784 1192 qui
3811 1132 3835 1167 a

2527 1185 2640 1254 lato
2665 1184 3088 1254 flagellisciesus
3118 1186 3200 1254 est
3225 1198 3234 1231 :
3267 1182 3533 1254 quomodo
3562 1196 3676 1245 ergo
3697 1182 3901 1254 dieituriii

2530 1244 2827 1296 Psalmo'de
2852 1246 3079 1302 Christo,
3111 1244 3405 1308 Flagellum
3428 1259 3528 1293 non
3548 1244 3903 1306 appmpinquabit

2528 1309 2859 1359 tabernaculo
2886 1314 2990 1357 tuo.

2338 1374 2421 1421 46.
2463 1375 2480 1392 ⁸
2511 1372 2613 1421 Cur
2646 1373 2815 1421 Adam
2843 1373 2895 1419 in
2942 1370 3144 1419 mundo
3176 1370 3381 1433 positus
3412 1368 3701 1433 mandatum
3743 1368 3905 1429 accepit.

2339 1436 2420 1484 47.
2464 1436 2480 1455 ⁸
2513 1435 2679 1483 Vetus
2717 1436 2817 1483 Lex
2851 1436 3015 1483 Deum
3059 1431 3748 1495 jura'sseallegat,Salvator
3773 1434 3905 1478 autem

2519 1497 2702 1560 jurare
2721 1497 2997 1560 prohibuit
3021 1510 3030 1543 :
3064 1494 3336 1559 quomodo
3363 1494 3468 1543 nea
3492 1494 3733 1543 destruxit
3760 1496 3907 1541 veteri.

2468 1561 2482 1577 '
2516 1562 2620 1609 Cur
2650 1561 2701 1607 in
2742 1561 2874 1622 Lege
2914 1560 3073 1622 etiam
3105 1558 3207 1621 ipsi
3246 1559 3421 1622 Aaron
3452 1558 3815 1622 dictumestut
3843 1568 3910 1622 pro

2527 1623 2756 1685 peccatis
2787 1616 2897 1669 suis
2924 1616 3237 1671 holocausta
3261 1619 3490 1674 offerret,
3511 1632 3625 1685 cum
3639 1618 3760 1685 dicat
3777 1616 3908 1669 David,

2528 1682 2629 1733 Pro
2652 1684 2847 1733 delictis
2876 1685 3223 1733 holocaustum
3253 1696 3362 1730 non
3394 1682 3663 1743 postulasti,
3690 1684 3774 1729 etc.

2339 1748 2422 1796 49.
2465 1748 2483 1766 ⁸
2517 1747 2622 1796 Cur
2662 1747 2911 1796 Salomon
2933 1746 3186 1810 Spiritum
3230 1742 3502 1810 sapientia:
3530 1744 3713 1798 habuit,
3736 1756 3834 1793 cum
3862 1742 3912 1789 vi-

2529 1814 2637 1859 tam
2667 1810 2926 1857 mundam
2957 1808 3064 1857 non
3095 1808 3298 1856 habuit.

2474 1876 2489 1890 '
2525 1872 2581 1920 In
2606 1872 2771 1921 Tobia
2794 1872 2959 1932 Opera
2975 1871 3067 1919 Dei
3089 1870 3316 1919 revelare
3332 1874 3382 1918 et
3402 1868 3619 1932 conﬁteri
3646 1866 3911 1932 honoriﬁcum

2524 1940 2598 2045 {eis}
2622 1950 2637 1983 :
2664 1928 2905 2006 Salvator
2955 1937 3136 1983 autem
3163 1947 3299 1997 Opus
3331 1932 3423 1982 Dei
3452 1928 3660 1993 faciens,
3685 1929 3822 1984 Nulli,
3845 1928 3910 1980 sit.

2560 2012 2733 2045 ureris.

2560 2012 2733 2045 ureris.

2340 2062 2427 2112 51.
2466 2064 2483 2081 ⁸
2519 2059 2716 2123 thuid
2744 2057 3078 2108 circumcisio
3099 2060 3153 2107 et
3180 2060 3449 2121 princepta
3479 2056 3599 2123 data
3620 2057 3731 2103 sunt
3750 2050 3912 2123 papula.

2526 2118 2647 2233 pug:
2675 2124 2822 2233 prius
2843 2134 2951 2171 non
2981 2124 3155 2176 erant,
3180 2118 3390 2183 'neque
3430 2133 3569 2169 nunc
3589 2119 3639 2167 in
3669 2118 3913 2165 auctoritate

2545 2199 2595 2233 ia
2636 2199 2700 2233 en
2729 2198 2809 2232 ur.

2545 2198 2809 2233 ianentur.

2337 2249 2419 2298 52.
2462 2247 2598 2307 Quid
2627 2251 2707 2295 est
2734 2250 2791 2295 ut
2813 2246 3022 2295 dicatur
3046 2249 3188 2294 terra
3220 2243 3533 2293 benedicere
3552 2241 3913 2307 Dominumretc.

2340 2313 2421 2361 53.
2465 2305 2705 2421 Qubidest
2717 2308 2877 2420 tquod
2902 2308 3099 2371 legitur
3120 2309 3173 2356 in
3200 2307 3501 2364 Salomone,
3534 2306 3652 2368 Spes
3675 2309 3736 2352 est
3762 2305 3806 2350 in
3823 2306 3915 2349 tene-

2564 2387 2656 2421 ris.
2687 2387 2713 2421 e
2739 2385 2784 2421 c.

2564 2373 2656 2427 ris,
2687 2375 2784 2421 etc.

2342 2437 2426 2490 54,
2466 2435 2525 2484 In
2560 2423 2845 2497 Sapientia,
2881 2430 2981 2490 Qui
3013 2432 3222 2497 creavit,
3260 2429 3653 2497 inquitherbem
3676 2441 3729 2475 ea:
3756 2423 3915 2474 materia

2522 2492 2711 2545 invisa.
2735 2497 2794 2545 Et
2824 2499 3013 2560 contra
3036 2494 3157 2558 quia
3182 2509 3247 2560 ex
3268 2492 3445 2560 nihilo
3461 2492 3580 2541 facti
3596 2504 3781 2560 sumus.

2334 2564 2415 2616 55,
2458 2560 2594 2619 Quid
2625 2559 2867 2622 estquod
2903 2558 3031 2607 dicit
3052 2553 3365 2621 "propheta.
3421 2555 3608 2607 Laetare
3638 2553 3814 2607 sterilis,
3839 2562 3914 2612 qm

2523 2637 2627 2670 non
2654 2622 2820 2685 paris,
2857 2624 2958 2685 etc.

2338 2687 2397 2734 56
2409 2722 2421 2735 .
2458 2686 2538 2733 An
2563 2678 2817 2747 Spiritus,
2832 2684 2923 2747 qui
2944 2696 3109 2745 super
3124 2693 3291 2746 aquas
3314 2680 3587 2733 ferebatur
3604 2678 3799 2743 Spiritus
3814 2685 3919 2723 sano

2527 2752 2614 2796 tus
2644 2747 2988 2809 intelligatur.

2338 249 2421 301 38.
2464 249 2481 269 ⁸
2514 246 2649 305 Quid
2676 247 2949 296 contineat
2978 243 3278 294 benedictio
3305 244 3477 302 Jacob,

2338 1560 2422 1614 48.

2340 1878 2423 1926 50.

2742 2842 2977 2875 CAPITULA
3004 2841 3067 2873 DE
3093 2839 3226 2873 Νονο
3258 2837 3593 2873 τεςτωίεκτο.

2408 2952 2420 2964 ,
2463 2908 2602 2958 Deus
2628 2906 2878 2971 perfectio
2907 2910 2987 2957 est
3018 2921 3029 2953 :
3067 2905 3197 2970 quid
3226 2919 3363 2969 ergo
3411 2918 3543 2969 opus
3566 2903 3658 2953 fuit
3695 2899 3860 2949 Christo
3881 2900 3921 2943 ut

2562 2974 2887 3020 nasceretur.

2409 3072 2421 3086 .
2457 3035 2508 3083 Si
2534 3047 2676 3082 unus
2705 3033 2845 3081 Deus
2870 3035 2967 3087 est,
2999 3045 3097 3080 cur
3115 3031 3168 3078 in
3193 3029 3371 3079 tribus
3396 3043 3514 3094 spes
3535 3027 3721 3085 salutis,
3733 3028 3778 3074 et
3798 3032 3919 3087 quare

2526 3097 2674 3160 prius
2708 3109 2815 3144 non
2851 3098 2937 3160 est
2959 3094 3188 3160 Trinitas
3216 3094 3534 3155 predicata.

2408 3196 2421 3209 .
2462 3161 2479 3179 ⁸
2514 3152 2622 3209 Cur
2648 3158 2789 3207 facta
2816 3161 2867 3207 et
2891 3157 3033 3206 dicta
3057 3152 3291 3205 Domina
3317 3152 3920 3219 quatuorlibris,etaqua-

2524 3225 2646 3284 tuor
2677 3220 3030 3284 Evangelistis
3065 3220 3283 3284 scripta.

2406 3317 2421 3334 .
2458 3287 2477 3303 ⁸
2510 3283 2637 3342 Quis
2662 3283 2799 3346 ordo
2828 3280 3521 3346 quatuorEvapgeliorum.
3565 3342 3572 3346 Α
3649 3339 3659 3346 _
3705 3336 3723 3346 ,
3816 3331 3861 3346 η,
3901 3330 3907 3338 .

2460 3331 2632 3406 Quare
2658 3331 2937 3394 Matthu'aus
2953 3344 3159 3393 scribit:
3180 3331 3336 3391 Liber
3348 3339 3679 3407 generationis
3692 3336 3793 3386 Iesu
3812 3331 3921 3381 Chri-

2524 3409 2592 3471 sti
2614 3408 2713 3469 ﬁlii
2749 3408 2913 3456 David
2932 3421 3103 3471 ,‘cuin
3130 3407 3276 3469 prior
3298 3405 3375 3471 sit
3392 3405 3663 3454 Abraham.
3739 3459 3767 3471 υ
3803 3460 3811 3469 ,

2462 3474 2479 3491 ⁸
2509 3456 2653 3581 (ginis.
2657 3474 2759 3580 1est
2786 3474 2845 3518 ut
2870 3456 3244 3533 generationes
3294 3469 3351 3519 in
3383 3473 3491 3518 tres
3514 3470 3680 3532 partes
3725 3456 3924 3511 divideret

2575 3546 2605 3581 a
2672 3546 2821 3581 iseus.

2575 3536 2821 3582 atthieus.

2461 3599 2478 3617 '
2512 3596 2681 3665 Quare
2734 3609 2856 3665 cum
2913 3593 3305 3665 quadraginta_
3327 3607 3437 3643 una
3463 3593 3569 3641 sint
3606 3584 3919 3665 εθηθτξξιξοξξξξι

2525 3646 2865 3721 Evangelista
2885 3646 3246 3720 quadraginta
3274 3656 3415 3721 duas
3438 3646 3729 3721 numerasse
3749 3646 3921 3721 videtur

2410 3760 2419 3771 .
2462 3720 2596 3780 Quid
2628 3710 2708 3769 θεῖ
2742 3724 2803 3769 ut
2829 3710 2951 3769 cuin
2998 3710 3253 3769 consteta
3287 3717 3458 3769 David
3480 3719 3543 3768 ad
3579 3710 3921 3780 transmigrallq-

2525 3769 2649 3847 nem
2671 3782 2954 3845 Babylonis
2971 3781 3268 3847 octodecim
3284 3796 3404 3832 esse
3422 3769 3921 3847 generationesfﬁi'w'

2524 3846 2716 3908 gelista
2740 3843 3147 3907 quatuordecim
3170 3843 3340 3894 dicat.

2408 3946 2421 3959 .
2462 3908 2842 3971 CurSalvator
2877 3908 3175 3971 baptizatus
3204 3908 3293 3955 sit.

2410 3954 2421 4021 ί
2463 3954 3289 4032 sfidéa'saiihtbi'iiaﬁuzsmé'
3324 3972 3408 4019 est
3450 3970 3509 4017 ut
3553 3960 3774 4026 exemplo
3809 3954 3921 4006 esset.

2524 4046 2690 4097 quare
2715 4046 2823 4083 non
2848 4034 2922 4083 ita
2946 4035 2995 4097 et
3019 4032 3532 4097 incircumcisione.
3580 4092 3589 4097 _
3620 4091 3636 4097 _
3700 4090 3708 4097 _
3806 4084 3815 4093 ,

2407 4139 2419 4151 ,
2462 4076 3592 4159 είέιρῖξῑιίιςῑιῑο·δαδάῑιξιιξέιῑιῖῑίίῑῖξιξῇρί
3616 4076 3926 4159 ἰαρζᾳειξξξξὶί

2518 4141 2634 4221 ,ἱᾹῶ
2645 4141 3262 4221 ἧὶιῖὖξέεἶξᾳίέαιὲᾀὲιὶὰῖ
3272 4141 3584 4221 saeuam
3600 4151 3737 4203 audit
3766 4141 3777 4193 ξ
3794 4141 3918 4194 Filius

2524 4220 2661 4270 meus
2696 4236 2743 4269 es
2775 4227 2847 4277 tu,
2879 4220 2969 4283 ego
3005 4220 3151 4268 hodie
3172 4221 3332 4282 genui
3362 4220 3446 4283 te.
3506 4282 3509 4283 ν
3785 4270 3813 4283 ,,

2462 4282 2514 4333 Si
2549 4284 2614 4333 de
2644 4269 2846 4347 Spiritu
2872 4269 3247 4347 sanctoinat'us
3283 4287 3369 4347 est
3397 4281 3649 4347 Christus,
3671 4287 3757 4325 cur
3772 4269 3926 4320 dictum

2526 4350 2623 4401 est,
2650 4345 2919 4407 Sapientia
2942 4345 3211 4408 aediﬁcavit
3244 4346 3350 4393 sibi
3380 4345 3605 4393 domum.
3843 4390 3895 4408 AM,

2339 4410 2423 4462 is.
2461 4389 3641 4473 quassas{adﬂiguntanimum...
3672 4389 3929 4461 superveni“

2525 4473 2583 4520 in
2610 4478 2672 4521 te.

2339 4535 2422 4589 “-
2486 4518 2761 4645 ngd'llest
2812 4537 2873 4584 ut
2909 4548 3000 4583 viii
3029 4532 3237 4584 calend.
3277 4532 3498 4596 januar.
3552 4527 3776 4579 Salvator
3812 4518 3929 4567 natus

2565 4610 2645 4645 ica
2674 4611 2752 4645 ur.

2565 4599 2752 4647 icatur.

2338 4661 2422 4711 15.
2464 4659 2601 4721 Quid
2631 4674 2806 4710 caussa
2823 4658 2926 4708 fuit
2941 4661 3001 4707 ut
3025 4673 3115 4706 viii
3136 4657 3345 4708 calend.
3374 4655 3529 4721 april.
3556 4648 3834 4713 cruciﬁgise
3850 4650 3933 4705 ρετ·

2525 4723 2759 4772 mitteret
2789 4722 3067 4772 Dominus.
3234 4782 3245 4784 A
3391 4782 3402 4784 _
3459 4781 3478 4784 _
3585 4778 3594 4784 ,

2340 4786 2420 4835 16.
2462 4762 2733 4845 (2.129333
2740 4762 3018 4834 ‘ii'aiiiiiéc?
3024 4762 3194 4848 'pater
3221 4782 3425 4847 Joseph
3450 4778 3613 4832 Iacob
3647 4769 3875 4827 scribitur,
3898 4762 3933 4808 ει

2524 4849 2579 4897 in
2607 4848 2749 4897 Luca
2784 4847 2917 4897 Heli.
2950 4850 3050 4897 etc.
3848 4891 3871 4897 ._
3921 4886 3930 4897 .

2524 4849 2579 4897 in
2607 4848 2749 4897 Luca
2784 4848 2917 4903 Heli,
2950 4850 3050 4897 etc.
3662 4902 3665 4903 ν
3705 4899 3715 4903 _
3848 4891 3854 4897 .

2338 4912 2420 4961 17.
2462 4913 2479 4930 ⁸
2517 4886 3382 4973 {liquid‘S-alvvatorvquadraginta
3426 4904 3613 4956 diebus
3651 4886 3933 4965 jejuniivitel

2523 4978 2712 5037 postea
2735 4973 2940 5022 esuriit.

2340 5037 2419 5086 I8.
2462 5039 2479 5055 ⁸
2513 5031 2616 5084 Cur
2645 5036 2945 5086 bantismus
2974 5032 3198 5083 Joannis
3230 5031 3478 5082 cessavit.
3790 5080 3801 5086 ,
3892 5072 3916 5086 ,.

2463 5100 2478 5116 ’
2513 5072 3570 5160 thé'iLBiEEcEu'JZE"i5aB'i{éi}i,fEum
3598 5080 3859 5153 Apostolus
3881 5072 3934 5121 ἀι·

2522 5156 2609 5211 cat
2632 5161 2758 5223 Legi
2781 5174 2875 5210 nos
2912 5156 3182 5223 subjectos
3209 5172 3321 5207 esse
3347 5156 3557 5223 debere.

2334 5225 2418 5273 20.
2459 5224 2511 5273 Si
2544 5194 2865 5286 Erwdizant’e
2894 5194 3100 5272 Joanne
3144 5222 3260 5286 Lex;
3296 5220 3546 5286 cessavit,
3573 5206 3825 5286 quomodo
3849 5194 3934 5249 381'

2523 5278 2693 5343 vator,
2731 5285 2849 5337 Non
2885 5286 3019 5342 veni,
3053 5286 3142 5343 ait,
3177 5278 3604 5343 solvereLegem.
3640 5278 3729 5324 etc.

2339 3974 2361 4021 1

2338 4097 2360 4145 1

2368 3912 2396 3957 9

2370 3974 2396 4019 0

2373 4098 2393 4145 1

2339 4284 2421 4339 12.

2334 5350 2417 5405 21.
2467 5319 3342 5410 sit;2;i"i¥65i§i§i&a“ii§qi£id
3369 5319 3647 5395 Joadnem,
3676 5341 3827 5400 quare
3849 5319 3935 5373 581'

2522 5417 2672 5462 vator
2696 5410 2761 5460 ad
2793 5409 3094 5460 sacerdotes
3118 5409 3292 5462 mittit,
3332 5410 3433 5456 etc.
3694 5460 3704 5462 _
3812 5455 3817 5461 _

2334 5475 2417 5525 22.
2458 5477 2475 5496 ⁸
2509 5447 3238 5534 dEBVdiSiioWSSKSQEEIEm
3268 5447 3376 5519 Lex
3401 5470 3499 5525 est,
3535 5460 3739 5530 quando
3780 5447 3934 5503 sabba-

2518 5542 2635 5587 tum
2665 5538 2902 5586 solutum
2928 5540 3027 5586 est.

2332 5626 2618 5754 “($13”ng
2640 5627 2863 5692 quaestio
2887 5625 3100 5677 diversa
3122 5627 3204 5675 est
3226 5636 3257 5673 ει
3278 5635 3436 5671 cxxm
3461 5616 3639 5684 quaest.
3662 5610 3776 5662 Mss.
3802 5593 3929 5668 primi

4011 324 4013 455 Ὺ
