4112 6192
580 166 731 227 2215

577 296 772 368 CXXII.
798 298 817 367 ς
848 295 920 343 De
946 291 1177 368 (ξονφιρίί
1207 288 1404 355 legitur
1425 292 1568 355 apud
1604 290 1973 355 Evangelium,
1996 290 2059 338 Ιη
2087 291 2234 353 prin-

578 356 1258 489 gXXﬁlijftEllit'ul/irgggm
1291 416 1826 489 Spiritum‘sanctum
1858 414 2119 489 habuerit.

578 483 803 535 CXXIV.
840 483 858 501 ⁸
892 481 1169 540 Quomodo
1204 478 1493 542 idemopus
1528 478 1704 528 ditl'ert
1738 478 2037 527 secundum
2060 490 2236 541 perso-

702 558 799 594 nas
835 545 944 593 sive
978 544 1032 592 in
1059 542 1271 591 laudem
1308 543 1418 590 sive
1443 542 1496 590 in
1522 542 2045 591 condemnationem.

576 644 661 693 61.
697 643 714 660 ⁸
748 642 915 701 Quem
946 641 1193 704 spiritum?
1217 640 1505 704 Apostolus
1542 640 1860 704 salvandum
1892 638 2083 704 asserit
2110 650 2234 704 cum

761 705 906 759 dicit,
938 701 1076 751 tradi
1106 703 1399 763 hujusmodi
1448 702 1705 751 hominem
1728 703 1940 751 Satanae
1968 702 2025 749 in
2054 701 2233 749 interi-

764 774 870 815 tum
882 766 1071 820 carnis,
1104 771 1159 813 ut
1184 765 1418 825 spiritus,
1442 769 1545 813 etc.

574 832 657 880 62.
700 831 719 851 ⁸
785 828 957 886 Quare
984 828 1226 876 Salvator
1259 831 1378 877 orat
1428 832 1477 875 et
1503 828 1605 882 Ait,
1641 825 1716 877 Ne
1747 826 1837 888 fiat
1889 826 2012 888 fuga
2064 829 2235 888 vestra

760 892 920 939 hieme
946 890 1034 953 pel
1058 890 1272 938 rabbato
1305 904 1321 941 .'
1352 904 1475 939 cum
1494 893 1706 953 tempus
1737 887 2120 951 persecutionis
2143 887 2235 936 hu-

755 954 844 1016 jus
876 952 1081 1001 differri
1114 965 1221 1001 non
1253 954 1446 1015 possit.

573 1026 657 1079 63.
699 1024 849 1074 Certe
877 1028 971 1073 aut
1004 1024 1143 1071 ﬁlius
1171 1024 1259 1072 Dei
1289 1025 1516 1088 quisque
1543 1028 1640 1076 est.
1690 1024 1785 1071 aut
1829 1021 2028 1071 diaboli
2056 1036 2072 1070 :
2106 1021 2233 1085 quid

759 1102 886 1150 ergo
907 1087 1587 1150 nascimurrequirendum
1610 1088 1708 1150 est.

571 1151 653 1199 64.
696 1146 983 1213 Apostolus
1016 1152 1112 1213 ait,
1155 1148 1263 1197 Nos
1283 1146 1486 1213 natura
1522 1149 1711 1213 Judaei.
1759 1146 1829 1195 De
1859 1146 2058 1213 ,ludasis
2106 1158 2232 1209 ergo

756 1209 903 1261 nasci
926 1210 1143 1261 Judzeos
1176 1212 1428 1267 ostendit,
1458 1224 1567 1259 non
1600 1211 1665 1259 de
1700 1209 2003 1272 proselyiis,
2038 1216 2135 1257 etc.

572 1284 654 1333 65.
697 1285 713 1301 '
746 1283 881 1342 Quid
909 1286 989 1331 est
1014 1282 1157 1345 quod
1188 1282 1474 1345 Apostolus
1488 1282 1663 1345 idicat,
1690 1281 1849 1328 Nemo
1880 1284 2040 1341 potest
2069 1280 2234 1345 dicere

759 1342 1046 1395 Dominum
1070 1342 1365 1392 Deum'nisi
1386 1345 1441 1391 in
1475 1344 1675 1405 Spiritu
1704 1347 1877 1390 sancto
1908 1355 1925 1392 :
1955 1356 2079 1391 cum
2100 1342 2232 1405 Phoe

758 1409 920 1461 tinus,
950 1408 1198 1463 Marcion,
1233 1404 1574 1461 Manichmus,
1620 1405 1925 1455 meretrices
1954 1408 2007 1453 et
2052 1404 2233 1467 spurci

759 1471 955 1519 dicant.

570 1543 654 1593 66.
694 1543 709 1559 '
740 1540 789 1590 Si
816 1542 869 1589 in
907 1541 1039 1602 Lege
1074 1552 1231 1588 nemo
1281 1538 1615 1601 justiﬁeatur,
1667 1538 1858 1602 utquid
1915 1538 2231 1588 maledictus

758 1607 855 1658 est,
884 1603 974 1666 qui
1004 1616 1110 1666 non
1139 1602 1379 1666 implevit
1418 1602 1629 1665 Legem.

569 1668 651 1721 67.
694 1666 713 1684 ⁸
746 1666 798 1715 Si
828 1667 883 1713 in
902 1663 1109 1727 Christo
1129 1663 1316 1713 omnes
1344 1663 1576 1727 thesauri
1596 1663 1869 1727 sapientia:
1890 1666 1941 1712 et
1961 1663 2227 1721 scientias;

757 1728 1028 1791 quomodo
1055 1726 1119 1775 de
1143 1727 1228 1791 die
1263 1731 1315 1791 et_
1332 1726 1671 1791 horajudicii
1688 1726 1814 1775 dicit
1843 1739 1898 1773 se
1929 1727 2150 1791 nescire.

566 1792 651 1845 68.
692 1788 889 1855 Pagani
925 1790 1200 1855 elementis
1236 1789 1460 1855 subjecti
1480 1852 1491 1855 _
1514 1793 1643 1838 sunt
1669 1804 1682 1855 ;
1713 1801 1879 1852 quare
1909 1802 2036 1851 ergo
2066 1788 2231 1850 .dicat

752 1852 1058 1915 Apostolus,
1092 1852 1315 1900 Eramus
1343 1852 1433 1899 sub
1448 1852 1721 1907 elementis,
1750 1855 1848 1900 etc.

567 1918 650 1973 69.
692 1919 710 1938 ⁸
743 1914 986 1965 salvator
1010 1916 1099 1970 ait,
1129 1914 1227 1973 Qui
1273 1929 1379 1962 non
1421 1916 1684 1977 reliquerit
1741 1914 2097 1977 omnia,uetc.,
2125 1926 2230 1977 non

753 1984 915 2040 potest
964 1991 1103 2025 meus
1150 1992 1252 2040 esse
1277 1975 1556 2040 discipulus
1588 1990 1623 2040 7:
1652 1990 1775 2025 cum
1811 1989 1876 2040 ex
1938 1975 2227 2040 Evangelia

752 2038 1046 2151 Siscipulps
1074 2040 1201 2089 Jesu
1234 2039 1391 2088 fuerit
1419 2039 1618 2102 Josepb
1639 2040 1707 2089 ab
1741 2038 2226 2101 Arimatbia_homo

792 2117 919 2151 ives.
948 2117 975 2151 e
1002 2116 1053 2151 c.

792 2104 919 2157 ives,
948 2106 1053 2155 etc.

564 2177 649 2230 70.
689 2177 707 2195 ⁸
740 2174 877 2234 Quid
903 2178 983 2223 est
1013 2177 1072 2222 ut
1092 2173 1333 2236 Salvator
1360 2172 1503 2223 dicat
1528 2173 1871 2236 Maria:,1Voti
1891 2187 1967 2220 me
1994 2178 2229 2236 tangere,

753 2241 872 2293 etc.,
897 2250 1025 2299 cum,
1050 2236 1260 2299 legatur
1280 2235 1346 2285 ab
1378 2236 1494 2284 aliis
1516 2235 1828 2286 mulieribus
1847 2238 2036 2284 tactus.

564 2302 619 2353 71
657 2303 675 2321 ⁸
708 2299 843 2373 Quid
870 2302 968 2355 est,
997 2298 1093 2358 Qui
1110 2297 1242 2346 'ante
1270 2313 1345 2346 me
1369 2299 1602 2409 (uerunt,
1618 2300 1759 2362 fures
1781 2303 1918 2355 sunt,
1941 2302 2063 2356 etc.,
2082 2297 2227 2362 quod

751 2362 963 2409 Videtur
980 2361 1270 2409 Pronhetas
1292 2376 1363 2409 Du
1387 2375 1521 2409 sare.

751 2362 963 2433 videtur
980 2361 1270 2433 Prophetas
1289 2361 1521 2433 pulsare.

562 2426 647 2482 72,
688 2428 705 2445 ⁸
740 2425 1026 2488 Apostolus
1039 2424 1165 2488 dicit
1183 2423 1565 2488 Christumgpro
1586 2423 1838 2488 omnibus
1852 2426 2126 2488 mortuum
2149 2436 2225 2472 es-

751 2486 805 2536 se
834 2503 845 2537 :
875 2491 931 2536 at
958 2488 1072 2550 ipse
1123 2486 1382 2535 Dominus
1412 2486 1487 2535 ait
1536 2500 1592 2535 se
1636 2487 1762 2536 dare
1791 2487 2031 2536 animam
2070 2500 2224 2534 suam

750 2550 1173 2612 redemptionem
1208 2562 1316 2612 pro,
1339 2550 1539 2597 multis.

563 2613 645 2664 73.
687 2615 706 2633 '
738 2614 755 2629 '
784 2612 921 2671 Quid
938 2609 1031 2661 'est
1060 2616 1121 2659 ut
1154 2609 1340 2667 David,
1359 2612 1517 2674 Euge,
1550 2610 1605 2659 in
1631 2609 1773 2659 malo
1804 2610 2013 2673 accipit,
2043 2610 2225 2661 Salva-

753 2678 836 2724 tor
871 2676 923 2722 in
948 2675 1086 2723 bono
1108 2674 1283 2736 ponit.

561 2747 645 2813 Et.
688 2745 822 2813 Quid
837 2747 922 2801 sit,
948 2745 1193 2813 Tentatio
1209 2758 1302 2792 vos
1320 2756 1426 2813 non
1445 2742 1823 2813 apprehendat
1839 2744 1939 2792 nisi
1962 2743 2216 2813 humana.

561 2809 645 2862 75.
688 2810 704 2828 ⁸
733 2807 1012 2867 Quomodo
1042 2807 1148 2855 Lex
1200 2810 1385 2856 sancta
1410 2809 1461 2855 et
1484 2805 1633 2867 justa
1666 2809 1716 2855 et
1746 2805 1906 2865 bona,
1956 2807 2221 2870 siquidem

749 2872 881 2933 iram
902 2872 1171 2933 operatur.

561 2933 645 2987 76.
680 2933 697 2950 '
731 2932 783 2995 Si
818 2929 953 2995 dura
982 2932 1236 2995 mandata
1268 2933 1485 2993 propter
1517 2929 1869 2995 difﬁdentiam
1896 2936 2222 2995 acceperant

744 2993 936 3051 Judaei,
967 2994 1096 3058 quid
1130 2998 1211 3044 est
1247 2997 1303 3042 ut
1333 3007 1521 3043 eorum
1578 2994 1778 3057 posteri
1808 2994 2001 3043 iisdem
2030 2993 2220 3044 astrin-

746 3061 1019 3121 gerentur.

1582 160 2049 235 Quiasriouss
2088 156 2183 221 EX
2226 147 2478 221 VETERl
2516 150 3012 219 TESTAMENTO.

3797 164 3895 231 2216

2347 287 2542 361 CXXV.
2570 290 2587 308 '
2608 286 2805 361 Contra
2829 287 3133 361 Eusebium.
3161 290 3355 361 ultr-um
3389 289 3618 361 Spiritus
3640 300 3815 347 sanctus
3832 300 3896 349 sci-

2472 351 2547 399 vit
2581 349 2894 407 mysterium
2931 350 3225 399 nativitatis
3256 349 3551 407 Dominicaa.

2345 413 2605 480 CXXVI;
2627 412 2699 460 De
2729 425 2791 460 eo
2818 412 2908 474 qui
2941 412 3097 480 ﬁdem
3122 415 3372 477 percepit,
3406 416 3529 478 quid
3555 416 3662 480 plus
3691 419 3898 473 habeatsd

2509 475 2697 538 ratiam
2732 475 3169 538 consequendam
3182 516 3195 529 .

2346 537 2591 587 CXXVII.
2618 539 2635 558 ⁸
2664 538 2737 585 De
2772 537 2941 587 Adam
2969 541 3018 587 et
3052 539 3179 591 Eva.

2345 636 2427 689 77.
2469 636 2487 656 ⁸
2520 633 2763 707 Salvator
2791 633 2936 707 dicit,
2993 633 3111 683 Non
3141 649 3235 707 pro
3264 636 3450 707 mundo
3490 651 3637 700 rogo:
3670 641 3789 707 quid
3814 656 3897 707 ergo

2529 696 2764 807 Joanges
2806 698 2897 754 ait,
2947 710 3070 746 eum
3103 699 3424 748 advocatum
3464 696 3574 749 esse
3605 696 3698 765 pro'
3721 696 3899 756 univeﬁo

2533 773 2663 807 mun
2706 774 2754 807 ο.

2533 773 2754 808 mundo.

2341 823 2427 876 78.
2468 823 2487 842 ‘
2520 820 2800 892 Quomodo
2829 822 3003 892 _regni
3032 821 3229 892 Christi
3253 836 3360 892 non
3385 825 3483 872 erit
3508 823 3643 892 finis1
3664 839 3766 875 cum
3793 831 3900 892 itpos.

2530 884 2863 949 tolus_dicat,
2896 884 3037 949 Cum
3055 885 3327 934 tradiderit
3381 901 3584 949 regnum
3611 887 3698 936 Deo
3724 895 3760 937 et
3789 884 3898 939 Pétn‘.

2343 946 2427 1000 79.
2469 946 2522 995 Si
2549 960 2649 1018 per.
2660 946 2937 1057 thrtistum
2964 946 3109 996 salus
3129 952 3182 996 et
3214 961 3337 998 vera
3348 946 3592 1013 cognitio,
3612 964 3698 999 cur
3718 966 3803 1002 non
3821 959 3899 1004 ante

2534 1023 2653 1057 veni
2686 1046 2697 1057 .
2734 1023 2761 1057 e
2787 1022 2838 1057 c-

2534 1022 2697 1063 venit,
2734 1022 2814 1057 81C
2827 1051 2838 1062 .

2343 1072 2425 1124 80.
2466 1072 2485 1090 ⁸
2519 1071 2622 1120 Cur
2654 1071 2940 1140 Ap_ostolus
2961 1070 3027 1120 ad
3048 1070 3258 1140 Galatas
3277 1074 3368 1130 ait,
3388 1072 3514 1123 Deus
3540 1089 3661 1123 unus
3690 1078 3782 1127 ait;
3801 1080 3899 1140 quasi

2530 1148 2699 1182 unum
2725 1136 2889 1182 Deum
2926 1138 3207 1196 negarent.

2343 1196 2397 1245 81
2414 1238 2425 1249 ,
2467 1198 2485 1216 ⁸
2513 1197 2646 1263 Cum
2677 1196 2921 1263 Salvator
2939 1196 3131 1263 dixerit
3158 1212 3169 1245 :
3196 1198 3473 1263 Postquam
3496 1214 3793 1263 resurrezero,
3813 1217 3900 1263 pre-

2528 1260 2698 1327 cedum
2721 1273 2808 1327 vos
2847 1259 2907 1327 in
2942 1259 3225 1327 Galilaeam.
3254 1259 3434 1327 ibi’me
3460 1262 3679 1311 videbitis
3697 1277 3714 1323 ,'
3740 1259 3835 1327 quid
3852 1270 3901 1313 est

2528 1325 2588 1370 ut
2624 1322 2929 1371 inveniatur
2966 1335 3148 1370 versus
3178 1322 3493 1373 Jerusalem.

2342 1384 2425 1438 82.
2466 1397 2480 1412 ο
2515 1383 2795 1442 Quomodo
2842 1384 3130 1446 Apostolus
3180 1386 3598 1435 contristandum
3652 1391 3787 1443 vetat,
3821 1402 3903 1437 cuin

2528 1446 3084 1556 ipgleéftontristandum
3100 1460 3175 1505 se,
3189 1449 3236 1496 si
3256 1448 3634 1512 Epaphroditus
3648 1449 3904 1505 obiisset,de

2528 1523 2553 1556 c
2705 1550 2716 1556 -

2527 1521 2694 1557 ciarat
2705 1550 2716 1561 .

2340 1570 2399 1619 83
2431 1573 2449 1592 ⁸
2481 1571 2721 1637 Apostoli
2757 1571 2889 1637 alios
2920 1571 3019 1637 sibi
3054 1571 3263 1637 oblatos
3289 1578 3582 1637 sanarunt;
3637 1574 3749 1637 quid
3789 1578 3848 1624 est
3868 1580 3906 1623 ul

2340 1696 2399 1743 Μ
2468 1634 2763 1746 [1111339322
2765 1634 3022 1746 (ξηὲἔῇἒῖ
3026 1634 3307 1746 gitimam
3344 1649 3452 1685 non
3486 1634 3724 1687 dederint.

2340 1710 2422 1749 ei.
2470 1710 2616 1745 unde
2647 1710 2795 1759 origo
2832 1710 3187 1747 rentecostes.

2338 1758 2415 1806 85.
2450 1757 2615 1825 Jac_ob
2644 1758 2949 1825 appellatus
2969 1763 3048 1825 est
3078 1759 3238 1809 homo
3270 1759 3459 1810 videns
3484 1762 3638 1811 Deum
3672 1761 3907 1825 :quomodo

2525 1821 2690 1886 Deum
2714 1821 2872 1870 nemo
2905 1821 3036 1869 vidit
3061 1836 3330 1886 unquam.

2337 1882 2421 1933 86.
2462 1883 2634 1943 Quare
2662 1883 2805 1933 lunae
2826 1897 3044 1933 cursum
3070 1886 3124 1932 in
3143 1882 3353 1935 ratione
3374 1885 3580 1936 Pascha
3607 1885 3906 1943 custodientes,

2524 1946 2965 2057 {egrebiandimus
2995 1947 3257 2011 Paganos,
3288 1948 3419 2012 quia
3467 1948 3667 1999 lunares
3687 1947 3779 1998 dies
3823 1962 3907 1998 cus-

2548 2022 2578 2057 o
2622 2022 2708 2057 ian
2739 2045 2750 2055 .

2548 2022 2750 2058 Οαιᾶῐὶῐ.

2336 2070 2419 2124 87.
2460 2070 2595 2131 Quid
2630 2075 2711 2143 est
2734 2071 2874 2134 quod
2887 2070 3129 2143 Salvator
3143 2072 3271 2143 dicit
3307 2072 3375 2143 de
3404 2073 3595 2137 Spiritu
3618 2076 3789 2129 sancto,
3806 2072 3905 2136 quod

2335 2196 2394 2243 88
2461 2134 2745 2244 S.veniens
2777 2138 2966 2205 arguet
2997 2134 3279 2189 mundum.
3322 2134 3457 2208 etc.:
3488 2199 3498 2209 '
3692 2197 3701 2207 ι
3819 2134 3830 2136 ἡ

2406 2236 2417 2249 .
2497 2200 2757 2268 i‘satanas
2787 2196 3031 2268 diabolus
3055 2201 3152 2253 est,
3197 2210 3369 2261 quare
3399 2199 3525 2248 dicit
3549 2198 3744 2254 Judaeis,
3766 2198 3821 2246 De
3839 2196 3904 2243 Pa-

2523 2264 2599 2306 tre
2627 2259 2831 2307 diaboto
2866 2259 2999 2307 estis.

2334 2320 2418 2374 89.
2482 2319 2761 2386 Quomodo
2808 2321 3124 2386 intelligitur
3148 2321 3294 2386 quod
3328 2322 3457 2373 dicit
3504 2322 3747 2381 Dominus,
3782 2321 3903 2370 Pacem

2523 2398 2683 2432 meam
2706 2384 2769 2431 do
2800 2383 2958 2432 vobis.

2332 2446 2415 2499 90.
2458 2446 2537 2512 An
2562 2446 2802 2512 Apostoli
2837 2446 3089 2509 Spiritum
3114 2450 3369 2498 sanctum
3400 2448 3684 2499 habuerunt
3712 2448 3902 2512 prasente

2518 2509 2741 2558 Domino
2763 2510 2815 2557 in
2850 2522 3027 2558 carne.

2332 2570 2415 2636 9t.
2458 2570 2534 2636 _Si_
2552 2571 2754 2621 Pascha
2769 2572 3033 2636 transitus
3061 2572 3462 2636 interpretetur.

2331 2634 2415 2681 92.
2456 2634 2475 2651 ⁸
2504 2633 2578 2682 De
2596 2634 2892 2683 aeternitate
2921 2634 3063 2684 Filii.

2332 2696 2416 2748 93.
2457 2695 2729 2745 Adversus
2766 2696 3069 2755 Photinum,
3094 2701 3192 2749 etc.

2328 2758 2411 2811 84.
2452 2758 2722 2807 Adversus
2746 2760 2951 2808 Arium.

2330 2821 2413 2870 95.
2454 2822 2472 2840 '
2505 2820 2578 2870 De
2608 2822 2805 2885 Spiritu
2837 2825 3022 2872 sancto
3044 2822 3135 2884 (a).

2391 2937 2463 2997 (a)
2499 2935 2582 2987 Sic
2608 2936 2870 2987 Elencbus
2890 2937 3188 2987 collectioni
3220 2938 3479 3002 praeﬁxus
3522 2940 3573 2989 in
3608 2938 3737 2993 Mss,
3759 2935 3827 3000 qui
3851 2938 3901 3003 ts-

2391 3012 2451 3044 en
2483 3000 2644 3044 nuius
2691 3001 3054 3044 nonanesimm
3083 3002 3285 3044 (minim
3318 3002 3620 3044 niimstionis
3668 3002 3765 3044 loco
3802 2997 3901 3044 exhi-

2330 3012 2451 3047 men
2483 3002 2644 3071 nujus
2691 3002 3054 3073 nonagesimm
3083 3002 3285 3064 quintae
3318 3002 3620 3073 quaestionis
3668 3002 3765 3049 loco
3802 3012 3822 3047 e

2328 3060 2460 3111 bent
2480 3061 2789 3127 Hieronymi
2803 3062 3077 3127 dialogum
3100 3062 3369 3114 adversus
3398 3064 3750 3116 Luciferianos.

1722 3244 2287 3439 (litum
2297 3246 2809 3441 tiones

793 3542 1580 3668 νει-ειυς
1652 3544 1892 3664 ΕΤ
1960 3545 2213 3665 ΝΟ

2321 3545 2422 3664 "I
2491 3548 3711 3672 TESTAMBNTI.

1842 3754 2680 3789 Ws

1926 3883 2001 3934 Ex
2036 3882 2212 3934 Veteri
2240 3884 2606 3938 Testamento.

627 4059 887 4124 QUESTIO
912 4071 1103 4113 PRIMA.
1134 4086 1203 4096 —
1233 4055 1387 4122 Quid
1416 4058 1503 4111 est
1533 4056 1711 4109 Deus.

625 4123 745 4186 Hoc
771 4135 855 4185 est
877 4130 1041 4201 quod
1072 4128 1238 4201 nulla
1261 4127 1492 4201 attingit
1514 4124 1739 4201 opinio.
1759 4123 1909 4201 Plus
1933 4128 2020 4201 est
2044 4126 2203 4181 enim

547 4216 734 4275 quam
748 4196 1041 4275 quidquid
1056 4200 1175 4275 dici
1190 4196 1915 4275 poteritautcogitari.S_ed
1928 4196 2203 4252 dicamus

557 4267 799 4345 aliquid,
813 4267 975 4345 quod
991 4272 1125 4353 licet
1150 4267 1344 4397 imlpar
1357 4272 1447 4353 sit,
1469 4276 1669 4351 tamen
1683 4283 1753 4322 ex
1773 4267 1975 4339 aliqua
1996 4283 2207 4324 conve-

557 4346 681 4397 niat
704 4345 931 4397 ratione
951 4344 1042 4397 his
1064 4360 1197 4397 ante
1267 4359 1338 4397 eo
1362 4344 1547 4397 digna
1575 4341 1867 4395 Videntur.
1887 4342 2033 4394 Nam
2064 4355 2197 4396 una-

554 4340 681 4402 niat
704 4340 931 4400 ratione
951 4344 1042 4399 his
1064 4360 1197 4416 quas
1220 4340 1338 4399 Deo
1362 4344 1547 4412 digna
1575 4340 1867 4416 videntur.
1887 4342 2033 4416 Nam
2063 4355 2197 4416 una-

554 4432 810 4489 quaeque
824 4423 1040 4472 natura
1062 4410 1169 4487 pro
1180 4410 1506 4489 capacitate
1519 4414 1609 4469 sui
1627 4412 1960 4489 suspicatur
1975 4410 2201 4489 de_I_)eo,

554 4482 619 4544 tit
643 4482 939 4559 quantum
970 4482 1187 4562 natura
1212 4482 1394 4562 distat
1430 4482 1749 4562 a__natu_ra,
1769 4488 2000 4562 tantum
2025 4482 2205 4562 distet

555 4550 843 4615 sententia
873 4576 909 4615 a
943 4560 1233 4615 sententia
1280 4560 1341 4613 in
1365 4557 1696 4630 judicando
1725 4554 1870 4626 quid
1904 4553 1976 4608 sit
2024 4550 2200 4630 Deus.

556 4630 706 4695 Quia
726 4633 885 4686 enim
912 4646 1096 4702 supra
1111 4630 1316 4702 omnia
1335 4625 1442 4700 est,
1462 4643 1703 4702 necesse
1731 4625 1818 4681 est
1844 4631 1905 4680 ut
1929 4625 2203 4702 omnium

554 4707 786 4757 mentes
815 4701 1078 4758 excedat.
1114 4701 1391 4756 Homines
1421 4701 1581 4756 enim
1622 4701 2205 4771 quantu_m_possu_nt

554 4773 745 4828 aciem
777 4774 990 4827 mentis
1019 4774 1356 4838 extendere,
1388 4768 1685 4843 aspiciunt
1720 4768 1867 4840 quid
1914 4768 2069 4843 Deus
2108 4768 2199 4834 sit,

552 4844 836 4926 opinione
866 4844 1389 4926 non'deﬁnitione.
1428 4839 1635 4926 angeli
1664 4839 1862 4926 autem
1895 4839 2204 4926 qui‘supe:

550 4910 736 4972 riores
766 4914 1113 4970 hominibus
1157 4920 1313 4979 sunt,
1359 4915 1502 4985 quia
1532 4910 1681 4985 plus
1710 4910 1785 4985 de
1812 4911 1930 4965 Deo
1974 4910 2202 4985 aliqdid

553 4988 836 5053 sentiunt,
854 5001 977 5042 non
1003 4990 1091 5040 est
1114 4981 1409 5051 dubium';
1432 4981 1786 5053 Archangeli
1807 4996 1942 5036 vero
1972 4997 2039 5035 eo
2066 4981 2200 5053 ipso

551 5059 841 5131 amplius;
872 5056 1186 5131 Cherubim
1214 5060 1484 5131 autemet
1497 5054 1829 5131 Seraphim,
1843 5059 2203 5131 qugpoten-

551 5131 644 5186 tiae
660 5123 841 5201 'juxta
864 5130 1050 5186 Deum
1081 5144 1213 5184 esse
1234 5128 1527 5201 dicuntur,
1548 5170 1549 5173 η
1570 5123 1803 5201 majora
1823 5123 1898 5178 de
1930 5123 2200 5201 D.eo_sen-

551 5194 717 5269 tinu't,
740 5209 1071 5258 nontamen
1097 5194 1615 5269 comprehendunt
1635 5194 1869 5269 penitus
1882 5194 2200 5269 quidDeus

551 5212 717 5269 tiniit,
740 5212 1071 5258 nontamen
1097 5215 1230 5256 com
1280 5212 1615 5255 renenuunt
1678 5212 2029 5266 eniiusquiu
2046 5212 2199 5251 ueus

548 5274 646 5349 sit.
674 5275 820 5337 Quia
840 5289 1025 5349 nemo
1042 5273 1216 5349 novit
1239 5216 1472 5349 ἕξει-(ξω
1498 5212 1839 5349 nisig‘ilius,
1862 5282 1970 5349 nee
1990 5266 2199 5349 Filium

549 5347 684 5413 quis
714 5347 877 5400 novit
899 5346 1010 5400 nisi
1042 5345 1207 5399 Pater
1224 5344 1446 5412 (Matth.
1476 5360 1553 5410 xi,
1584 5344 1698 5411 27).
1719 5339 1903 5413 Igitur
1920 5340 2071 5413 Deus
2092 5344 2200 5413 est,

550 5409 698 5491 sicut
711 5416 1056 5491 hominibus
1071 5409 2201 5491 vide_tur,spiritusnaturasiniplpxilux

547 5484 991 5547 inaccessibilis,
1023 5481 1377 5552 invisibilis;
1404 5482 1862 5545 inaestimabilis,
1908 5481 2197 5552 inﬁnitus,

547 5552 861 5627 perfectus,
878 5556 1096 5611 nullius
1107 5573 1309 5626 egens,
1331 5564 1607 5621 aeternus,
1631 5551 1985 5611 immortalis
2005 5553 2199 5608 omni-

545 5623 753 5689 inodo,
781 5640 817 5679 a
845 5640 967 5691 quo
991 5623 1194 5683 omnia
1224 5629 1455 5684 initium
1487 5631 1809 5684 consecuta
1832 5628 1990 5691 sunt,
2023 5638 2196 5680 vene-

542 5691 793 5766 randus,
806 5691 1545 5767 diligendus,metuendus,
1559 5703 1725 5757 extra
1735 5709 1916 5769 quem
1926 5694 2070 5753 nihil
2083 5699 2191 5768 est,

2313 4055 2435 4112 imo
2447 4056 2507 4111 in
2520 4071 2641 4127 quo
2664 4057 3020 4131 suntomnia
3040 4073 3298 4131 quasque
3311 4064 3452 4117 sunt
3475 4073 3696 4116 sursum
3707 4058 3755 4112 et
3769 4051 3887 4108 deor-

2314 4143 2471 4201 sum,
2489 4132 2803 4201 summaet
2818 4129 2939 4185 ima
2960 4145 2974 4195 ;
2997 4129 3407 4201 omnipotens,
3424 4132 3885 4201 οωηὶιεηθοεινιῗζθ

2312 4198 2372 4275 in
2399 4199 2683 4275 omnibus
2706 4200 2895 4275 dives,
2919 4202 3063 4275 quia
3083 4196 3231 4260 nihil
3262 4208 3354 4259 est
3372 4196 3535 4275 quod
3557 4201 3674 4275 ejus
3697 4211 3793 4275 non
3810 4196 3883 4275 sit;

2312 4270 2531 4335 bonus,
2547 4271 2763 4341 justus,
2785 4269 3151 4348 misericors:
3172 4269 3555 4348 bonum-quia
3571 4269 3885 4348 fecitexistert

2311 4354 2458 4418 quae1
2477 4336 2598 4396 non
2629 4336 2797 4398 erant
2825 4358 2837 4407 ;
2879 4344 3098 4418 justus,
3128 4345 3276 4418 quia
3313 4336 3697 4418 quaicumque
3723 4338 3827 4394 fecit
3847 4336 3885 4418 lit

2313 4408 2692 4484 proﬁcerent,
2716 4408 2958 4486 proprio
2972 4408 3260 4471 libertatis
3275 4408 3523 4473 arbitrio
3535 4408 3759 4471 dimissa
3771 4408 3884 4465 sunt;

2310 4486 2453 4560 quia
2479 4490 2680 4560 tamen
2706 4501 2825 4560 non
2849 4491 2968 4560 tam
2989 4487 3256 4560 perfecta
3281 4495 3423 4544 sunt
3448 4495 3507 4543 ut
3534 4487 3646 4543 labi
3666 4492 3885 4560 non

2313 4550 2455 4620 sint,
2487 4556 2719 4613 semina
2764 4557 2855 4612 bis
2888 4550 3036 4628 legis
3066 4560 3260 4614 inesse
3298 4560 3558 4615 decrevit
3592 4550 3884 4628 naturaliter,

2311 4628 2542 4700 addens
2553 4628 2838 4684 auxilium
2856 4646 2909 4683 in
2919 4627 3244 4686 anifestataa
3257 4630 3496 4700 legis,ut
3509 4627 3789 4685 auctoritas
3797 4634 3835 4688 θ]
3843 4629 3885 4693 με

2309 4699 2768 4771 perfectaresset
2813 4700 3159 4756 hominibus
3192 4718 3206 4757 :
3238 4699 3584 4757 misericors
3614 4712 3752 4758 vero.
3788 4700 3886 4762 qum

2312 4770 2697 4841 peccantibus
2711 4785 2831 4825 non
2854 4770 3022 4827 facile
3040 4772 3250 4837 reddit,
3266 4772 3372 4829 sed
3387 4774 3630 4828 sustinet
3643 4771 3885 4841 utcoaver-

2310 4833 2390 4897 sis
2427 4842 2714 4910 ignoscat.
2752 4843 2846 4896 Est
2874 4848 2931 4898 et
2959 4833 3326 4910 severus,'ut
3356 4850 3573 4900 terrore
3601 4854 3721 4912 qua:
3758 4833 3818 4912 ab
3839 4840 3885 4883 θο

2309 4907 2727 4991 bene—condita
2742 4918 2878 4991 sunt
2891 4907 3354 4991 conserventur,
3389 4931 3461 4970 ne
3479 4907 3885 4991 negligenlléﬂ'

2309 4990 2461 5040 reret
2490 4986 2623 5039 vitae
2664 4984 3077 5059 praecipitium.
3128 4988 3195 5043 Et
3227 5001 3301 5042 ne
3339 4974 3514 5059 'quod
3543 4974 3883 5059 mammis

2310 5054 2947 5128 estprmterinittam'us,
2970 5054 3707 5128 tantaestejus'clementia,
3728 5054 3885 5128 malli:

2310 5124 2585 5183 tumelias
2610 5142 2826 5201 passus
2851 5124 3042 5182 abhis
3064 5124 3397 5201 quosfecit,
3423 5126 3675 5201 sufferat,
3696 5124 3883 5201 etprigt

2309 5205 2480 5272 vocet
2499 5213 2600 5254 eos
2612 5191 2695 5253 ad
2718 5214 2949 5269 pacem.
2973 5191 3280 5272 Numquid
3310 5191 3430 5254 non
3454 5198 3682 5272 majoris
3706 5191 3883 5272 virtutis:

2307 5269 2423 5324 hoc
2451 5275 2558 5335 est,
2599 5264 2784 5340 quam
2833 5264 3174 5326 condidisse
3217 5264 3610 5326 creaturam?
3646 5264 3700 5320 lu
3727 5272 3825 5331 quo
3849 5266 3883 5340 ξι

2352 5338 2686 5413 ermaneret
2711 5341 2897 5413 nimia
2920 5341 3175 5413 bonitas
3202 5344 3349 5413 ejus,
3382 5342 3613 5413 obesset
3636 5338 3880 5413 creature:

2352 5356 2686 5396 ermaneret
2711 5356 2897 5395 nimia
2936 5356 3175 5397 bonitas
3202 5357 3349 5413 ejus,
3382 5356 3613 5397 onessei
3636 5356 3880 5391 creatum.

2308 5356 2474 5467 Bnde
2506 5412 2833 5485 aliquando
2854 5410 3041 5485 diligi,
3062 5413 3389 5485 aliquando
3411 5410 3592 5485 timeri
3618 5422 3672 5461 se
3692 5400 3883 5485 vultille

2308 5476 2654 5539 aberrantes
2666 5482 2744 5537 ab
2758 5498 2827 5538 eo
2839 5476 3180 5555 depéreant'.
3198 5486 3340 5540 Hinc
3352 5490 3437 5539 est
3450 5480 3614 5555 unde,
3630 5491 3693 5555 ne
3706 5476 3881 5555 pattef

2308 5554 2387 5610 tia
2415 5555 2544 5626 ejus
2574 5570 2695 5629 non
2725 5542 2935 5626 utique.
2949 5555 3028 5612 ad
3057 5556 3351 5629 damnum
3371 5554 3568 5627 ipsius,
3594 5542 3683 5629 sed
3700 5542 3882 5629 £1,999?

2307 5614 2465 5681 trimi
2493 5627 2742 5701 omnino
2773 5614 3215 5701 contemnenda
3241 5614 3687 5701 putareturiait:

2304 5697 2571 5772 numquid
2605 5681 2830 5771 semper,
2848 5681 3217 5776 tacebetisui“.
3239 5681 3384 5768 ini,
3407 5696 3489 5768 14)
3508 5681 3737 5764 ἳἸιαιιιιθ
3757 5681 3879 5737 Deut
