4120 6202
307 182 450 238 2225

1823 181 2206 240 APPENDIX.

3595 194 3743 253 2226

302 304 600 394 progenie:
633 305 912 387 quamvis
964 307 1888 394 uirumqueMoysesretulerit,‘
1913 314 1969 365 et
2071 315 2294 394 rentur,
2326 315 2383 368 et
2414 328 2449 368 a
2488 327 2610 394 quo
2652 311 3115 394 sanctimonium
3157 315 3550 375 exo'riendum
3583 326 3733 388 erat,

304 376 509 435 fallere
553 376 691 452 eum
744 376 1134 452 impossibile
1167 376 1259 445 sit,
1292 379 1351 452 in
1400 376 1522 452 quo
1575 386 1741 438 tanta
1780 381 1966 437 virtus

303 454 554 522 operata
584 450 657 504 sit
690 464 714 522 :7
737 465 808 504 ac
847 465 950 522 per
980 450 1090 505 hoc
1123 449 1576 521 investigandus
1612 457 1700 508 est
1730 468 1962 522 sensus,

302 521 448 594 quia
489 536 608 576 non
639 521 824 594 otiose
866 521 1235 594 aliquidaut
1261 523 1593 594 improvide
1633 524 1837 580 divina
1875 521 1965 579 lo;

301 592 504 665 quitur
533 592 851 662 Scriptura.
873 593 1076 664 Itaque
1093 593 1228 649 duas
1257 592 1458 663 partes
1488 600 1644 660 sunt,
1675 611 1826 666 quas
1849 597 1965 650 sin-

301 666 424 735 guli
455 669 884 737 memorarunt.
903 667 1053 720 Deus
1079 665 1239 721 enim
1270 672 1530 737 quatuor
1551 665 1964 735 generationes

301 735 682 809 signiﬁcavit,
735 751 871 809 quae
903 740 1056 792 natae
1090 743 1229 792 sunt
1267 735 1330 792 in
1371 738 1631 808 IEgypto
1667 753 1680 803 ;
1736 741 1963 809 Moyses

301 815 504 864 autem
533 807 766 880 addens
789 808 880 862 his
908 823 1118 875 unam,
1137 824 1203 864 ex
1228 825 1351 880 qua
1378 810 1468 864 hae
1490 807 1691 863 ortum
1721 807 1963 880 accepe-

299 885 459 944 runt,
493 895 631 934 cum
670 879 988 934 intrassent
1016 881 1074 933 in
1102 883 1446 1004 Egyrtum,
1484 881 1706 946 Quinta,
1751 879 1958 951 inquit,

299 951 641 1004 ueneratione
670 951 930 1004 exierunt
960 951 1067 1004 ﬁlii
1094 951 1246 1004 Israe
1275 994 1286 1004 .
1322 952 1777 1004 Generationem
1798 953 1958 1004 enim

298 951 641 1024 generatione
665 951 930 1024 genuerunt
957 951 1067 1020 ﬁlii
1094 951 1286 1005 Israel.
1322 952 1777 1024 Generationem
1798 953 1961 1008 enim

298 1021 438 1096 quas
464 1023 700 1096 intravit
725 1021 784 1076 in
807 1024 1145 1096 Egyptum,
1168 1029 1493 1096 etquatuor
1512 1040 1648 1094 quae
1674 1023 1790 1078 illic
1806 1029 1959 1080 natae

300 1092 460 1164 sunt,
493 1092 670 1149 simul
696 1092 1046 1164 complexus
1085 1099 1194 1150 est.
1223 1092 1370 1149 Nam
1401 1095 1478 1150 ab
1509 1092 1813 1150 Abraham
1861 1112 1958 1150 us-

300 1182 422 1238 que
466 1165 544 1221 ad
601 1164 836 1220 exisum
893 1165 1148 1220 ﬁliorum
1190 1165 1368 1238 Israel
1413 1165 1490 1238 de
1539 1168 1810 1238 ZEgypto,
1862 1184 1958 1235 ge-

299 1236 640 1293 nerationes
694 1242 833 1291 sunt
873 1236 1352 1307 octo.ADucentis
1402 1236 1559 1292 enim
1610 1237 1955 1307 quindecim

298 1310 476 1365 annis
522 1324 558 1363 a
605 1306 1000 1379 promissione
1045 1305 1202 1362 facta
1231 1307 1507 1371 Abrahae,
1542 1305 1958 1364 habitaverunt

297 1380 356 1436 in
387 1378 686 1444 Chanaan,
720 1385 775 1435 et
804 1378 1075 1434 ducentis
1111 1379 1453 1451 quindecim
1485 1380 1546 1434 in
1577 1383 1848 1451 Egypto.
1873 1381 1956 1451 νΗὶ

299 1458 442 1507 sunt
472 1452 612 1506 anni
644 1467 796 1522 quos
827 1450 1283 1522 comprehendit
1311 1451 1630 1520 Apostolus
1675 1450 1751 1506 ad
1783 1450 1953 1507 Gala-

299 1529 390 1579 tas
410 1524 630 1589 dicens,
661 1525 790 1578 Post
821 1522 1241 1593 quadringentos
1267 1529 1315 1576 et
1344 1524 1580 1594 triginta
1607 1539 1776 1577 annos
1803 1523 1956 1592 facta

299 1602 377 1650 est
400 1595 510 1650 Lex
535 1594 737 1664 (Galat.
773 1609 850 1659 iu,
881 1595 991 1664 t7.)
1027 1595 1211 1663 Igitur
1234 1594 1326 1649 hm
1348 1601 1606 1666 quatuor
1629 1596 1954 1663 generatio-

296 1683 408 1722 nes
432 1675 584 1721 natas
616 1671 754 1720 sunt
779 1666 838 1720 in
867 1666 1174 1721 Chanaan.
1223 1666 1287 1719 In
1317 1669 1478 1722 Isaac
1512 1681 1650 1729 una,
1677 1666 1861 1721 altera
1894 1667 1952 1721 in

293 1738 503 1805 Jacqb,
539 1737 706 1792 tertia
736 1737 795 1791 in
825 1736 982 1801 Levi,
1025 1741 1238 1808 quarta
1284 1736 1344 1792 in
1377 1739 1707 1808 Gerson,et
1746 1738 1951 1806 Caath,

293 1816 352 1864 et
371 1809 594 1865 Merari.
611 1811 756 1864 Cum
783 1807 1104 1863 intrassent
1126 1816 1326 1863 autem
1343 1808 1446 1865 filii
1462 1807 1714 1864 lsraelin
1736 1809 1954 1880 Egyp-

295 1886 446 1944 tum,
480 1880 660 1936 Caath
702 1881 906 1950 genuit
951 1884 1196 1935 Amram
1230 1897 1242 1935 :
1277 1880 1404 1935 haec
1434 1885 1521 1936 est
1562 1880 1753 1950 prima
1781 1895 1953 1948 gene-

291 1953 443 2008 ratio
470 1951 626 2006 facta
656 1952 714 2006 in
738 1955 1010 2021 Egypto.
1034 1953 1277 2006 Amram
1310 1957 1509 2006 autem
1539 1953 1738 2022 genuit
1757 1956 1951 2007 Aaron

291 2029 352 2080 et
382 2026 618 2094 Moysen
652 2029 708 2078 et
755 2025 1015 2086 Mariam,
1050 2038 1186 2093 quin
1233 2027 1324 2077 est
1353 2023 1618 2078 secunda
1650 2022 1950 2094 generatio

294 2094 453 2150 facta
479 2097 538 2149 in
563 2094 839 2166 )Egypto.
871 2096 934 2149 Et
965 2096 1161 2149 Aaron
1186 2094 1387 2166 genuit
1407 2095 1642 2148 Eleazar
1660 2100 1714 2149 et
1745 2094 1952 2150 fratres

293 2167 445 2238 ejus,
478 2181 608 2238 quae
622 2172 708 2221 est
735 2165 1039 2234 generatio
1056 2167 1250 2238 tertia.
1270 2165 1507 2238 Eleazar
1525 2170 1723 2221 autem
1746 2166 1952 2238 genuit

292 2237 541 2293 Phinees
571 2242 785 2310 quarta
804 2237 1205 2310 generatione.
1237 2237 1336 2292 Ha:
1366 2242 1503 2310 sunt
1535 2237 1950 2310 generationes

290 2309 906 2381 quatuoroprocreataa
939 2309 996 2381 in
1035 2309 1322 2380 AEgypto.
1364 2309 1528 2364 Unde
1559 2309 1948 2364 aitDominus

290 2379 371 2436 ad
401 2380 725 2446 Abraham,
756 2379 1137 2449 Peregrinum
1156 2379 1278 2435 erit
1303 2395 1507 2436 semen
1533 2384 1723 2443 tuum,
1748 2384 1803 2435 et
1833 2395 1948 2434 ser-

291 2452 437 2507 vitio
465 2454 806 2523 oppriment
835 2467 936 2507 eos
971 2468 982 2504 :
1031 2466 1142 2520 ego
1173 2455 1376 2507 autem
1416 2450 1686 2523 liberabo
1734 2467 1860 2516 eos,
1894 2454 1951 2506 et

291 2522 520 2595 quarta
539 2524 921 2592 generatione
960 2523 1156 2595 exient
1197 2523 1359 2595 inde.
1393 2523 1530 2595 Vide
1553 2522 1604 2595 si
1632 2537 1752 2595 non
1776 2537 1949 2595 aper-

290 2593 422 2649 tum
453 2599 560 2658 est,
591 2596 737 2667 quia
766 2609 888 2649 non
931 2593 1157 2667 aliquid
1188 2594 1351 2649 aliud
1382 2593 1738 2667 signiﬁcavit
1771 2593 1945 2660 Deus,

288 2681 479 2737 quam
503 2666 667 2736 quOd
698 2671 932 2735 gestum
959 2671 1046 2722 est
1075 2666 1131 2720 in
1183 2668 1452 2736 Egypto.
1485 2666 1716 2736 Moyses
1747 2671 1948 2720 autem

293 2742 358 2792 ut
378 2738 559 2792 etiam
587 2737 749 2793 illam
777 2737 1221 2806 generationem
1241 2743 1505 2804 poneret,
1530 2753 1664 2808 quae
1697 2752 1834 2808 cum
1855 2738 1942 2792 Ja-

291 2808 408 2864 cob
442 2814 603 2878 patre
644 2825 753 2864 suo
805 2809 1042 2864 intravit
1094 2809 1153 2862 in
1192 2810 1638 2933 Edgyptumaex
1668 2823 1790 2879 qua
1821 2807 1946 2888 istae

291 2885 550 2933 quatuor
599 2879 892 2933 originem
941 2879 1184 2933 habent.
1287 2883 1408 2933 int.
1451 2879 1655 2933 Quinta
1695 2895 1946 2933 nroaenie

286 2885 550 2952 quatuor
599 2879 892 2952 originem
941 2879 1184 2943 habent,
1221 2878 1411 2952 _dixit,
1451 2878 1655 2944 Quinta
1691 2878 1947 2949 progenie

292 2950 552 3006 exierunt
571 2952 684 3022 ﬁlii
713 2951 888 3007 Israel
916 2952 977 3005 de
1007 2958 1160 3006 terra
1189 2950 1432 3022 Egypti.

369 3024 455 3078 XI.
485 3019 649 3079 —'Si
694 3023 800 3078 viri
836 3023 983 3093 justi
1031 3019 1310 3077 voluntas
1346 3021 1520 3093 bona
1538 3025 1644 3093 est,
1677 3019 1820 3093 quid
1862 3023 1950 3075 est

293 3099 358 3150 ut
389 3096 573 3160 Isaac,
601 3111 721 3150 non
756 3090 932 3160 Esau,
959 3110 1140 3165 quem
1161 3093 1341 3149 voluit
1375 3109 1388 3158 ;
1421 3091 1526 3147 sed
1541 3090 1745 3155 Jacob,
1765 3106 1946 3162 quem

294 3166 508 3232 noluit,
532 3165 832 3221 benedixit
857 3166 1013 3235 (Gen.
1047 3181 1226 3231 xxvn,
1258 3165 1348 3235 27)
1376 3165 1404 3220 ?

362 3238 606 3319 (ailusti
629 3232 917 3319 hominis,
943 3243 1240 3319 quantum
1265 3232 1342 3292 ad
1365 3232 1798 3319 conscientiam
1820 3232 1948 3319 ejue

287 3303 562 3380 pertinet,
599 3309 873 3364 voluntas
898 3303 1064 3365 bona
1091 3313 1181 3364 est
1216 3324 1240 3380 ;,
1278 3312 1571 3380 quantum
1610 3308 1820 3380 autem
1866 3303 1946 3380 ad

287 3375 746 3451 praescientiam,
766 3381 1054 3436 immunis
1077 3384 1165 3435 est
1191 3378 1268 3434 ab
1287 3375 1576 3434 adversis.
1610 3377 1765 3451 D_eus
1784 3375 1943 3451 enim

287 3448 455 3524 solus
495 3458 606 3516 est,
638 3453 741 3524 qui
767 3452 842 3507 de
873 3451 1083 3507 futuris
1119 3451 1374 3524 judicat._
1401 3453 1481 3504 Ac
1510 3464 1615 3524 per
1640 3448 1754 3503 hoc
1783 3450 1946 3524 Isaac

278 3523 479 3592 justus
510 3519 805 3594 quantum
837 3524 913 3578 ad
959 3519 1312 3592 praesentem
1362 3519 1831 3594 humanitatem,
1860 3519 1947 3573 di-

285 3590 476 3665 gnum
519 3590 654 3650 esse
701 3590 990 3665 majorem
1037 3594 1220 3649 lilium
1253 3609 1433 3665 suum,
1462 3590 1945 3665 benedicendum

285 3661 482 3734 magis
513 3667 781 3736 putabat.
800 3661 926 3722 'Sed
953 3667 1104 3720 Deus
1142 3665 1243 3736 qui
1271 3664 1642 3719 occultorum
1674 3661 1944 3736 cognitor

283 3733 712 3802 est,’minorem
741 3733 1215 3793 benedictionem
1251 3735 1459 3789 mereri
1489 3733 1764 3796 ostendit,
1794 3739 1852 3787 ut
1881 3733 1942 3787 in

286 3808 699 3864 benedictione
730 3825 851 3864 non
881 3808 1140 3864 hominis
1179 3805 1518 3863 ostenderet
1548 3820 1676 3858 esse
1721 3803 1943 3859 beneﬁ-

293 3879 476 3953 cium,
502 3880 605 3953 sed
635 3881 731 3936 Dei
759 3897 775 3945 ;
809 3881 950 3953 quia
967 3879 1154 3953 ofﬁcii
1185 3878 1442 3953 dignitas
1467 3881 1722 3953 est,_n_on
1751 3874 1943 3953 h_om_i-

283 3951 378 4006 nis
412 3952 706 4023 meritum,
739 3945 924 4023 quam
963 3951 1059 4006 Dei
1085 3945 1351 4020 sequitur
1378 3947 1737 4023 benedictio.
1772 3945 1941 4023 Denif

281 4037 402 4094 que
433 4022 658 4078 dictum
689 4019 779 4078 est
809 4039 846 4078 a
891 4023 1011 4078 Deo
1061 4019 1435 4094 inNumeris
1495 4019 1572 4074 ad
1618 4020 1942 4094 Moysenet

283 4089 484 4149 Aaron
509 4095 870 4157 sacerdotes,
899 4096 992 4150 Vos
1016 4093 1195 4164 ponite
1212 4109 1398 4147 nomen
1418 4108 1586 4164 meum
1615 4089 1941 4164 superoﬁlios

283 4165 456 4220 Israel
484 4183 507 4231 ;
532 4182 623 4237 ego
654 4166 912 4221 Dominus
938 4161 1233 4220 benedicam
1265 4181 1350 4219 eos
1380 4163 1570 4237 (Num.
1605 4178 1687 4237 vx,
1713 4161 1802 4228 2'7)
1834 4177 1846 4214 :
1878 4164 1941 4216 ut

327 4238 537 4292 ratiam
562 4233 797 4293 traditio
831 4253 933 4308 per
965 4237 1357 4292 ministerium
1390 4233 1724 4289 ordinantis
1755 4239 1939 4287 trans-

279 4252 499 4364 ?undat
522 4308 887 4364 hominibus.
913 4323 1020 4364 nec
1051 4308 1327 4363 voluntas
1361 4303 1684 4361 sacerdotis
1721 4302 1938 4358 obesse

309 4302 499 4364 undat
522 4302 887 4372 hominibus,
913 4323 1020 4364 nec
1051 4308 1327 4363 voluntas
1361 4303 1684 4361 sacerdotis
1721 4302 1938 4358 obesse

281 4385 386 4434 aut
412 4378 700 4450 prodesse
751 4378 958 4450 possit,
993 4380 1099 4434 sed
1139 4374 1936 4450 meritumobenedictionem

280 4446 604 4522 poscentis.
637 4446 872 4517 Quanta
898 4457 1099 4522 autem
1156 4450 1230 4504 sit
1278 4448 1541 4516 dignitas
1579 4446 1806 4522 ordinis
1846 4462 1934 4522 sa-

278 4516 617 4588 cerdotalis,
652 4516 789 4578 hinc
837 4521 1243 4578 advertamus.
1294 4523 1525 4575 Dictum
1555 4524 1641 4573 est
1671 4517 1827 4572 enim
1863 4516 1936 4572 de

279 4594 659 4665 nequissimo
677 4593 900 4664 Caipha
927 4592 1298 4648 interfectore
1318 4591 1639 4665 salvatoris
1659 4589 1812 4644 inter
1829 4603 1938 4643 caa-

279 4661 427 4745 tera,
460 4664 570 4720 Hoc
606 4661 848 4747 autema
875 4665 1168 4747 semetipso.
1189 4681 1292 4718 non
1321 4663 1465 4747 dixit
1495 4685 1514 4730 ,ο
1543 4661 1630 4747 sed
1650 4678 1777 4747 [cum
1807 4667 1934 4741 esset

278 4736 532 4806 princeps
559 4737 892 4792 sacerdotum
923 4733 1256 4798 anniillius,
1283 4734 1618 4806 prophetavit
1645 4733 1823 4803 (Joan.
1853 4735 1931 4796 xi,

279 4805 391 4873 51).
422 4805 524 4862 Per
554 4809 718 4879 quod
759 4808 1096 4863 ostenditur
1125 4805 1398 4879 spiritum
1432 4805 1761 4879 gratiarum
1788 4817 1934 4879 _non

275 4873 603 4950 personam
634 4879 802 4950 sequi
828 4885 930 4934 aut
960 4879 1125 4948 digni
1159 4873 1257 4933 aut
1286 4873 1534 4950 indigni,
1564 4875 1666 4950 sed
1697 4873 1935 4950 ordina-

277 4945 501 5025 tionem
536 4945 907 5006 traditionis'
942 4968 954 5005 :
992 4945 1054 5005 ut
1091 4945 1614 5025 quamvisaliquis
1645 4945 1786 5025 boni
1816 4961 1934 5025 me:

276 5021 369 5076 riti
421 5023 515 5086 sit,
558 5037 680 5077 non
726 5027 924 5077 tamen
979 5016 1162 5091 possit
1211 5016 1583 5091 benedicere,
1620 5017 1730 5091 nisi
1763 5016 1932 5091 fuerit

274 5093 614 5154 ordinatus,
636 5098 700 5147 ut
720 5087 992 5148 ofﬁcium
1022 5091 1328 5147 ministerii
1360 5089 1655 5145 exhibeat.
1695 5087 1795 5142 Dei
1827 5104 1935 5143 au-

276 5171 395 5219 tem
430 5170 520 5218 est
548 5164 824 5220 effectum
851 5165 1108 5220 tribuere
1135 5160 1584 5219 benedictionis.

353 5235 461 5290 XII.
500 5266 560 5275 —
605 5237 796 5300 Quare
836 5235 1138 5291 Abraham
1181 5234 1318 5289 ﬁdei
1352 5249 1474 5287 suae
1522 5233 1783 5299 signum,
1823 5228 1936 5283 cir-

271 5307 664 5378 cumcisionis
695 5308 922 5378 accepit
951 5311 1389 5363 sacramentum
1423 5303 1581 5378 (Gen._
1610 5317 1751 5378 invii,
1785 5300 1873 5367 10)
1905 5303 1932 5378 (ζ

346 5377 403 5432 Si
436 5378 578 5454 velis
602 5369 924 5442 advertere,
961 5394 1078 5433 non
1100 5369 1494 5454 incongruum
1528 5372 1754 5454 videbis
1771 5369 1935 5454 quod

275 5455 456 5514 putas
483 5449 790 5505 diversum
809 5465 937 5504 esse
955 5467 990 5505 a
1020 5449 1248 5504 ratione
1266 5449 1366 5518 (b).
1402 5445 1658 5518 Credeu‘s
1688 5445 1850 5518 enim
1874 5457 1934 5496 se

275 5519 467 5575 ﬁlium
495 5521 862 5587 habiturum,
898 5521 954 5575 in
989 5537 1110 5592 quo
1140 5514 1350 5575 omnes
1391 5521 1595 5583 gentes
1625 5514 1936 5572 benedice-

337 5621 351 5650 ί
389 5618 511 5665 Mss.
541 5618 762 5666 secundi
787 5618 1014 5680 generis,
1047 5617 1279 5665 ordinem
1305 5613 1622 5680 traditionis.

364 5683 416 5744 ᾳ)
453 5680 636 5744 onstat
657 5677 811 5743 apud
837 5681 1142 5744 Alcuioum,
1167 5694 1218 5744 q.
1250 5680 1340 5728 228
1371 5679 1424 5727 in
1457 5677 1582 5726 Gen.

366 5742 415 5806 ὁ)
445 5743 672 5802 AIcuin.,
695 5742 750 5808 q.
789 5745 876 5795 174
903 5745 958 5794 in
988 5742 1113 5794 Gen.

2076 382 2173 460 illa
2205 383 2264 437 in
2312 391 2476 460 parte
2507 382 2746 460 signum
2784 387 3028 457 accepit,
3074 402 3178 456 per
3209 404 3392 458 quam
3435 382 3737 460 generatio

2072 454 2335 509 ﬁliorum
2365 462 2420 511 et
2442 457 2704 520 inchoat,
2738 454 3020 520 etcess'at,
3047 454 3108 512 ut
3140 454 3401 515 sanctior
3423 454 3512 515 sit.
3547 465 3659 518 Sed
3685 466 3734 519 si

2073 525 2375 596 aliquibus
2391 527 2746 583 deformatio
2771 528 3021 593 videtur,
3047 529 3532 587 animadvertant
3552 535 3734 591 Abra-

2069 597 2214 669 ham
2243 599 2303 651 in
2335 614 2404 653 eo
2433 600 2729 668 gavisum,
2763 606 2814 654 et
2846 600 2996 653 ﬁlios
3023 602 3151 669 ejus
3183 601 3294 657 hoc
3329 605 3733 660 testimonium

2070 667 2256 747 fuisse
2287 667 2601 747 gloriosos.
2633 672 3024 747 NamAchior
3051 667 3253 747 utique
3280 690 3433 728 unus
3468 691 3539 729 ex
3571 678 3734 747 prin-

2071 740 2304 811 cipibus
2349 742 2663 796 Gentilium
2696 741 2909 796 videns
2947 740 3172 798 tantam
3202 745 3478 801 virtutem
3515 740 3642 801 esse
3671 749 3730 803 in

2070 811 2190 890 Deo
2208 813 2480 890 Abrahae,
2510 820 2565 868 ut
2592 813 2963 890 Holofernem
2992 813 3208 869 ducem
3233 818 3526 890 exercitus
3554 821 3732 890 Assy-

2068 883 2318 960 riorum,
2353 885 2527 960 cujus
2559 886 2888 960 poteniiam
2923 890 3045 960 tota
3071 891 3222 960 terra
3255 889 3564 952 tremebat,
3599 883 3731 960 pro-

2069 956 2198 1029 prio
2247 955 2447 1029 gladio
2497 972 2684 1029 manu
2737 957 2972 1011 feminae
3011 957 3372 1029 decollaret;
3408 955 3618 1029 sponte
3667 977 3730 1015 se

2068 1027 2457 1092 circumcidit,
2487 1028 2807 1083 arbitratus
2838 1044 2905 1081 ex
2939 1043 3008 1081 eo
3049 1027 3179 1098 ipso
3227 1027 3576 1097 dignitatem
3620 1033 3730 1087 sibi

2067 1099 2544 1170 esseoquaesitam
2574 1099 2816 1168 (Iudith.
2864 1115 2980 1170 xiv,
3017 1099 3090 1169 6).
3125 1102 3328 1155 Nonne
3357 1118 3474 1170 pra:
3504 1118 3566 1155 se
3598 1102 3726 1168 fert,

2069 1169 2117 1222 si
2148 1168 2364 1244 aliquis
2396 1185 2504 1239 pro
2535 1172 2777 1244 nomine
2810 1169 3017 1224 Christi
3048 1168 3288 1225 Oculum
3341 1168 3442 1227 aut
3481 1173 3727 1244 aliquod

2065 1241 2406 1313 membrum
2434 1241 2700 1295 amiserit
2727 1242 2755 1293 ‘?
2799 1244 3000 1295 Nonne
3033 1247 3260 1311 partem
3297 1244 3487 1313 ipsam
3517 1241 3727 1300 burna.

2064 1311 2157 1365 nis
2189 1311 2443 1366 vultibus
2477 1312 2709 1380 ingerit,
2760 1317 2824 1366 ut
2877 1319 3166 1382 appareat
3208 1311 3500 1381 gloriosus
3547 1316 3572 1368 ?
3618 1320 3724 1371 Pro

2063 1381 2182 1438 ﬁde
2219 1383 2377 1437 enim
2408 1382 2631 1452 aliquid
2677 1383 2753 1437 ad
2786 1381 3021 1452 tempus
3053 1385 3339 1450 amittere,
3371 1387 3602 1440 lucrum
3637 1393 3724 1442 est

2064 1453 2276 1527 facere.
2307 1454 2393 1527 ita
2423 1461 2478 1509 et
2499 1453 2801 1509 Abraham
2830 1454 2967 1507 ﬁdei
2987 1471 3115 1527 sua:
3139 1455 3374 1522 signum
3403 1458 3721 1527 accipiens,

2063 1540 2183 1580 non
2219 1524 2589 1580 deformatus
2613 1531 2718 1591 est,
2755 1529 2860 1578 sed
2890 1524 3232 1579 melioratus
3267 1527 3363 1596 (a).
3400 1524 3725 1596 Spirituali-

2063 1600 2149 1651 ter
2173 1611 2310 1650 vero
2325 1597 2437 1651 hoc
2461 1598 2837 1666 signiﬁcavit,
2857 1597 2999 1666 quia
3019 1596 3236 1650 nebula
3255 1599 3449 1652 carnis
3468 1600 3718 1653 circum-

2061 1667 2179 1748 cidi
2200 1668 2460 1748 debebat
2476 1685 2510 1724 a
2529 1668 2810 1748 cordibus
2827 1667 3268 1748 hominumper
3280 1669 3458 1723 ﬁdem
3477 1669 3718 1748 Christi:

2060 1739 2204 1807 quia
2242 1739 2496 1795 carnalis
2549 1755 2712 1793 error
2741 1738 3043 1804 obstabat,
3076 1738 3395 1806 caliginem
3429 1747 3721 1810 praestans

2061 1810 2343 1865 humanis
2405 1810 2710 1875 cordibus,
2768 1825 2842 1864 ne
2878 1815 3308 1878 cognoscerent
3364 1813 3719 1868 Creatorem.

2059 1881 2364 1962 Abraham
2391 1888 2628 1962 autem,
2650 1881 2794 1962 quia
2824 1885 2880 1936 et
2907 1881 3248 1962 promissus
3277 1887 3363 1962 est
3397 1898 3466 1937 ex
3492 1884 3721 1962 semine

2061 1953 2192 2023 ejus
2238 1953 2468 2007 futurus
2497 1952 2780 2020 Christus,
2822 1952 2925 2023 qui
2955 1952 3112 2008 hanc
3143 1952 3457 2020 caliginem
3503 1954 3724 2009 abster-

2060 2028 2239 2094 geret,
2270 2023 2405 2079 ideo
2437 2024 2821 2080 circumcisus
2851 2028 2964 2088 est,
2996 2025 3138 2095 quia
3169 2023 3356 2078 ﬁlium
3387 2026 3632 2080 credidit
3662 2042 3722 2080 se

2059 2095 2810 2167 habiturum,quierrorem
2826 2095 2984 2150 hunc
2998 2095 3492 2167 amputaret.Jam
3507 2096 3720 2161 vide,si

2061 2183 2181 2222 non
2215 2168 2611 2238 congrueilla
2641 2169 2699 2222 in
2723 2172 2888 2238 parte
2923 2167 3011 2222 vel
3045 2167 3158 2222 tale
3190 2167 3434 2234 signum
3459 2169 3710 2238 accepit.

2133 2238 2269 2293 XIII.
2299 2236 2367 2278 ε
2397 2239 2452 2294 Si
2479 2236 2776 2310 judicium
2812 2238 2911 2292 Dei
2933 2238 3160 2306 justum
3191 2245 3298 2307 est,
3325 2254 3506 2310 quare
3529 2236 3716 2294 infan-

2061 2313 2146 2365 tes
2174 2311 2230 2364 in
2251 2309 2529 2366 Sodomis
2559 2309 2740 2365 simul
2772 2325 2904 2364 cum
2932 2309 3280 2380 parentibus
3313 2309 3557 2366 cremati
3583 2315 3721 2367 sunt

2063 2381 2213 2453 (Gen.
2248 2398 2368 2447 xxx,
2401 2382 2491 2452 25)
2522 2382 2548 2436 ?

2133 2454 2200 2508 Ut
2242 2453 2418 2508 nimis
2453 2449 2706 2523 impium
2754 2450 2983 2506 facinus
3034 2449 3475 2523 Sodomitarum
3525 2451 3718 2521 possit

2057 2525 2307 2594 adverti,
2328 2522 2640 2594 peccatum
2662 2539 2869 2578 eorum
2897 2522 3164 2594 pervenit
3187 2537 3374 2594 usque
3403 2522 3478 2577 ad
3508 2537 3718 2594 necem

2058 2593 2643 2667 ﬁiiorum’ipsorum,
2677 2609 2750 2648 ne
2799 2594 2874 2648 de
2914 2593 3140 2667 origine
3190 2593 3717 2667 illorum__signum

2058 2665 2305 2737 aliquod
2327 2663 2672 2721 remaneret.
2699 2668 2902 2720 Nonne
2930 2664 3241 2734 provisum
3273 2669 3360 2737 est
3391 2663 3505 2720 illis
3521 2681 3596 2737 ne
3615 2664 3718 2720 diu

2060 2735 2319 2792 viventes
2345 2737 2620 2808 exempla
2653 2742 3041 2807 sequerentur
3064 2741 3301 2806 patrum
3321 2735 3350 2786 ‘?
3376 2739 3420 2808 Α
3443 2736 3719 2803 gehenna

2057 2809 2218 2864 enim
2256 2808 2423 2865 liberi
2452 2807 2608 2872 sunt,
2641 2808 2702 2862 in
2734 2807 2928 2864 aliena
2953 2823 3138 2862 causa
3167 2808 3345 2862 occisi
3377 2807 3474 2877 (ὁ).
3510 2810 3720 2862 Paren-

2057 2885 2144 2936 tes
2171 2881 2328 2935 enim
2363 2886 2484 2936 tam
2520 2896 2626 2950 pro
2654 2896 2736 2944 se,
2777 2894 2960 2951 quam
2995 2894 3101 2949 pro
3140 2877 3232 2933 his
3263 2878 3342 2951 rei
3385 2885 3543 2947 sunt,
3578 2879 3720 2951 quia

2058 2957 2121 3007 ut
2151 2967 2358 3007 eorum
2405 2949 2588 3022 opera
2618 2949 3118 3022 oblitterarentur,
3168 2950 3366 3022 omnis
3403 2949 3718 3020 progenies

2056 3023 2325 3092 ipsorum
2352 3021 2521 3077 erasa
2553 3026 2658 3076 est.
2715 3024 2862 3076 Nam
2893 3021 3041 3076 sicut
3073 3022 3146 3075 de
3190 3021 3365 3076 bonis
3402 3027 3720 3092 parentum

2060 3093 2171 3147 laeti
2202 3099 2339 3148 sunt
2363 3094 2485 3157 ﬁlii,
2516 3108 2586 3148 eo
2605 3093 2767 3163 quod
2791 3092 3290 3148 commendentur
3320 3093 3720 3162 praerogativa

2055 3163 2295 3219 illorum
2325 3183 2340 3234 ;
2381 3165 2467 3220 sic
2499 3171 2553 3219 et
2584 3163 2658 3218 de
2697 3169 2910 3227 morte,
2945 3167 3079 3233 qine
3123 3179 3231 3230 pro
3251 3163 3437 3234 malis
3481 3163 3718 3218 illorum

2058 3234 2325 3300 infertur,
2349 3235 2535 3306 queri,
2551 3249 2668 3289 non
2699 3237 2968 3305 possunt.
2995 3233 3523 3306 Quemadmodum
3557 3236 3718 3306 enim

2056 3303 2391 3380 participes
2416 3303 2898 3380 in__lucro'_sun§
2931 3319 3176 3359 necesse
3207 3309 3294 3359 est
3327 3303 3540 3380 ut_sint
3575 3309 3629 3358 et
3656 3305 3717 3359 in

2056 3374 2302 3434 damno.
2339 3377 2614 3435 Similiter
2646 3384 2700 3432 et
2728 3377 2784 3431 in
2828 3376 3088 3447 Egypto
3121 3390 3229 3447 pro
3261 3374 3442 3447 noxis
3479 3383 3714 3445 patrum

2055 3450 2210 3521 plexi
2254 3454 2391 3505 sunt
2431 3449 2555 3513 ﬁlii,
2608 3448 2712 3504 sed
2745 3447 2919 3521 ut‘ad
2947 3446 3452 3521 emendationem
3508 3461 3715 3521 eorum

2054 3509 2368 3594 proﬁceret
2393 3538 2404 3576 :
2430 3526 2491 3594 ut
2511 3509 2663 3594 quia
2687 3536 2758 3575 ex
2781 3509 2912 3575 aliis
2945 3518 3145 3594 causis
3183 3516 3635 3594 Deum_credere
3662 3521 3716 3571 et

2053 3587 2346 3659 venerari,
2381 3593 2482 3664 qui
2509 3587 2567 3646 in
2596 3595 2786 3664 Moyse
2833 3589 3346 3664 erat,_noluerunt,
3381 3587 3493 3643 hac
3534 3589 3716 3664 plaga

2054 3664 2231 3719 territi
2266 3659 2697 3718 conﬁterentur
2720 3678 2856 3717 cum
2893 3660 3310 3725 satisfactione,
3347 3675 3420 3714 ne
3474 3659 3717 3726 gravius

2051 3735 2213 3790 hunc
2262 3741 2491 3790 reatum
2538 3734 2839 3789 sentirent.
2878 3734 3010 3787 Haec
3043 3747 3183 3802 ergo
3223 3747 3388 3786 mors
3432 3730 3712 3802 ﬁliorum,

2052 3807 2277 3862 crimen
2309 3811 2396 3861 est
2426 3810 2683 3876 patrum.
2719 3801 3129 3876 Quocumque:
3159 3804 3315 3858 enim
3369 3803 3552 3857 modo
3605 3801 3714 3856 ﬁlii

2051 3878 2321 3933 debitum
2353 3875 2626 3949 spiritum
2665 3876 3068 3949 reddiderunt,
3101 3875 3278 3932 futuri
3328 3878 3712 3949 accusatores

2051 3945 2564 4021 parentumIquia
2584 3947 2899 4019 perﬁdiam
2924 3963 3096 4002 suam
3126 3962 3234 4021 nec
3254 3947 3546 4021 sanguine
3567 3945 3713 4021 ﬁlio;

2050 4015 2186 4077 rum
2221 4015 2456 4077 vincere
2483 4015 2998 4092 potuerunt._Non
3038 4033 3179 4087 ergo
3204 4019 3263 4073 in
3290 4017 3579 4092 futurum,
3610 4015 3713 4072 sed

2051 4094 2127 4149 ad
2157 4109 2422 4168 praesens
2473 4087 2702 4168 tempus
2741 4090 2900 4168 mala
2931 4095 3248 4168 paeentum
3282 4087 3433 4168 ﬁlios
3479 4089 3713 4168 invene-

2048 4160 2206 4221 run't.
2242 4167 2356 4220 Nec
2381 4160 2823 4237 qualecumque
2853 4162 3213 4237 beneﬁcium
3240 4164 3344 4224 est,
3380 4160 3711 4237 glorioeum

2048 4252 2170 4292 non
2218 4252 2368 4300 esse,
2400 4229 2510 4292 nec
2570 4229 2772 4308 tamen
2821 4249 2992 4308 reum
3034 4234 3122 4303 (ο).
3154 4234 3318 4308 Nam
3361 4230 3406 4282 si
3461 4229 3712 4308 quidam

2048 4323 2187 4363 cum
2239 4298 2514 4379 precibus
2564 4306 2886 4379 enituntur,
2919 4304 2980 4358 in
3036 4298 3354 4379 postremis
3387 4299 3584 4369 positi,
3634 4298 3712 4379 ad

2047 4368 2254 4434 ﬁdem'
2282 4395 2483 4434 veram
2544 4376 2850 4440 accedere,
2903 4379 2983 4437 ut,
3020 4368 3067 4427 si
3115 4387 3236 4426 non
3277 4368 3587 4436 coronam,
3616 4368 3710 4440 vel

2047 4451 2288 4506 veniam
2325 4453 2666 4505 mereantur
2695 4465 2706 4512 ;
2761 4439 3070 4517 quomodo
3101 4446 3379 4517 poterunt
3410 4441 3552 4495 hinc
3602 4439 3711 4494 ali-

2046 4522 2192 4598 quid
2223 4521 2411 4598 queri,
2469 4535 2620 4598 cum_
2657 4516 2877 4598 quibus
2922 4517 3000 4570 ita
3031 4520 3229 4598 actum
3262 4516 3367 4574 est,
3417 4517 3707 4598 ut‘n‘eque

2046 4581 2198 4648 esset
2216 4581 2374 4646 u‘nde
2397 4581 2622 4662 ignosci
2648 4581 2758 4662 sibi
2779 4591 3179 4662 precarentur,
3201 4598 3394 4662 neque
3421 4581 3709 4662 sublimes

2045 4653 2566 4732 haberentiirquia
2587 4653 2831 4732 minime
2846 4658 3265 4732 laboraverunt
3280 4653 3533 4732 ‘lConfer
3549 4667 3708 4708 nunc

2047 4734 2224 4788 unius
2251 4725 2538 4788 mome'nti
2570 4731 2901 4805 cruciatum
2943 4729 3021 4805 ad
3055 4727 3222 4805 multi
3251 4725 3543 4805 temporis
3578 4741 3704 4805 pce-

2047 4821 2210 4860 nam.
2259 4805 2556 4860 Arbitrare
2602 4804 2780 4859 etiam
2837 4801 3055 4856 multos
3112 4799 3406 4861 laborare,
3460 4801 3514 4851 et
3565 4799 3707 4868 quia

2086 4892 2422 4932 erseverare
2454 4891 2572 4931 non
2601 4879 2873 4946 possunt,
2917 4887 3037 4928 non
3065 4871 3259 4947 solum
3292 4869 3573 4947 effectum
3608 4868 3702 4922 la-

2090 4949 2209 5004 oris
2241 4949 2530 5013 amittere,
2560 4941 2660 5002 sed
2691 4951 2745 5019 et
2777 4961 2952 5019 poena
2984 4943 3244 5019 multari.
3286 4941 3479 5019 Adde.
3502 4941 3703 5019 etiam,

2046 5022 2189 5092 quia
2215 5019 2453 5074 difﬁcile
2484 5019 2558 5074 de
2606 5016 2792 5092 malis
2819 5016 2964 5081 nati,
3013 5020 3067 5071 et
3108 5016 3256 5070 inter
3303 5016 3706 5092 nequissimos

2045 5083 2280 5147 educati
2310 5092 2397 5145 vel
2441 5091 2794 5156 conversati,
2831 5091 3093 5161 mentem
3135 5101 3319 5161 suam
3368 5083 3708 5161 temperant

2047 5163 2124 5218 ad
2151 5163 2523 5232 disciplinam
2563 5163 2654 5216 Dei
2704 5159 3097 5232 sequendam.
3131 5157 3271 5210 Vide
3287 5169 3467 5232 ergo,
3502 5157 3549 5205 si
3582 5165 3704 5208 non

2048 5234 2240 5314 mergis
2282 5225 2433 5314 herle
2464 5238 2666 5314 actum
2700 5225 2807 5314 est:
2827 5247 2962 5286 cum
2999 5229 3126 5311 filiis
3160 5225 3555 5314 perditoru‘m.

2117 5295 2243 5361 Χῖν.
2274 5335 2340 5345 -
2368 5304 2521 5369 Quid
2553 5308 2642 5359 est
2664 5309 2726 5360 ut
2767 5303 2942 5367 Deus,
2976 5301 3077 5373 qui
3103 5295 3299 5371 justus
3330 5295 3704 5369 praedicatur,

2130 5484 2180 5554 ᾳ)
2210 5480 2674 5554 ξθιίςιιιιιφβρρεὶ
2703 5480 2756 5527 in
2789 5475 3166 5554 Meeaseeundi
3196 5474 3449 5554 generis..-
3495 5536 3504 5544 .

2108 5485 2180 5606 ἔτι)
2210 5485 2493 5554 Reliquum
2525 5485 2674 5552 deest
2703 5485 2756 5527 in
2789 5485 3166 5550 Mssasecundi
3196 5487 3424 5538 generis.
3495 5536 3504 5544 .

2131 5547 2178 5604 b)
2210 5546 2428 5595 Cautius
2458 5543 2714 5592 Alcuinus
2736 5557 2788 5604 q.
2813 5543 2900 5608 183
2927 5555 2977 5608 in
3019 5540 3144 5588 Gen.
3183 5555 3208 5584 ε
3237 5538 3298 5586 Et
3326 5537 3575 5608 ut_levms
3592 5547 3706 5584 cru-

2047 5601 2273 5664 cientur,
2305 5609 2384 5656 vel
2418 5608 2641 5656 omnino
2678 5601 2783 5655 non
2812 5605 2865 5652 in
2902 5604 3076 5652 aliena
3101 5614 3266 5650 causa.
3295 5601 3473 5664 occisi.
3513 5614 3538 5647 ι

2112 5672 2176 5732 (c)
2208 5660 2359 5734 Apud
2393 5670 2598 5734 Alcuin.
2624 5668 2821 5718 clarius
2843 5667 2896 5715 in
2920 5682 2970 5730 q.
3009 5665 3093 5712 183
3117 5664 3169 5734 i_n
3198 5664 3333 5734 _Ge_n.
3356 5680 3378 5708 ε
3399 5663 3488 5712 Est
3518 5660 3710 5734 quaiaa-

2050 5726 2278 5799 cumque
2292 5733 2629 5787 beneﬁcium,
2646 5744 2794 5784 reum
2811 5743 2916 5780 non
2931 5726 3045 5779 esse
3057 5727 3146 5795 qui
3161 5726 3426 5792 gloriosus
3439 5737 3548 5776 non
3562 5726 3657 5774 est.
3676 5739 3702 5768 ι
