4120 6202
497 2 530 3 κέ
539 2 562 3 γέ
573 2 592 5 ν-
615 2 644 5 --
653 0 3786 30 -κῄῂ--ε-Ἥ
3807 0 4083 32 σακε-*ετξ

261 225 406 282 2233

337 348 663 420 Indignum
720 346 950 420 facinus
993 346 1226 404 mstimo
1265 344 1316 403 si
1354 348 1682 405 secundum
1733 349 1921 406 verba

262 419 532 476 historiae
577 419 1031 474 commendetur
1055 434 1359 475 assensus.
1417 420 1728 485 Quomodo
1758 421 1918 477 enim

259 492 390 548 ﬁeri
418 497 673 562 poterat,
704 495 765 546 ut
790 495 914 546 arte
945 491 1182 560 magica
1199 493 1588 547 attraheretur
1606 493 1707 560 vir,
1736 497 1794 547 et
1814 510 1916 548 na-

263 564 491 620 tivitate
545 565 809 625 sanctus,
848 568 904 617 et
939 562 1068 617 vitae
1112 563 1394 634 operibus
1426 564 1638 635 justus
1671 564 1698 619 εἶ
1735 572 1839 620 aut
1869 563 1918 619 si

260 651 384 691 non
419 639 708 690 attractus
737 636 849 707 est,
883 636 1184 707 consensit
1214 635 1242 690 'i
1273 634 1460 707 Quod:
1491 641 1812 707 utrumque
1842 635 1916 690 de

259 708 391 762 viro
417 707 579 777 justo
609 706 849 777 credere
871 704 1201 777 absurdum
1251 711 1356 761 est.
1410 705 1465 761 Si
1509 707 1666 762 enim
1697 704 1917 763 invitus

260 775 562 834 adductus
584 781 693 849 est,
719 775 946 832 nullum
977 775 1330 849 suffragium
1356 777 1536 833 habet
1561 780 1794 849 justitia
1827 795 1840 843 ;
1867 779 1916 833 si

262 855 468 905 autem
525 847 920 921 voluntarius,
980 848 1184 904 amisit
1255 850 1532 904 meritum
1565 847 1914 921 ‘spirituale,

259 921 426 993 quod
450 920 678 991 positus
706 920 764 975 in
795 921 1361 993 carnequassiverat
1393 922 1586 992 :quod
1609 920 1779 977 valde
1811 922 1916 977 ab-

263 990 518 1065 surdum
552 995 644 1065 esi.
676 1006 690 1056 ;
721 991 865 1061 quia
897 990 1000 1061 qui
1029 990 1168 1065 hinc
1195 992 1392 1062 justus
1417 990 1658 1065 recedit,
1685 1009 1918 1065 perma-

261 1069 364 1120 net
376 1063 597 1134 justuﬁs.
617 1061 793 1117 Porro
813 1068 1014 1134 autem
1040 1062 1154 1117 hoc
1174 1061 1258 1118 est
1274 1064 1642 1133 praestigium
1667 1061 1911 1128 satanas.

260 1133 388 1207 quo
411 1139 472 1207 ut
499 1133 783 1207 plurimos
822 1133 1004 1207 fallat,
1040 1134 1217 1207 etiam
1274 1136 1464 1189 bonos
1516 1137 1573 1190 in
1625 1142 1915 1206 potestate

257 1204 322 1262 se
350 1205 571 1261 habere
602 1204 910 1273 conﬁngit.
958 1206 1128 1269 Quod
1171 1209 1494 1276 Apostolus
1526 1204 1674 1262 inter
1704 1214 1916 1263 caetera

258 1278 357 1339 ait,
396 1276 1107 1350 Ipsegatanastransﬁgurat
1127 1293 1180 1350 se
1205 1277 1263 1331 in
1275 1278 1668 1347 angetumlucis
1693 1280 1762 1350 (ll
1787 1279 1910 1334 Cor.

259 1366 340 1420 xi,
368 1347 483 1417 14).
521 1347 591 1403 Ut
619 1348 778 1402 enim
816 1363 1074 1420 errorem
1128 1348 1362 1412 faceret,
1392 1350 1450 1403 in
1503 1365 1626 1420 quo
1678 1347 1734 1405 et
1787 1350 1916 1420 ipse

259 1419 638 1490 gloriaretur,
661 1420 719 1473 in
737 1420 943 1474 habitu
979 1419 1077 1473 viri
1100 1420 1242 1490 justi
1273 1419 1589 1476 etnomine
1605 1436 1668 1476 se
1701 1419 1918 1476 subor-

259 1492 430 1547 navit
463 1508 476 1546 :
512 1490 768 1563 utunihil
807 1490 1095 1562 proﬁcere
1123 1507 1289 1562 spem
1314 1508 1444 1563 quae
1476 1493 1916 1562 praedicabatur

257 1563 362 1618 Dei
390 1561 738 1627 cultoribus,
767 1561 1118 1617 mentiretur
1140 1561 1435 1634 ,quatido
1461 1561 1600 1619 hinc
1631 1571 1914 1619 exeuntes

258 1635 452 1708 iustos
482 1634 650 1708 tinxit
680 1634 739 1687 in
771 1648 882 1708 sua
921 1648 1056 1688 esse
1085 1641 1388 1708 potestate.
1407 1636 1544 1708 HSed
1595 1636 1706 1691 hoc
1737 1652 1914 1708 quos-

261 1704 407 1778 dam
430 1704 593 1770 fallit,
627 1705 788 1776 quod
819 1705 1096 1760 demorte
1124 1707 1264 1762 Saﬁl
1293 1707 1618 1762 etﬁliorum
1637 1704 1774 1778 ejus
1793 1723 1913 1763 non

256 1777 334 1832 sit
356 1778 668 1831 mentitus:
697 1778 872 1846 quasi
906 1791 1085 1846 magn
1097 1793 1194 1832 um
1217 1778 1291 1832 sit
1311 1778 1574 1843 diabolo,
1595 1777 1731 1834 ante
1753 1779 1911 1834 diem

256 1863 544 1932 occasum
574 1850 838 1917 corporis
868 1849 1214 1932 praevidere,
1258 1865 1396 1931 cum
1430 1852 1600 1920 signa
1629 1851 1912 1932 quaedam

257 1919 809 1993 soleantapparere
842 1919 1143 1993 morituris
1176 1937 1188 1986 ;
1231 1920 1456 1992 quippe
1487 1919 1524 1977 a
1565 1919 1787 1993 quibus
1813 1921 1911 1977 Dei

255 1990 550 2062 protectio
572 1996 775 2062 amota
816 1991 1067 2046 videtur.
1111 1990 1359 2058 Quanto
1387 1990 1603 2062 magis
1633 1993 1911 2048 diabolus

256 2061 461 2145 quem.
491 2061 782 2145 angelica.
822 2062 1134 2145 majestate
1167 2061 1520 2145 ‘subliinem’
1561 2065 1912 2145 prophetica

255 2132 505 2205 Oracula
539 2133 718 2205 fuisse
770 2137 1106 2205 testantur;
1147 2135 1221 2188 de
1269 2134 1441 2205 cujus
1495 2132 1909 2203 magnitudine

255 2204 578 2279 Apostoius
611 2204 710 2279 ait,
740 2204 829 2279 An
855 2205 1122 2276 ignoratis
1164 2204 1514 2279 altitudinem
1543 2215 1746 2262 satanas
1797 2207 1905 2279 (Id.

255 2275 323 2340 il,
357 2276 445 2347 lt)
477 2275 504 2329 ?
535 2275 705 2349 Quid
727 2275 1141 2349 miru’m_ergo
1173 2278 1220 2332 si
1265 2279 1678 2333 imminentem
1723 2275 1908 2349 prope

256 2346 511 2402 mortem
546 2346 734 2418 potuit
761 2347 1107 2417 prasvidere,
1140 2363 1277 2404 cum
1307 2349 1424 2404 hoc
1448 2351 1520 2405 sit
1551 2346 1905 2418 unde'fallit,

254 2422 314 2474 et
339 2432 401 2474 se
433 2418 493 2490 in
537 2419 631 2474 Dei
661 2423 948 2490 potestate
975 2419 1099 2474 vult
1123 2420 1361 2475 adorari
1393 2421 1421 2475 ‘I
1447 2424 1592 2477 Nam
1623 2426 1786 2476 tanta
1811 2421 1909 2476 he-

255 2489 818 2564 betudineidemens
850 2489 1190 2545 eﬂ‘ectusest
1223 2491 1380 2558 Saﬁl,
1404 2498 1464 2548 ut
1495 2493 1571 2547 ad
1602 2493 1906 2564 pythonis~

257 2576 389 2635 sam
421 2560 786 2631 confugeret.
817 2564 1186 2635 Depravatus
1225 2564 1385 2618 enim
1431 2560 1619 2619 causa
1644 2560 1901 2635 'peccati,

257 2633 338 2688 ad
372 2633 499 2688 haec
530 2649 592 2706 se
632 2632 878 2706 contulit
909 2649 1042 2704 qua:
1073 2634 1481 2690 damnaverat.
1529 2635 1643 2691 Sed
1658 2632 1724 2689 ἐἰ
1769 2636 1904 2706 quis

257 2710 504 2775 propter
533 2704 865 2769 historiam,
897 2712 952 2759 et
972 2720 1041 2762 ea
1068 2721 1201 2776 qum
1233 2706 1428 2761 verbis
1449 2722 1733 2776 expressa
1765 2704 1906 2762 sunt

257 2782 425 2846 putet
447 2791 568 2830 non
592 2777 1116 2846 praetermittenda,
1151 2793 1223 2831 ne
1255 2778 1404 2833 ratio
1429 2778 1689 2833 historiae
1711 2778 1904 2833 inanis

260 2846 340 2919 sit
373 2864 386 2912 ;
428 2852 581 2902 recte
612 2847 785 2902 faciet
833 2848 1102 2919 quidem,
1136 2848 1185 2902 si
1221 2853 1418 2904 tamen
1473 2849 1719 2904 minime
1748 2849 1904 2904 istud

259 2918 339 2972 ad
368 2919 486 2973 veri
520 2919 715 2990 rapiat
746 2918 1057 2983 ratiOnem,
1101 2920 1203 2974 sed
1238 2920 1312 2974 ad
1343 2921 1538 2975 visum
1569 2927 1622 2975 et
1653 2921 1907 2975 intellec-

253 2992 404 3062 tum.
450 2989 604 3045 Saﬁl’
627 3006 891 3062 namque
940 2991 1230 3061 reprobus
1262 2991 1471 3057 factus,
1513 3007 1634 3048 non
1677 2996 1908 3062 poterat

258 3060 493 3116 bonum
521 3060 883 3117 intellectum
914 3060 1156 3117 habere.
1192 3062 1508 3117 Historicus
1541 3060 1698 3118 enim
1725 3079 1909 3117 mem-

260 3137 376 3205 tem
412 3133 549 3188 Saﬁl
572 3139 629 3188 et
671 3132 939 3189 habitum
978 3133 1272 3190 Samuelis
1303 3134 1636 3203 descripsit,
1676 3150 1746 3190 ea
1773 3149 1908 3205 quae

257 3202 424 3258 dicta
461 3209 516 3258 et
542 3205 679 3276 _visa
727 3210 866 3260 sunt
922 3206 1264 3276 exprimens
1298 3221 1312 3271 ;
1353 3202 1825 3276 prmtermitlens,
1860 3205 1908 3260 si

256 3289 400 3348 vera
424 3290 498 3329 an
532 3274 682 3331 falsa
710 3277 847 3331 sint.
883 3274 1031 3341 Quid
1056 3277 1217 3332 enim
1249 3277 1331 3332 ait
1357 3274 1385 3331 ?
1407 3277 1667 3332 Audiens
1699 3278 1758 3332 in
1787 3292 1910 3348 quo

255 3345 476 3419 habitu
504 3352 656 3402 esset
688 3349 995 3419 excitatus,
1031 3349 1338 3412 Intellexit,
1382 3349 1593 3419 inquit,
1639 3349 1778 3404 hunc
1807 3345 1911 3403 Esse

255 3416 576 3472 Samuelem.
598 3418 751 3483 Quid
773 3419 1119 3474 intellexerit
1135 3419 1351 3484 retulit,
1383 3426 1438 3476 et
1460 3416 1602 3484 quia
1622 3436 1742 3475 non
1761 3421 1909 3475 bene

257 3488 563 3555 intellexit,
592 3495 800 3546 contra
831 3491 1194 3561 Scripturam
1225 3491 1408 3546 alium
1433 3488 1699 3547 adoravit
1725 3507 1908 3562 quam

262 3562 451 3631 Deum
482 3575 494 3622 ;
526 3565 581 3616 et
612 3567 830 3631 putans
864 3562 1221 3630 Samuelem,
1271 3563 1545 3619 adoravit
1575 3563 1908 3626 diabolum,

259 3636 326 3685 ut
357 3630 886 3688 fructum’fallacim
901 3649 1022 3689 suae
1036 3634 1283 3689 haberet
1313 3640 1576 3690 satanas.
1603 3635 1723 3690 Hoc
1749 3634 1909 3690 enim

257 3701 576 3776 nititur,_ut
615 3703 893 3759 adoretur
920 3705 1096 3776 quasi
1130 3708 1300 3760 Deus.
1355 3707 1408 3762 Si
1439 3707 1598 3760 enim
1639 3721 1770 3760 vere
1816 3707 1912 3761 Sa-

255 3773 421 3848 muel
454 3773 533 3829 illi
567 3773 972 3848 apparuissef,
1019 3793 1139 3832 non
1194 3777 1396 3848 utique
1427 3778 1513 3832 vir
1555 3777 1750 3846 justus
1783 3792 1910 3848 per-

259 3844 521 3918 misisset
550 3844 887 3910 sea'dorari,
921 3848 1022 3918 qui
1045 3844 1478 3918 prtedica'verat
1500 3844 1684 3902 Deum
1715 3844 1910 3903 solum

255 3930 388 3990 esse
414 3915 814 3990 adorandum.
851 3915 1238 3990 Elquomodo
1258 3919 1442 3974 homo
1475 3920 1594 3983 Dei,
1637 3921 1740 3990 qui
1772 3935 1911 3975 cum

255 3985 569 4060 Abraham
595 3988 654 4043 in
686 3985 994 4059 refrigerio
1024 3997 1167 4054 erat,
1196 3990 1432 4046 dicebat
1453 3991 1530 4046 ad
1559 3985 1750 4045 virum
1776 4007 1912 4060 pes-

257 4058 788 4132 iiieniize,_dignum
812 4058 1024 4117 ardore
1047 4064 1357 4132 gehennae,
1383 4063 1518 4118 Cras
1546 4079 1745 4118 mecum
1759 4058 1866 4117 eris
1882 4063 1910 4119 7

256 4129 632 4205 Hisduobus
659 4132 846 4205 titulis
870 4129 1254 4190 subtilitatem
1286 4134 1535 4189 fallaciae
1568 4151 1692 4191 sum
1715 4135 1912 4205 prodi-

257 4200 347 4277 dit
375 4200 749 4277 improvidus
780 4208 1044 4273 satanas,
1074 4205 1218 4277 quia
1248 4211 1304 4260 et
1331 4205 1568 4277 adorari
1610 4223 1670 4260 se
1698 4200 1912 4276 permi-

261 4273 339 4327 sit
367 4273 482 4345 sub
507 4273 736 4340 habitu,
764 4273 1404 4333 etnomine'Samuelis
1427 4282 1632 4332 contra
1661 4273 1870 4345 Legem
1895 4293 1908 4342 ;

256 4348 314 4400 et
346 4344 529 4400 virum
559 4347 815 4416 peccatis
848 4363 1142 4418 pressum,
1178 4365 1315 4402 cum
1368 4363 1593 4417 magna
1629 4344 1911 4404 distantia

251 4423 642 4490 peccatorum
682 4423 738 4473 et
762 4419 1060 4488 justorum
1092 4420 1185 4474 sit.
1221 4435 1360 4475 cum
1389 4420 1662 4475 Samuele
1706 4419 1910 4490 justiso

251 4485 415 4561 simio
445 4486 711 4561 futurum
738 4485 1017 4545 mentitus
1046 4495 1152 4546 est.
1177 4493 1388 4546 Verum
1423 4496 1615 4561 potest
1645 4485 1833 4546 videri
1864 4491 1911 4545 si

252 4559 652 4635 de_Sa_muelis
685 4562 929 4635 nomine
961 4566 1245 4635 taceatur,
1278 4559 1593 4635 quia—Saﬁl
1621 4579 1757 4635 cum
1789 4561 1910 4618 dia-

254 4626 397 4706 bolo
411 4628 644 4706 futurus
659 4638 804 4688 erat.
821 4634 906 4688 Ad
924 4648 1058 4706 eum
1076 4626 1714 4706 animitransmigravit,
1729 4649 1909 4706 quem

250 4698 549 4756 adoravit.
589 4703 833 4774 Semper
857 4704 1019 4759 enim
1044 4704 1321 4761 diabolus
1353 4707 1466 4761 sub
1501 4698 1794 4761 velamine
1828 4706 1911 4761 la-

253 4776 388 4827 tens
411 4811 427 4836 ,
453 4773 654 4849 prodit
680 4773 763 4840 se,
795 4775 939 4830 dum
967 4791 1056 4849 ea!
1073 4776 1361 4846 conﬁngit
1391 4793 1524 4849 quae
1550 4778 1912 4833 abhorreant

251 4857 288 4898 a
317 4845 614 4918 perennis,
647 4860 752 4918 per
782 4861 934 4918 quas
959 4846 1162 4902 fallere
1191 4845 1411 4903 nititur.

330 4914 564 4990 XXVIII.
594 4914 843 4990 —'AQuid
866 4919 1395 4974 contradicendum
1423 4918 1714 4990 iissit,qui
1740 4934 1908 4973 mun-

250 4983 403 5040 dum
436 4985 712 5062 istumab
743 4991 1330 5062 aeternonaturaliter
1350 4993 1575 5045 moveri
1609 4983 1906 5062 inquiunt,

254 5071 449 5131 neque
480 5057 667 5131 initio,
698 5075 892 5131 neque
916 5060 1221 5117 abolitioni
1253 5061 1582 5118 obnoxium
1614 5061 1641 5116 ‘I

251 5197 262 5208 ⁸
330 5129 1253 5208 Mundumabmternoeoustare
1285 5140 1340 5189 et
1367 5132 1744 5208 nnllidebere
1769 5130 1907 5187 sub-

242 5200 591 5280 jec‘tionem,
624 5203 1024 5280 improbabile
1056 5209 1112 5259 et
1143 5205 1513 5275 impossibile
1559 5210 1643 5258 est
1678 5221 1689 5258 :
1723 5219 1903 5274 quem

250 5270 546 5345 videmus
564 5270 732 5329 tanta
753 5275 1093 5330 diversitate
1120 5270 1349 5331 exstare
1372 5290 1692 5345 corporum
1721 5270 1906 5339 {cum

246 5341 396 5420 nihil
429 5342 784 5420 divinumet
804 5352 1092 5420 aeternum
1124 5341 1903 5420 possitesisernisisimplex,

248 5415 310 5467 in
342 5429 466 5485 quo
489 5415 973 5473 nulladiversitas
986 5415 1275 5484 videatur,
1305 5418 1410 5473 sed
1428 5419 1498 5472 sit
1517 5418 1730 5472 unitas.
1749 5415 1903 5472 Nam

245 5488 301 5560 et
336 5486 496 5541 vices
527 5487 689 5560 ipsas
722 5494 1057 5560 temporum
1079 5505 1196 5546 non
1227 5495 1442 5555 servat,
1480 5494 1674 5544 utnon
1709 5487 1903 5560 solum

251 5555 310 5610 in
334 5555 707 5629 temporibus
726 5555 924 5616 varius
943 5563 1036 5625 sit,
1055 5568 1153 5617 aut
1167 5562 1477 5616 contrariis
1492 5559 1904 5615 constetsubs-

248 5628 478 5694 tantiis,
508 5631 612 5703 sed
644 5636 699 5686 et
727 5632 787 5686 in
809 5633 953 5702 ipsis
981 5633 1206 5688 vicibus
1228 5637 1565 5703 temporum
1594 5647 1606 5683 :
1642 5647 1781 5686 cum
1808 5647 1901 5686 res

247 5703 474 5756 aeterna
526 5701 929 5760 diversitatem
963 5704 1298 5769 abhorreat,
1355 5701 1412 5759 et
1463 5704 1535 5760 sit
1573 5718 1682 5759 nec
1740 5707 1904 5759 tactu

247 5783 361 5826 nec
388 5771 518 5828 visu
540 5774 852 5848 capienda,
881 5780 1086 5848 utpote
1115 5774 1504 5849 incorporalis
1531 5792 1544 5833 :
1572 5774 1668 5832 hic
1698 5777 1903 5834 autem

1779 221 2162 279 APPENDIX.

3533 230 3678 288 2234

2021 347 2291 429 passioni
2305 348 2604 429 obnoxius
2631 352 2736 429 est,
2759 350 2905 429 quia
2925 353 2982 408 et
3009 367 3170 424 aqua
3195 360 3492 426 repugnat
3513 358 3634 429 igni
3660 380 3672 425 ;

2023 427 2077 476 et
2105 421 2259 496 ignis
2292 421 2341 476 si
2382 421 2852 496 ampliusfuerit,
2891 421 3378 496 superataquam
3405 445 3417 494 ;
3443 436 3497 484 et
3520 421 3674 488 [ἐπεὶ

2024 507 2162 547 cum
2186 492 2263 567 _sit
2290 499 2503 550 natura
2532 493 2701 567 arida
2722 499 2777 549 et
2807 492 3041 564 frigida,
3064 492 3672 567 patiturincendium,

2023 564 2197 690 quasi
2227 580 2319 618 res
2343 565 2688 636 corporalis.
2717 568 2918 637 Itaque
2940 564 3367 624 inconveniens
3393 578 3478 625 est
3504 564 3676 627 muni-

2073 652 2172 690 um
2201 641 2490 690 aeternum
2521 637 2936 690 dicere.auem
2961 654 3097 690 cum
3122 641 3671 690 videmnsnassinni

2073 652 2172 712 um
2201 641 2490 690 aeternum
2521 637 2936 712 dicere,quem
2961 654 3097 694 cum
3122 641 3394 696 videmus
3410 643 3675 712 passioni

2025 707 2387 780 subjectum,
2417 713 2477 780 et
2505 723 2608 778 per
2641 707 2862 765 saecula
2909 716 3209 765 senectute
3249 707 3521 780 deﬁcere,
3556 731 3678 770 cre-

2024 778 2225 855 dimus
2239 785 2296 833 et
2325 779 2502 834 ﬁniri.
2529 780 2676 844 Quid
2694 784 2966 855 censetur
2984 781 3058 836 de
3086 782 3349 849 homine,
3376 786 3480 855 qui
3508 778 3678 842 mun-

2024 850 2487 924 dum_aeternum
2518 856 2684 921 putat
2707 851 2910 907 ?Certe
2925 853 3107 908 homo
3137 856 3312 924 coepit
3334 850 3671 912 in'mundo:

2013 922 2150 976 sine
2180 921 2423 994 homine
2455 938 2595 991 ergo
2633 924 2725 977 cui
2757 921 3326 994 proﬁciebatannua
3345 927 3674 985 fecunditas

2023 992 2232 1048 mundi
2250 993 2287 1066 ‘Ii
2305 999 2390 1048 An
2412 994 2537 1049 sine
2560 992 2771 1066 aliqua
2788 995 3163 1066 providentia
3193 998 3518 1065 generabat
3550 1001 3577 1056 ?
3608 1002 3672 1055 Et

2023 1065 2333 1140 quomodo
2359 1070 2616 1140 aeternus
2633 1065 3037 1140 corruptibilia
3063 1075 3118 1121 et
3142 1069 3413 1125 mortalia
3430 1085 3674 1140 genera-

2024 1136 2145 1199 bat,
2180 1152 2317 1190 cum
2344 1136 2416 1190 de
2445 1143 2662 1193 aeterno
2701 1138 2916 1194 debeat
2940 1145 3227 1198 aeternum
3260 1136 3514 1196 existere
3544 1142 3570 1195 ?
3609 1144 3674 1198 Et

2021 1206 2185 1288 quod
2209 1206 2433 1288 visibile
2465 1214 2629 1288 estet
2654 1209 2904 1288 sentitur
2929 1215 2984 1264 et
3024 1213 3306 1288 tangitur,
3337 1228 3459 1283 qua
3490 1213 3674 1268 auda-

2023 1279 2113 1354 cia
2140 1283 2386 1354 vocatur
2410 1286 2698 1354 aeternum
2729 1279 2756 1332 ‘i
2788 1283 2849 1334 Et
2879 1280 3043 1352 quod
3077 1282 3303 1354 vicibus
3334 1279 3671 1354 temporum

2023 1349 2410 1414 ministratur,
2429 1352 2507 1405 ita
2528 1356 2589 1405 ut
2606 1350 2736 1421 ipsa
2751 1349 3022 1421 tempora
3037 1353 3362 1421 aliquando
3385 1349 3506 1410 no'n
3547 1371 3670 1410 ser-

2023 1369 2507 1414 mlUlSlI'allll',lla
2528 1369 2736 1421 utipsa
2751 1369 3022 1421 tempora
3037 1369 3110 1407 an
3165 1369 3362 1409 uando
3385 1371 3506 1410 ΠΟΠ
3547 1371 3669 1410 ser-

2022 1426 2162 1476 vent
2212 1421 2406 1494 ofﬁcia
2436 1438 2565 1494 sua,
2599 1422 2910 1492 quomodo
2961 1369 3290 1494 appeiiatur
3322 1432 3608 1482 aeternum
3643 1429 3669 1484 7

2023 1492 2338 1547 IEternitas
2365 1493 2523 1547 enim
2556 1508 2676 1548 non
2696 1492 3114 1563 corrumpitur,
3158 1511 3265 1550 nec
3302 1496 3665 1552 immutatur.

2096 1564 2273 1618 XXIX.
2305 1595 2374 1603 —
2423 1565 2616 1629 Quare
2666 1570 2878 1620 octavo
2910 1565 3003 1621 die
3049 1566 3403 1623 mandatum
3434 1574 3522 1624 est
3558 1570 3670 1624 cir-

2022 1635 2279 1690 cumcidi
2311 1635 2462 1702 (Gen.
2496 1652 2638 1699 xvn,
2668 1636 2806 1703 l2)?

2092 1706 2449 1780 Octavoidie
2479 1723 2515 1780 a
2570 1708 2873 1780 nativitate
2919 1706 3138 1763 idcirco
3184 1713 3551 1780 praeceptum
3578 1714 3668 1767 est

2020 1777 2380 1841 circumcidi,
2409 1778 2553 1849 quia
2578 1778 2750 1847 juxta
2779 1794 3096 1834 numerum
3139 1777 3202 1835 et
3222 1777 3518 1836 curricula
3547 1782 3666 1836 die—

2019 1864 2152 1903 rum
2198 1855 2446 1923 septem,
2476 1850 2603 1920 ipse
2633 1865 2870 1923 rursum
2902 1850 3129 1921 primus
3172 1851 3466 1906 invenitur
3495 1853 3670 1923 quasi

2019 1927 2152 1991 post
2183 1920 2524 1992 sabbatum,
2560 1925 2622 1976 ut
2643 1921 2769 1992 jam
2799 1920 2916 1992 non
2951 1926 3199 1978 octavus
3224 1920 3536 1986 habeatur,
3567 1923 3671 1979 sed

2020 1991 2452 2064 primussQuia
2500 1991 2862 2064 enimisalus
2894 1991 3094 2048 futura
3137 2009 3244 2064 per
3284 1993 3577 2049 Christum
3609 1994 3668 2049 in

2016 2063 2213 2134 primo
2242 2063 2337 2118 die
2372 2069 2505 2135 erat
2538 2063 2954 2135 praedestinata
2982 2064 3104 2135 (qui
3140 2063 3505 2120 ’Dominicus
3531 2065 3665 2121 ideo

2016 2134 2425 2208 dicitur,_quia
2462 2134 2550 2190 in’
2576 2151 2646 2189 eo
2694 2134 3034 2208 resurrexit
3072 2137 3410 2205 Dominus),
3441 2137 3546 2208 qui
3582 2141 3670 2192 est

2017 2210 2155 2276 post
2179 2205 2503 2278 sabbatum
2538 2223 2551 2272 ;
2585 2213 2900 2277 propterea
2931 2206 3137 2262 salutis
3163 2208 3342 2278 hujus
3387 2205 3581 2276 ﬁgura
3606 2209 3665 2264 in

2017 2277 2468 2349 circumcisione
2500 2278 2640 2332 data
2669 2283 2776 2343 est,
2812 2282 2873 2332 ut
2912 2278 3092 2349 quasi
3134 2277 3438 2334 renOvatio
3469 2279 3669 2335 futura

2015 2348 2742 2421 incircumcisionislege
2781 2348 3250 2417 dignosceretur.
3289 2353 3354 2405 Et
3377 2349 3523 2419 quia
3562 2366 3667 2421 per

2014 2420 2198 2474 ﬁdem
2227 2420 2443 2475 salvari
2499 2419 2788 2475 haberent
2836 2421 3132 2486 homines,
3165 2437 3296 2491 quae
3334 2422 3529 2491 primo
3565 2419 3666 2477 die

2012 2491 2462 2564 resurrectionis
2486 2491 2717 2547 Domini
2743 2491 2982 2564 ﬁrmata
3006 2497 3101 2564 est
3125 2491 3318 2560 ﬁgura
3345 2491 3558 2564 ;hujus
3584 2493 3670 2548 rei

2015 2563 2076 2618 in
2107 2563 2557 2618 circumcisione
2584 2564 2800 2634 primo
2851 2563 2944 2618 die
2983 2563 3128 2619 data
3175 2569 3286 2630 est,
3316 2563 3666 2634 quaa’etiam

2011 2639 2172 2688 esset
2221 2634 2460 2704 signum
2515 2633 2653 2689 ﬁdei
2700 2634 2973 2690 Abrahae.
3029 2637 3260 2704 Integra
3312 2633 3454 2704 ergo
3485 2651 3667 2692 causa

2011 2710 2119 2769 est,
2151 2705 2294 2776 quia
2310 2705 2550 2774 signum
2566 2705 2874 2776 praeteritae
2891 2706 3029 2760 ﬁdei
3042 2707 3255 2832 (primo
3277 2705 3371 2760 die
3397 2707 3662 2774 signatas,

2013 2776 2208 2832 ﬁgura
2243 2776 2353 2831 fuit
2389 2776 2602 2831 futuras
2640 2777 2777 2832 ﬁdei
2811 2779 3004 2832 primo
3088 2779 3138 2832 ie
3170 2777 3593 2832 constabilitas.

2013 2776 2208 2847 ﬁgura
2243 2776 2353 2831 fuit
2389 2776 2602 2831 futuras
2640 2777 2777 2832 ﬁdei
2811 2779 3004 2848 primo
3042 2776 3138 2832 die
3170 2777 3593 2832 constabilitas.

2085 2849 2244 2902 XXX.
2276 2879 2343 2890 —
2383 2848 2444 2902 In
2460 2847 3034 2915 Proverbiis.’.lustus,
3063 2849 3455 2913 ait,accusator
3479 2855 3555 2902 est
3578 2847 3666 2901 sui

2016 2921 2075 2973 in
2102 2919 2408 2989 primordio
2436 2921 2694 2991 sermonis
2743 2921 2926 2990 (Prov.
2978 2935 3141 2984 xvni,
3181 2919 3307 2991 l7):
3357 2919 3668 2991 quomodo

2012 2991 2234 3061 justus,
2271 2991 2318 3045 si
2345 2997 2624 3060 peccator
2665 2990 2692 3044 ?

2089 3061 2297 3117 Omnis
2338 3061 2553 3116 veritas
2596 3061 2826 3130 justitia
2856 3065 2961 3116 est.
3010 3063 3161 3127 Quia
3188 3076 3330 3129 ergo
3357 3061 3672 3117 conﬁtetur

2016 3132 2182 3202 quod
2209 3137 2313 3201 est,
2335 3133 2683 3204 justusest:
2707 3132 3008 3186 veritatem
3035 3133 3195 3204 enim
3225 3132 3515 3204 loquitur;
3536 3147 3670 3204 pec:

2017 3209 2247 3258 catores
2276 3207 2476 3258 autem
2509 3202 2876 3273 vindicantes
2926 3218 3035 3273 sua
3081 3202 3316 3267 delicta,
3355 3202 3670 3273 justiﬁcari

2019 3291 2134 3330 non
2159 3280 2431 3345 possunt.
2453 3272 2618 3330 Unde
2645 3272 2992 3341 huiusmodi
3017 3273 3195 3341 digne
3218 3272 3412 3345 justus
3434 3274 3668 3345 dicitur,

2017 3343 2176 3418 quia
2192 3346 2588 3418 pronuntians
2619 3351 2931 3418 peccatum
2954 3360 3161 3418 suum,
3181 3343 3398 3418 remitti
3427 3344 3538 3398 sibi
3560 3344 3671 3418 utie

2019 3413 2136 3490 que
2164 3413 2955 3490 postulat,imise'ricordiam
3006 3416 3102 3470 Dei
3149 3414 3502 3484 implorans.
3553 3413 3670 3490 Scit

2019 3487 2178 3544 enim
2201 3489 2424 3544 dictum
2455 3489 2515 3543 in
2546 3491 2712 3552 Lege,
2741 3487 3007 3556 Conﬁtere
3035 3492 3251 3556 peccata
3276 3493 3390 3550 tua,
3417 3490 3475 3540 ut
3496 3487 3669 3556 Justi-

2018 3561 2199 3632 ﬁceris
2230 3561 2698 3632 (Isai.x1.m,i26).
2734 3555 2883 3632 Quid
2909 3563 2992 3613 est
3021 3555 3246 3632 autem,
3277 3559 3334 3612 in
3365 3555 3670 3632 primordio

2018 3627 2284 3687 sermonis
2316 3630 2581 3687 conﬁteri
2615 3651 2626 3694 ;
2658 3631 2767 3685 nisi
2791 3645 2908 3685 non
2927 3634 3197 3684 coactum
3223 3628 3410 3692 fateri,
3443 3627 3548 3682 sed
3571 3643 3670 3682 vo-

2018 3704 2345 3759 luntarium
2373 3703 2400 3760 7
2433 3703 2572 3767 Quis
2602 3701 2762 3756 enim
2792 3701 2970 3756 etiam
3016 3701 3229 3754 timens
3278 3699 3486 3758 Deum.
3543 3699 3669 3754 sine

2021 3781 2264 3847 peccato
2291 3779 2378 3828 est
2402 3779 2678 3847 ;_cum_et
2711 3772 2771 3827 in
2802 3771 3168 3847 cogitatione
3187 3818 3203 3847 Α.
3218 3770 3669 3847 admisceantur

2018 3843 2253 3913 delicta,
2287 3851 2342 3901 et
2364 3844 2677 3915 aliquoties
2705 3843 3200 3913 peccemusinviti
3218 3844 3669 3915 ‘?Potestlamen

2019 3925 2073 3974 et
2102 3918 2175 3972 de
2205 3933 2274 3972 eo
2307 3916 2424 3972 dici
2446 3914 2538 3972 vel
2560 3916 2785 3978 sentiri,
2816 3915 3403 3986 quicatechumenus
3431 3914 3667 3986 dicitur,

2020 3994 2083 4069 ut
2118 3989 2411 4069 accedens
2445 3988 2521 4069 ad
2555 3985 3130 4069 ﬁdemjustiﬁcetur.
3161 3987 3305 4041 Cum
3339 3985 3670 4069 enini-petit

2019 4061 2319 4117 immutari
2352 4076 2434 4124 se,
2468 4061 2592 4115 sine
2626 4057 2815 4115 dubio
2847 4065 3218 4131 peccatorem
3256 4074 3316 4113 se
3360 4057 3671 4114 confitetur

2020 4139 2082 4189 ut
2103 4131 2478 4203 justiﬁcetur.

2093 4199 2264 4259 XXXI.
2294 4207 2456 4258 —An
2476 4218 2613 4259 cum
2637 4201 2898 4267 muliere,
2919 4205 3132 4258 natura
3159 4215 3408 4270 serpens
3433 4199 3666 4270 locutus

2017 4276 2090 4330 sit
2120 4292 2133 4340 ;
2168 4290 2244 4332 an
2276 4279 2404 4330 actu
2430 4275 2505 4343 (a)
2535 4273 2729 4329 dictus
2750 4288 2995 4344 serpens
3021 4269 3301 4328 diabolus
3329 4284 3464 4325 eam
3495 4269 3668 4324 sedu-

2015 4346 2166 4402 xerit
2199 4346 2352 4409 (Gen.
2386 4362 2465 4409 m,
2506 4345 2552 4414 l)
2586 4345 2614 4401 7

2089 4420 2392 4483 Quantum
2433 4416 2510 4471 ad
2541 4414 2849 4470 historiam
2881 4413 3153 4484 pertinet,
3182 4426 3428 4484 serpens
3455 4413 3668 4466 natura

2017 4481 2209 4561 dictus
2241 4494 2345 4554 est,
2371 4487 2476 4561 qui
2508 4486 2834 4561 sapientior
2852 4481 3240 4561 essetcaeteris
3261 4481 3485 4561 bestiis,
3513 4496 3668 4561 quas

2017 4560 2234 4616 fecerat
2267 4555 2553 4614 Dominus
2584 4555 2761 4632 'Deus
2819 4571 2998 4626 super
3029 4560 3270 4632 terram.
3304 4555 3569 4632 Denique
3608 4557 3668 4632 et

2019 4632 2374 4704 sententiam
2423 4632 2572 4704 Deus
2597 4629 2679 4704 _in
2717 4623 3051 4704 serpentem
3101 4625 3282 4704 dedit.
3310 4627 3480 4704 _Natn.
3518 4623 3665 4704 quid

2019 4704 2232 4758 mirum
2313 4701 2358 4755 si
2412 4698 2689 4755 diabolus
2747 4695 3071 4770 sapientior
3122 4700 3246 4752 erat
3300 4695 3553 4770 bestiis,
3589 4695 3664 4770 de

2016 4789 2138 4844 quo
2163 4772 2303 4826 dicit
2331 4770 2649 4844 Apostolus
2679 4765 2834 4844 inter
2859 4775 3103 4844 cetera,
3151 4770 3242 4823 An
3287 4767 3560 4844 ignoratis
3587 4765 3668 4822 al-

2019 4839 2304 4899 titudinem
2326 4839 2531 4898 satana
2559 4842 2627 4898 (ll
2661 4843 2791 4898 Cor.
2813 4857 2868 4904 η,
2899 4841 2982 4911 ll)
3005 4840 3034 4895 ‘i
3064 4843 3262 4909 Usque
3284 4839 3435 4911 adeo
3465 4845 3666 4895 autem

2016 4922 2233 4971 natura
2272 4930 2516 4985 serpens
2543 4913 2669 4978 fuit,
2707 4920 2766 4969 ut
2805 4910 3232 4985 dicereturilli,
3271 4910 3449 4985 Supra
3485 4917 3667 4985 pectus

2015 4992 2065 5042 et
2097 4995 2340 5061 ventrem
2365 4980 2524 5061 Atuum
2553 5001 2720 5061 repes,
2750 4993 2798 5061 et
2826 4992 3029 5061 terram
3061 4983 3176 5038 edes
3208 4980 3666 5061 amnibusaiebns

2014 5061 2141 5115 vita:
2182 5065 2294 5114 tua:
2322 5059 2475 5131 (Gen.
2508 5052 2733 5128 111,14).
2761 5057 3236 5127 Ηωοιοηεθειωῐ
3262 5071 3297 5110 a
3327 5052 3664 5131 conditione

2015 5137 2243 5202 satana:
2286 5147 2299 5196 ;
2333 5126 2478 5201 quia
2506 5126 2700 5202 neque
2727 5126 3051 5202 corporeus
3080 5133 3196 5202 est,
3219 5140 3415 5202 neque
3447 5126 3666 5202 morta-

2012 5201 2103 5257 lis.
2141 5203 2200 5256 Et
2234 5203 2281 5256 si
2342 5196 2620 5272 proprius
2655 5196 2999 5270 aspici—atur.
3045 5196 3337 5272 videbitur
3375 5196 3666 5272 sententia

2013 5273 2155 5329 data
2182 5264 2620 5349 nihil'obf'uisse
2644 5264 2899 5341 serpenti
2933 5286 2947 5325 :
2977 5268 3075 5349 se_d
3110 5268 3170 5349 in
3197 5282 3263 5322 eo
3282 5265 3355 5347 .in
3394 5264 3667 5349 quotac-

2012 5349 2106 5417 tus
2128 5348 2240 5409 est,
2269 5345 2473 5413 jussus
2504 5347 2590 5398 est
2618 5340 2987 5417 permanere.
3022 5340 3664 5417 Qui_a_enim_minister

2009 5416 2204 5489 factus
2226 5408 2324 5470 est
2353 5420 2579 5489 satanas
2610 5408 2685 5469 ad
2714 5413 3020 5489 hominem
3050 5408 3526 5489 subjugandum,
3550 5408 3660 5489 _cui

2010 5487 2218 5543 omnia
2245 5489 2395 5542 Deus
2409 5485 2741 5555 subjecerat
2773 5500 2788 5549 ;
2823 5478 3212 5555 idcircoDeus
3247 5481 3304 5536 in
3335 5496 3405 5536 ea
3432 5478 3658 5555 subjecf

2010 5559 2167 5634 tione
2246 5573 2368 5630 qua
2419 5550 2624 5634 omnia
2683 5555 2913 5610 homini
2968 5553 3321 5634 subjecerat,
3382 5550 3662 5623 repressit

2010 5628 2328 5687 elationem
2360 5628 2652 5700 serpentis
2683 5641 2806 5699 qua
2825 5630 3084 5698 coeperat
3111 5628 3379 5684 minister
3409 5637 3536 5684 esse
3565 5637 3662 5678 su-

2072 5782 2144 5846 (a)
2179 5781 2354 5840 Forte,
2395 5783 2534 5836 astu.
