4120 6202
509 234 653 295 2235

513 363 756 436 perbiaa.
784 357 1108 436 Videbatur
1133 355 1508 436 enimhomo
1529 356 1717 436 factus
1742 354 1857 436 sub
1869 357 2156 436 serpente,

515 428 620 508 per
643 448 867 508 quemn
888 434 1132 508 accepto
1154 429 1398 483 consilio
1429 428 1624 508 legem
1654 428 1870 508 datam
1897 433 2158 508 contem-

512 499 987 576 psit.'0uoniatp
1020 505 1220 576 autem
1269 507 1570 576 serpentes
1619 499 1942 576 prudentes
1995 503 2153 562 sunt,

513 570 827 630 conﬁrmat
856 572 914 625 in
954 570 1264 642 Evangelio
1293 570 1578 626 Dominus
1606 570 1830 636 dicens,
1862 572 2046 626 Estote
2069 587 2158 642 as-

512 646 620 702 tuti
638 652 696 699 ut
721 651 992 714 serpentes
1023 640 1243 712 (Matth.
1284 659 1343 711 Ι,
1376 645 1487 713 16).
1531 643 1714 711 Igitur
1761 644 1920 714 quia,
1942 640 2158 714 claruit

508 732 645 772 vere
676 713 1014 786 serpentem
1047 716 1315 770 locutum
1347 730 1479 769 esse
1509 730 1648 768 cum
1676 713 1797 768 Eva
1825 735 1836 778 ;
1867 713 2012 786 illud
2045 729 2154 767 su-

511 793 707 860 perest
730 784 1196 860 utdisceruatur,
1226 801 1300 860 an
1316 786 1572 855 potuerit
1596 791 1715 860 tam
1736 784 2000 860 prudens
2025 799 2156 860 esse

513 855 565 915 et
594 863 849 923 astutus,
881 864 948 913 ut
986 857 1127 912 dolo
1172 857 1397 912 falleret
1441 873 1597 912 eam.
1649 857 1706 911 Si
1737 855 1895 911 enim
1929 855 2155 911 caeteris

513 931 716 986 bestiis
760 931 1108 1000 prudentior
1149 934 1302 998 erat,
1343 945 1461 984 non
1510 934 1710 984 tamen
1759 928 2152 1000 hominibus;

509 1001 735 1073 quippe
757 999 893 1056 cum
909 1001 1138 1055 nullum
1153 1001 1374 1073 animal
1391 1000 1672 1056 rationale
1692 1000 1784 1062 sit,
1813 1000 1921 1054 nisi
1948 999 2152 1073 homo.

512 1071 714 1144 Itaque
744 1079 1080 1144 serpentem
1109 1071 1493 1128 subtilitatem
1543 1073 1715 1127 istam
1738 1072 2155 1144 composuisse

509 1142 882 1215 impossibile
913 1150 999 1199 est
1031 1159 1045 1196 :
1087 1145 1368 1213 quamvis
1402 1144 1559 1199 enim
1601 1143 1878 1215 prudens
1896 1142 2151 1207 dicatur,

511 1213 615 1272 sed
630 1231 749 1271 non
765 1217 917 1271 ultra
931 1220 1207 1270 naturam
1223 1230 1415 1269 suam.
1437 1219 1549 1270 Nec
1563 1213 1721 1269 enim
1745 1213 2032 1269 deliberat
2055 1217 2154 1269 aut

510 1287 829 1357 excogitat,
858 1291 962 1342 aut
1002 1286 1316 1340 consilium
1343 1287 1523 1357 capit.
1575 1285 1799 1340 Idcirco
1841 1284 2152 1340 diabolum

510 1359 714 1424 fuisse,
744 1360 843 1431 qui
876 1373 983 1431 per
1021 1363 1355 1431 serpentem
1396 1357 1706 1412 mulierem
1744 1357 2152 1431 circumvenit,

507 1427 912 1486 dubium'non
944 1434 1049 1484 est.
1085 1427 1436 1484 Admiscens
1450 1432 1608 1484 enim
1643 1445 1705 1482 se
1731 1427 2012 1498 serpenti,
2036 1429 2155 1495 egit

509 1517 614 1573 per
631 1502 800 1556 illum
821 1501 994 1573 quasi
1020 1516 1122 1570 per
1149 1515 1466 1573 organum,
1481 1506 1556 1573 fut
1573 1515 1682 1556 nec
1701 1501 1912 1573 mulier
1935 1499 2153 1555 occulti

509 1571 733 1628 diaboli
777 1571 1128 1643 intelligeret
1147 1571 1378 1637 dolum,
1411 1572 1604 1627 sciens
1636 1572 1988 1643 prudentem
2021 1586 2153 1626 esse

509 1650 864 1714 serpentem.
896 1650 976 1698 Ac
999 1659 1102 1714 per
1121 1642 1235 1698 hoc
1257 1642 1648 1714 corporaliter
1666 1643 1810 1697 data
1839 1643 2147 1714 sententia,

510 1713 894 1785 spiritualiter
906 1715 963 1769 in
978 1713 1252 1786 s’atanam
1266 1715 1500 1772 cecidit:
1517 1714 1658 1786 quia
1680 1713 1971 1769 sententia
1981 1729 2151 1786 reum

509 1791 682 1842 tenet.
710 1787 835 1840 Non
859 1787 1014 1841 enim
1036 1785 1114 1840 ab
1133 1786 1376 1841 homine
1397 1785 1538 1841 data
1551 1787 1842 1841 sententia
1858 1791 1969 1853 est,
1991 1789 2052 1840 ut
2068 1785 2154 1839 in-

504 1862 820 1912 nocentem
843 1857 990 1912 forte
1022 1859 1337 1927 perimeret
1363 1873 1467 1928 per
1483 1873 1739 1912 errorem
1764 1863 1868 1912 aut
1895 1858 2146 1912 malevd

505 1928 880 2001 lentiam_;sed
897 1945 932 1983 a
955 1930 1073 2001 Deo
1085 1929 1187 2000 qui
1211 1929 1328 1984 falli
1354 1931 1550 2001 utique
1571 1944 1688 1984 non
1715 1932 2002 1998 potest,ut
2023 1943 2152 2001 sen-

508 2002 687 2055 tentia
700 1999 829 2070 ejus
841 2016 977 2053 eum
993 1999 1187 2055 solum
1205 2005 1418 2064 teneat,
1438 1999 1538 2070 qui
1553 2015 1686 2055 reus
1700 2004 1808 2054 est.
1831 2001 1979 2065 Quia
1990 2000 2151 2055 enim

505 2087 643 2126 cum
669 2071 742 2125 sit
762 2071 1073 2125 invisibilis
1099 2077 1362 2135 satanas,
1388 2070 1594 2126 dolum
1615 2070 1996 2142 corporaliter
2011 2071 2145 2142 egit,

507 2142 835 2213 corporalis
848 2142 1079 2197 videtur
1090 2143 1229 2197 data
1243 2145 1554 2204 sententia,
1575 2141 1813 2197 utillum
1832 2141 2148 2212 spirituali-

506 2217 592 2269 ter
605 2215 996 2285 teneat,cujus
1014 2214 1238 2269 factum
1252 2213 1586 2269 elicuitdari
1604 2213 1981 2268 sententiam.
2003 2215 2147 2269 Nam

502 2286 804 2357 projectus
825 2285 898 2340 de
921 2285 1337 2342 sacratissimis
1366 2285 1653 2357 caelorum
1683 2285 1922 2341 sedibus
1953 2285 2150 2356 impu-

503 2356 889 2413 dentissimus
917 2358 1226 2413 satanasin
1252 2363 1405 2413 terra
1417 2356 1716 2413 volutatur
1728 2370 1972 2426 gemens
1993 2371 2153 2412 sem-

503 2443 626 2500 per.
673 2429 786 2484 Sed
818 2427 966 2483 forte
997 2429 1248 2500 dicatur,
1293 2433 1352 2484 In
1384 2444 1528 2499 qua,
1563 2433 1764 2500 putas,
1797 2429 2006 2499 lingua
2036 2442 2151 2482 ser-

505 2499 898 2570 penslocutus
910 2505 997 2554 est
1015 2499 1090 2554 ad
1109 2500 1416 2555 mulierem
1430 2500 1457 2554 ‘t
1474 2499 1772 2570 Serpentis
1805 2501 2010 2571 utique
2024 2515 2148 2555 ore.

507 2572 560 2626 Si
588 2571 748 2626 enim
771 2571 948 2625 hodie
974 2586 1093 2626 non
1124 2572 1361 2636 desunt,
1386 2572 1488 2640 qui
1517 2571 1796 2627 latratum
1820 2586 2038 2626 canum
2067 2572 2149 2626 in-

506 2641 793 2712 telligant,
827 2647 880 2696 et
911 2642 1190 2712 luporum
1230 2643 1548 2705 ululatum,
1604 2647 1658 2696 et
1698 2643 1985 2697 barritum
2040 2641 2151 2696 ele-

506 2713 892 2783 phantorum,
917 2718 1227 2768 etcantum
1243 2713 1533 2781 gallorum
1555 2728 1567 2777 ;
1601 2728 1786 2783 quare
1805 2728 1923 2767 non
1957 2713 2148 2783 magis

506 2730 892 2783 pnantorum,
917 2730 1567 2781 etcantumgauorum;
1601 2730 1786 2783 quare
1805 2730 1923 2767 non
1957 2730 2052 2768 ma
2098 2730 2148 2766 is

503 2784 673 2839 rudis
701 2783 898 2838 adhuc
931 2784 1142 2838 mulier
1173 2785 1321 2838 scire
1346 2782 1540 2852 potuit
1571 2789 1627 2837 et
1652 2783 1976 2850 intelligere
2011 2730 2148 2839 sigi-

505 2855 629 2908 lum
659 2860 1025 2924 serpentum,
1056 2869 1190 2908 cum
1217 2854 1437 2908 multos
1461 2854 1721 2908 sciamus
1747 2855 1950 2910 avium
1975 2871 2150 2911 voces

503 2923 841 2979 discernere
864 2925 948 2996 7(a)
980 2923 1007 2978 ?
1033 2927 1180 2980 Nam
1209 2930 1266 2980 et
1292 2930 1524 2980 constat
1548 2925 1858 2980 diabolum
1886 2927 2018 2996 ejus
2044 2927 2151 2981 lin-

505 3011 624 3066 gua
647 2997 750 3060 uti,
780 2995 950 3065 cujus
981 3011 1196 3066 corpus
1225 2996 1530 3051 intraverit
1560 3013 1572 3052 :
1607 3013 1715 3053 nec
1733 2997 1899 3053 aliter
1921 2995 2149 3053 falleret

504 3065 834 3191 mulierfm.
865 3068 944 3121 Ac
974 3065 1218 3138 per’hoc
1236 3069 1522 3140 serpentis
1548 3083 1648 3124 ore
1668 3069 1903 3125 locutus
1934 3076 2020 3125 est
2045 3085 2149 3141 per

504 3153 713 3191 sernen
744 3153 861 3191 em.

503 3153 861 3205 serpentem.

574 3209 872 3281 XXXII.—
923 3209 1203 3278 Legimus
1233 3209 1396 3281 apud
1448 3211 1853 3276 Salomonem,
1911 3212 2067 3266 Dives
2100 3219 2149 3268 et

495 3297 708 3352 pauper
731 3280 1080 3336 obviaverunt
1102 3281 1208 3336 sibi
1237 3280 1287 3351 ;’
1302 3282 1434 3353 fecit
1464 3289 1642 3337 autem
1672 3283 1848 3338 ambos
1889 3283 2148 3338 Dominus

503 3353 686 3424 (Prov.
708 3369 848 3418 xxu,
872 3353 1277 3426 2):quom9do
1304 3367 1446 3423 ergo
1465 3370 1858 3426 personarum
1881 3355 2148 3426 acceptio

500 3439 622 3480 non
653 3430 742 3479 est
772 3423 932 3494 apud
956 3425 1140 3479 Deum
1164 3423 1192 3480 ‘i

574 3498 770 3565 Longe
799 3496 956 3551 absit
983 3513 1016 3551 a
1044 3496 1308 3551 ﬁdelium
1341 3495 1640 3552 mentibus
1668 3496 1796 3551 haec
1826 3496 2145 3566 impietatis

501 3568 766 3638 assertio.
795 3571 939 3622 Nam
966 3569 1262 3638 Scriptura
1299 3582 1372 3622 ne
1405 3583 1732 3638 pauperem
1764 3575 2142 3623 contemnen-

498 3637 644 3695 dum
675 3640 928 3700 doceret.
959 3637 1278 3694 etdi’vitem
1302 3637 1850 3703 honoriﬁcandum,
1882 3640 2146 3695 ostendit

501 3711 821 3783 amborum
843 3710 1119 3780 Opiﬁcem
1143 3727 1274 3765 esse
1299 3712 1480 3765 Deum
1510 3730 1521 3770 :
1560 3711 1763 3783 utique
1792 3711 1850 3766 in
1887 3727 2147 3783 pauper-

500 3786 620 3853 tate
639 3786 695 3835 et
725 3781 963 3846 divitiis,
990 3784 1096 3837 sed
1128 3783 1188 3836 in
1219 3799 1285 3838 eo
1306 3785 1463 3853 quod
1498 3781 1742 3839 sunthi
1773 3781 1931 3837 enim
1963 3781 2146 3838 facul-

501 3852 720 3924 tatibus
760 3853 837 3924 ab
868 3853 1121 3908 invicem
1143 3852 1502 3924 discrepant,
1531 3869 1651 3909 non
1684 3859 1882 3910 tamen
1915 3860 2143 3910 naturae

501 3921 856 3996 substantia:
912 3926 1024 3996 Nec
1066 3925 1225 3979 enim
1257 3921 1402 3996 quia
1431 3926 1778 3981 occasiones
1812 3931 2142 3996 proventus

501 3991 804 4073 quosdam
828 3993 1137 4073 faciunt-in
1170 3991 1418 4073 mundo,
1447 4001 1554 4073 aut
1574 3991 1892 4073 prosperos
1910 3998 1967 4073 in
1989 3996 2146 4073 divi:

501 4062 614 4125 tiis,
645 4062 1119 4138 autinf_austosin
1143 4071 1514 4138 paupertate,
1542 4062 1761 4122 idcirco
1779 4068 2142 4138 despiciendi

501 4139 639 4212 sunt
663 4149 816 4212 quos
831 4135 984 4188 Deus
997 4151 1114 4212 non
1135 4136 1494 4212 humiliavit,
1514 4143 1617 4212 aut
1642 4135 2146 4212 suspiciendiqui-

499 4205 614 4261 bus
640 4205 857 4261 veritas
884 4221 1002 4261 non
1039 4206 1204 4262 dedit
1239 4207 1663 4263 testimonium.
1712 4205 2144 4267 C'ontemne'ndi

544 4277 679 4332 lane
711 4281 865 4351 sunt,
903 4279 1005 4333 sed
1025 4284 1403 4350 corruptores
1431 4294 1667 4335 morum
1704 4286 1757 4335 et
1789 4282 2055 4351 sacrilegi
2083 4283 2142 4337 in

542 4363 647 4418 ege
674 4350 798 4414 Dei;
826 4351 1158 4405 honorandi
1189 4367 1327 4406 vero
1354 4351 1663 4419 diligentes
1689 4353 1870 4406 Deum
1889 4350 2145 4408 etdisci-

497 4420 676 4495 plin‘m
691 4420 1038 4477 cultores.Hi
1053 4422 1145 4477 eni
1157 4439 1210 4477 m
1225 4423 1437 4478 divites
1451 4423 1609 4495 apud
1625 4423 1810 4478 Deum
1825 4423 2142 4492 habentur,

494 4493 598 4563 qui
614 4491 1290 4566 bonmconversationis
1307 4501 1472 4551 sunt:
1492 4491 1552 4550 et
1573 4499 1802 4566 quanto
1834 4496 1891 4550 in
1917 4491 2143 4551 mundo

495 4564 1062 4635 contemptibiliores
1086 4571 1244 4631 sunt,
1269 4572 1434 4623 tanto
1458 4564 1650 4636 magis
1666 4567 2144 4622 honoriﬁcentio-

495 4650 590 4710 res
610 4642 748 4710 sunt
769 4637 826 4691 in
860 4637 1029 4710 caelo.
1055 4641 1203 4710 Nam
1230 4639 1334 4710 qui
1355 4639 1713 4694 beneﬁcium
1738 4638 2022 4710 temporis
2042 4638 2144 4694 ha-

495 4707 636 4790 beut
666 4708 724 4789 in
758 4708 1121 4790 ampliandis
1148 4707 1637 4790 facultatibus,_s_i
1659 4726 1721 4766 se
1752 4707 2138 4790 cognoscant,

496 4780 551 4853 et
581 4778 679 4853 Dei
703 4778 1032 4853 intelligant
1071 4781 1457 4845 voluntatem,
1482 4778 1583 4853 qui
1617 4778 2143 4838 terram—omnibus

495 4847 679 4929 dedit,
710 4851 969 4929 etsolem
995 4853 1418 4929 su_um_c_unctis
1444 4847 1581 4929 oriri
1605 4854 1797 4929 jubet,
1815 4859 1881 4929 _et
1907 4853 2144 4925 pluvias

494 4918 845 4994 indiscretas
879 4921 1364 4994 eﬂundit(Matth.
1394 4940 1450 4986 v,
1484 4923 1574 4992 45)
1599 4918 1925 4994 {iniquitas
1943 4931 2141 4979 autem

493 4991 800 5062 temporis,
833 4999 935 5047 aut
973 4993 1229 5050 fortuitae
1282 4991 1636 5057 occasionis,
1670 4991 1773 5050 aut
1812 4995 2144 5062 indigentia

492 5063 862 5137 quibusdam
877 5063 956 5137 ab
973 5069 1151 5134 negat
1169 5081 1304 5137 quae
1328 5065 1483 5120 Deus
1499 5065 1782 5121 omnibus
1807 5066 1969 5122 dedit
1993 5084 2007 5133 ;
2030 5067 2142 5137 ipsi

494 5135 837 5193 ministrant
858 5136 961 5203 eis,
991 5141 1052 5191 ut
1080 5136 1451 5206 perﬁcientes
1475 5137 1573 5192 Dei
1600 5137 1988 5203 voluntatem,
2021 5135 2142 5194 non

492 5208 685 5264 solum
717 5208 776 5265 in
812 5207 1060 5272 mundo,
1096 5209 1198 5263 sed
1243 5214 1300 5263 et
1339 5209 1396 5263 in
1439 5210 1588 5265 caelo
1628 5209 1837 5264 divites
1885 5210 2025 5275 sint,
2069 5224 2141 5265 ne

493 5280 671 5349 pauci
695 5280 980 5352 temporis
1010 5280 1227 5336 divitiae
1248 5281 1860 5337 excludanteeternas.
1892 5281 1974 5336 llli
2001 5296 2142 5337 vero

492 5365 644 5423 quos
666 5352 1034 5425 paupertatis
1062 5367 1246 5409 causa
1275 5352 1693 5424 despiciendas
1720 5356 1954 5425 putant,
1987 5353 2034 5408 si
2053 5353 2138 5408 fu-

491 5425 688 5496 turum
721 5424 821 5481 Dei
848 5424 1142 5495 judicium
1182 5425 1683 5496 contemplentur,
1735 5424 1850 5479 illic
1907 5439 2146 5495 semper

493 5491 706 5567 divites
733 5491 924 5562 erunt,
945 5497 1049 5552 ubi
1080 5497 1291 5553 divites
1322 5491 1519 5553 saeculi
1544 5496 1825 5566 egebant,
1855 5491 2146 5567 poeniten-

497 5563 1008 5639 tes_seﬁpauperes
1034 5585 1153 5625 non
1186 5569 1387 5625 fuisse.

567 5634 791 5691 XXXIII.
820 5634 889 5681 -'—
928 5641 1232 5707 Salomon,
1267 5640 1437 5707 Anni,
1475 5638 1690 5712 inquit,
1721 5639 2017 5712 impiorum
2044 5637 2148 5694 mi-

558 5763 628 5829 -’a)
663 5764 946 5829 Reliquum
968 5769 1119 5821 abest
1141 5783 1173 5822 a
1203 5772 1329 5822 Mss.
1364 5772 1583 5826 secundi
1613 5773 1842 5838 generis.

1491 227 1954 299 QU/ESTIONES
1994 226 2085 282 EX
2124 224 2386 285 VETEBI
2423 224 2919 282 TESTAMENTO.

3778 229 3927 288 2236

2262 359 2502 434 queatur
2527 352 2717 434 (Prop.
2767 353 2934 434 κλῇ)
2969 371 2984 408 :
3011 350 3323 434 quomodo
3351 359 3620 434 ergo‘est
3638 354 3815 429 quod
3844 357 3928 414 vi-

2262 425 2514 481 deamus
2540 423 2757 496 impios
2787 423 3127 496 aliquantos
3157 423 3466 494 longaevos
3495 428 3523 482 ’ἓ

2336 497 2591 565 Dignum
2607 495 2990 567 eratquidem
3003 511 3215 552 omnes
3231 497 3473 568 impios,
3492 512 3615 553 non
3631 497 3835 555 solum
3851 500 3928 556 ci-

2266 567 2381 624 tius
2395 569 2508 624 hac
2521 568 2651 623 luce
2663 583 2885 633 carere,
2905 583 3113 623 verum
3130 569 3311 624 etiam
3325 567 3436 624 nec
3449 570 3626 625 unius
3647 586 3931 628 momen-

2265 639 2306 695 ti
2325 640 2610 710 temporis
2624 638 2743 694 vita
2763 639 2899 707 frui,
2915 639 3016 710 qui
3037 640 3372 696 Conditoris
3394 641 3482 696 sui
3507 641 3926 708 immemores,

2264 711 2401 766 vitae
2446 712 2624 767 totius
2660 713 3072 782 auctoritatem
3113 713 3415 782 imputant
3460 719 3770 769 creaturae.
3810 715 3928 770 Sed

2267 783 2570 855 Scriptura
2595 783 2704 838 hos
2733 782 2953 853 impios
2980 781 3324 856 alloquitur,
3365 784 3632 856 quicum
3668 785 3789 841 sub
3827 786 3928 843 Dei

2268 854 2415 923 Lege
2435 859 2700 923 agerent,
2725 854 3144 926 propensiores
3175 856 3235 909 in
3267 854 3441 910 idolis
3467 861 3656 911 erant.
3681 857 3927 926 Pejores

2265 927 2425 980 enim
2461 930 2603 982 sunt
2626 925 2858 982 caeteris
2885 925 3088 996 impiis
3121 941 3135 982 :
3164 926 3416 982 scientes
3461 928 3624 982 enim
3653 925 3850 984 Deum
3874 936 3927 986 et

2264 1004 2885 1081 contemnenteseum,
2899 999 3318 1081 obtemperant
3335 998 3542 1081 servis.
3569 1001 3634 1081 Eat
3653 1002 3825 1081 quod
3849 1000 3922 1057 de

2262 1069 2354 1124 his
2371 1070 2596 1124 dictum
2622 1069 2711 1134 sit,
2746 1069 2961 1139 probat
2986 1069 3303 1140 Apostolus
3331 1069 3554 1140 dicens,
3586 1069 3802 1126 Scimus
3829 1089 3922 1128 au-

2262 1148 2364 1196 tem
2384 1141 2634 1215 quoniam
2661 1157 3004 1215 quaecumque
3031 1139 3145 1215 ch
3167 1141 3433 1215 loquitur,
3460 1139 3545 1196 his
3572 1144 3668 1212 qui
3696 1143 3755 1197 in
3781 1143 3919 1215 Lege

2259 1220 2384 1268 sunt
2427 1212 2668 1283 loquitur
2697 1213 2878 1281 (Rom.
2909 1227 2991 1275 ut,
3028 1213 3135 1283 l9).
3156 1212 3412 1269 Gentiles
3438 1218 3640 1269 autem
3664 1229 3790 1271 non
3818 1212 3920 1272 ha-

2261 1283 2478 1338 bentur
2500 1286 2559 1338 in
2601 1299 2858 1340 numero
2889 1283 3186 1340 vivorum.

2335 1356 2563 1412 XXXIV.
2595 1386 2662 1396 -
2696 1354 3186 1427 Quomodoidem
3203 1353 3916 1427 Salomon,Deus,inquit,

2261 1435 2480 1482 mortem
2513 1443 2620 1482 non
2642 1427 2772 1497 [coit
2791 1443 2809 1482 :
2831 1442 2969 1482 cum
2991 1428 3106 1482 alio
3134 1426 3266 1481 loco
3289 1425 3468 1497 dicat,
3497 1425 3650 1482 Bona
3673 1433 3726 1481 et
3747 1425 3916 1493 tanta,

2261 1499 2379 1554 vita
2405 1505 2453 1552 et
2486 1496 2648 1563 mors,
2673 1505 2967 1571 paupertas
2991 1503 3040 1553 et
3066 1498 3313 1554 honestas
3335 1514 3369 1552 a
3396 1496 3507 1554 Deo
3529 1506 3655 1554 sunt
3689 1498 3850 1571 (Sap.
3881 1517 3916 1564 ι,

2260 1573 2328 1626 13
2363 1588 2380 1633 ς
2419 1571 2594 1624 Eccli.
2627 1568 2706 1634 xi,
2757 1571 2844 1638 14)
2875 1568 2902 1624 9

2334 1640 2483 1696 Nulli
2509 1641 2763 1696 dubium
2793 1645 2886 1695 est
2923 1640 3085 1697 bona
3104 1639 3308 1697 omnia
3337 1655 3373 1695 a
3411 1640 3530 1696 Deo
3568 1655 3726 1703 esse,
3757 1641 3918 1698 mals

2261 1718 2462 1767 autem
2488 1729 2624 1784 quae
2646 1713 2810 1778 dixit,
2829 1712 3026 1768 solum
3041 1714 3379 1784 malasunt,
3407 1711 3551 1784 dum
3570 1712 3918 1769 vindicatur

2261 1784 2337 1857 de
2365 1781 2559 1840 nobis.
2587 1787 2766 1840 Poena
2787 1781 3256 1857 enimquamvis
3273 1783 3437 1854 justo
3467 1783 3782 1857 inferatur,
3817 1800 3920 1857 pa-

2260 1855 2426 1927 tienti
2459 1861 2658 1912 tamen
2690 1855 2850 1911 mala
2874 1853 3126 1927 videtur.
3157 1853 3303 1927 Nam
3335 1860 3388 1910 et
3417 1870 3521 1926 per
3550 1853 3915 1927 prophetam

2261 1925 2339 1982 ad
2371 1933 2710 1998 peccatores
2741 1926 3002 1998 loquitur
3042 1928 3194 1982 Deus
3219 1925 3442 1996 dicens,
3475 1925 3712 1983 Faciam
3746 1928 3917 1983 vobis

2263 1999 2440 2070 mala,
2463 1999 2522 2053 id
2561 2004 2666 2064 est,
2692 1998 2886 2070 poenis
2908 2013 3014 2053 vos
3044 2014 3253 2070 agam.
3274 1999 3400 2053 Vita
3428 2004 3628 2054 autem
3659 2004 3722 2053 et
3753 2015 3914 2055 mors

2262 2069 2349 2124 sic
2388 2086 2423 2125 a
2453 2073 2569 2125 Deo
2601 2068 2709 2135 est,
2751 2071 2893 2141 quia
2923 2068 3117 2138 legem
3144 2068 3329 2141 dedit,
3359 2085 3498 2141 quae
3529 2071 3914 2126 servantibus

2261 2156 2322 2196 se
2349 2141 2537 2212 vitam
2582 2140 2886 2212 promittit,
2915 2140 3425 2212 contemptoribus
3457 2155 3597 2196 vero
3629 2149 3909 2206 mortem,

2260 2211 2365 2267 sed
2404 2212 2563 2268 illam
2583 2211 2718 2284 quin
2748 2212 3021 2284 secunda
3053 2211 3288 2284 dicitur.
3322 2215 3473 2284 Dum
3501 2212 3666 2284 enim
3699 2227 3914 2270 unum-

2258 2299 2564 2357 quemque
2593 2283 2903 2355 adjudicat
2926 2283 3072 2357 quid
3096 2289 3373 2348 meretur,
3393 2283 3472 2357 ab
3499 2283 3632 2353 ipso
3653 2289 3762 2350 est,
3794 2285 3912 2341 sive

2261 2354 2561 2412 absolutio
2588 2354 2682 2411 ad
2705 2357 2910 2420 vitam,
2952 2354 3073 2410 sive
3122 2359 3321 2411 reatus
3350 2354 3430 2411 ad
3456 2360 3733 2411 mortem.
3789 2359 3909 2412 Non

2261 2441 2404 2496 ergo
2443 2428 2716 2482 inventor
2747 2427 2954 2482 mortis
3001 2431 3110 2491 est,
3159 2426 3266 2482 sed
3289 2425 3496 2497 judex,
3530 2427 3677 2496 quia
3708 2429 3909 2484 mortis

2261 2504 2466 2554 auctor
2498 2502 2809 2569 peccatum
2842 2502 2950 2554 est.
2982 2497 3300 2563 Quomodo
3329 2512 3472 2563 ergo
3505 2497 3658 2569 Deus
3686 2504 3910 2569 poterat

2260 2570 2453 2642 facere
2485 2568 2759 2642 mortem,
2792 2571 2893 2642 qui
2922 2571 3112 2642 nescit
3140 2573 3425 2640 peccare?
3454 2569 3567 2624 Sed
3597 2568 3746 2625 dum
3783 2586 3910 2642 pec-

2258 2641 2404 2696 catis
2427 2641 2716 2704 retribuit,
2748 2641 2823 2695 ab
2845 2644 2975 2712 ipso
3005 2641 3164 2697 dicta
3178 2646 3264 2696 est
3288 2655 3417 2712 esse
3441 2656 3603 2696 mors
3619 2657 3761 2696 cum
3787 2657 3903 2698 non

2256 2728 2328 2767 ex
2360 2713 2492 2782 ipso
2521 2713 2612 2775 sit,
2640 2712 2744 2784 sed
2763 2729 2835 2767 ex
2857 2711 2971 2768 hoc
2991 2713 3094 2784 qui
3121 2711 3410 2784 peccavit.
3436 2712 3654 2784 Eadem
3678 2715 3908 2769 ratione

2255 2790 2576 2909 paupertas
2607 2788 2665 2839 et
2682 2783 2902 2865 divitiae
2936 2800 2972 2839 a
3004 2782 3300 2864 Deo'sunt.
3333 2782 3593 2850 Quidam
3608 2785 3786 2865 enim
3808 2785 3908 2840 ha-

2297 2858 2464 2909 entes
2477 2859 2749 2909 timorem
2768 2854 3204 2909 Denluxurnam
3232 2859 3539 2909 snernunt.
3567 2859 3753 2909 Vitam
3779 2872 3908 2909 nro-

2297 2854 2464 2910 entes
2477 2855 2749 2911 timorem
2768 2854 3204 2918 Dei,luxuriam
3232 2859 3539 2926 spernunt.
3567 2855 3753 2910 vitam
3779 2872 3908 2926 pro-

2255 2926 2460 2995 digam
2489 2927 2740 2996 fugiunt,
2773 2926 2851 2982 ab
2881 2941 3070 2996 egeno
3101 2931 3158 2982 et
3197 2925 3460 2998 paupere
3504 2925 3755 2998 oculum
3787 2942 3904 2982 non

2256 3004 2530 3053 avertunt
2552 3017 2566 3054 :
2590 2998 2936 3067 hujusmodi
2957 2997 3902 3054 crementum’faciuntbonorum.

2255 3069 2550 3138 Scriptum
2589 3074 2678 3124 est
2725 3070 2883 3124 enim
2916 3070 2976 3124 in
3027 3069 3382 3132 Proverbiis,
3434 3069 3825 3139 Paupertatem
3860 3077 3904 3124 et

2256 3139 2644 3212 ignobilitatem
2685 3141 2867 3211 aufert
2891 3140 3186 3212 disciplina
3216 3141 3398 3209 (Prov.
3437 3155 3575 3212 rxm,
3602 3141 3718 3211 18).
3753 3144 3825 3196 At
3848 3141 3901 3197 hi

2253 3213 2355 3282 qui
2388 3213 2660 3268 timorem
2696 3213 2791 3268 Dei
2840 3228 2962 3268 non
2990 3211 3233 3274 habent,
3275 3211 3525 3267 solutius
3555 3212 3825 3268 viventes
3852 3219 3902 3269 et

2253 3299 2510 3352 egenum
2537 3283 3124 3356 despicientes,‘sicut
3153 3282 3438 3356 scriptum
3471 3284 3669 3356 elein
3699 3285 3895 3356 inopis

2253 3362 2457 3420 erunt;
2479 3369 2598 3410 non
2621 3353 2814 3411 solum
2837 3354 3200 3424 negligentes
3212 3361 3270 3409 et
3285 3353 3609 3418 improvidi
3629 3356 3790 3412 circa
3808 3353 3892 3421 se,

2253 3441 2462 3497 verum
2501 3426 2681 3482 etiam
2711 3432 3154 3497 contemptores
3179 3426 3335 3482 datm
3361 3426 3530 3497 legis.
3564 3425 3692 3482 Hoc
3722 3427 3896 3483 modo

2253 3496 2387 3569 iecit
2417 3500 2570 3552 Deus
2594 3513 2888 3569 pauperes
2912 3496 2984 3554 ac
3009 3497 3221 3553 divites
3251 3514 3265 3552 :
3296 3497 3440 3569 quia
3463 3496 3613 3569 dum
3644 3497 3894 3554 offensio

2250 3567 2397 3637 legis
2436 3567 2969 3639 parit’ege'statem,
3002 3585 3038 3624 a
3071 3571 3186 3625 Deo
3236 3567 3362 3625 ﬁeri
3404 3567 3622 3624 dicitur
3659 3575 3895 3626 auctore

2249 3639 2428 3709 legis;
2445 3644 2503 3694 et
2520 3655 2653 3694 cum
2673 3640 2853 3712 aliqui
2876 3646 3095 3696 terrore
3113 3639 3489 3712 disciplinam
3517 3639 3670 3712 legis
3702 3648 3897 3697 custo-

2250 3712 2439 3772 diunt,
2470 3727 2504 3766 a
2535 3712 2653 3767 Deo
2683 3711 2923 3767 auctore
2947 3712 3094 3781 legis
3131 3711 3342 3767 divites
3368 3711 3538 3765 fiunt.

2321 3783 2521 3838 XXXV.
2549 3813 2615 3822 --
2631 3784 2758 3848 Qua
2770 3785 2998 3838 ratione
3015 3783 3197 3854 David
3213 3781 3370 3847 Saﬁl,
3395 3787 3726 3854 postquam
3752 3784 3898 3840 Deus

2250 3853 2328 3908 ab
2380 3869 2450 3909 eo
2498 3856 2754 3918 recessit,
2798 3855 3087 3910 christum
3118 3853 3352 3911 Domini
3395 3859 3590 3917 vocat,
3623 3859 3682 3910 et
3713 3855 3899 3911 hono-

2248 3939 2374 3980 rem
2415 3925 2602 3981 defert
2631 3927 2680 3981 ei
2721 3927 2761 3996 (l
2792 3926 2917 3996 Reg.
2958 3942 3118 3990 xxvi,
3157 3929 3241 3992 16,
3278 3928 3362 3989 l8,
3401 3925 3584 3996 sqq.)?

2322 3999 2451 4051 Non
2483 3997 2717 4052 nescius
2748 3997 2932 4053 David
2963 3997 3226 4053 divinam
3263 4011 3393 4052 esse
3421 3996 3818 4052 traditionem
3849 3997 3902 4052 in

2250 4066 2448 4122 ofﬁcio
2465 4068 2690 4124 ordinis
2712 4069 2951 4136 regalis,
2979 4069 3202 4124 idcirco
3228 4068 3363 4124 Satil
3389 4068 3448 4123 in
3464 4067 3684 4124 eadem
3707 4068 3902 4124 adhuc

2250 4139 2562 4195 traditione
2584 4140 2851 4210 positum
2872 4140 3244 4205 honoriﬁcat,
3262 4155 3336 4194 ne
3357 4139 3477 4194 Deo
3503 4139 3800 4208 injuriam
3819 4139 3902 4195 la-

2249 4211 2725 4283 ceregvideretur,
2758 4212 2860 4283 qui
2891 4211 2985 4267 his
3015 4211 3334 4268 ordinibus
3371 4210 3669 4283 honorem
3704 4211 3905 4268 decre-

2250 4282 2349 4337 vit.
2383 4281 2481 4355 Dei
2512 4283 2672 4355 enim
2693 4281 3021 4355 imaginem
3052 4283 3235 4355 habet
3257 4297 3378 4346 rex,
3408 4281 3558 4355 sicut
3583 4287 3644 4339 et
3672 4283 3905 4355 episco-

2248 4368 2362 4424 pus
2384 4354 2615 4409 Christi.
2635 4354 2935 4420 Quamdiu
2961 4369 3102 4423 ergo
3121 4353 3182 4409 in
3215 4369 3287 4409 ea
3312 4353 3634 4410 traditione
3664 4353 3784 4419 est,
3808 4355 3904 4409 ho-

2249 4425 2557 4506 parandus
2569 4432 2674 4506 est,
2691 4427 2738 4506 si
2751 4440 2872 4506 non
2891 4431 3226 4506 proptegse,
3239 4424 3333 4506 vel
3346 4431 3589 4506 propter
3598 4425 3903 4506 ordinem.

2252 4496 2418 4568 Unde
2466 4497 2788 4566 Apostolus
2831 4494 3042 4568 inquit,
3097 4494 3906 4553 Potestatibus'subtimiaribss

2247 4567 2459 4622 subditi
2486 4574 2663 4623 estote.
2709 4569 2834 4625 Non
2858 4567 2935 4623 est
2961 4574 3192 4639 potestas
3221 4568 3331 4623 nisi
3358 4584 3392 4622 a
3423 4568 3533 4623 Deo
3562 4585 3582 4622 :
3613 4585 3740 4639 quas
3769 4573 3906 4623 enim

2248 4646 2448 4705 sunt,a
2483 4639 2592 4696 Deo
2620 4640 2888 4695 ordinatae
2912 4638 3036 4695 sunt
3071 4640 3242 4709 (Rom.
3276 4654 3398 4703 xui,
3436 4644 3507 4706 I).
3543 4638 3695 4694 Hinc
3732 4645 3905 4695 estut

2249 4709 2551 4782 gentilem,
2589 4711 2642 4766 in
2674 4717 2965 4780 potestate
2991 4718 3190 4767 tamen
3226 4711 3503 4782 positum,
3539 4710 3906 4767 honoriﬁce-

2249 4797 2404 4846 mus,
2430 4781 2558 4838 licet
2575 4783 2701 4854 ipse
2723 4782 3007 4852 indignus
3028 4782 3122 4846 sit,
3140 4781 3243 4854 qui
3274 4781 3372 4837 Dei
3391 4782 3668 4854 ordinem
3692 4787 3905 4838 tenens

2249 4854 2467 4923 gratias
2493 4852 2612 4924 agit
2637 4854 2896 4909 diabolo.
2926 4852 3184 4910 Potestas
3204 4854 3364 4908 enim
3385 4852 3590 4924 exigit,
3618 4855 3774 4924 quia
3794 4870 3909 4908 meo

2249 4922 2408 4978 retur
2438 4922 2750 4980 honorem.
2785 4928 2931 4981 Nam
2976 4925 3111 4980 ideo
3149 4924 3439 4980 Pharaoni
3473 4922 3692 4980 futurae
3727 4926 3906 4981 famis

2249 4996 2552 5052 somnium
2579 4997 2908 5052 revelatum
2939 5002 3026 5052 est
3064 4997 3217 5067 (Gen.
3249 5011 3359 5061 xm,
3394 4995 3545 5065 1-37)
3577 5018 3588 5049 :
3626 5004 3684 5051 et
3711 4997 3905 5052 Nabu-

2249 5067 2631 5123 chodonosor
2660 5068 2786 5122 aliis
2817 5084 3019 5123 secum
3052 5067 3463 5123 assistentibus
3503 5067 3675 5124 solus
3715 5067 3904 5123 ﬁlium

2253 5138 2350 5193 Dei
2382 5138 2528 5194 vidit
2555 5139 2614 5193 in
2645 5138 2886 5194 camino
2908 5139 3063 5207 ignis
3089 5139 3259 5210 (Dan.
3286 5155 3366 5210 tu,
3399 5137 3508 5210 θῇ).
3546 5154 3674 5195 non
3702 5140 3904 5210 utique

2251 5211 2460 5265 merito
2480 5226 2607 5276 suo,
2634 5211 2735 5280 qui
2759 5211 2818 5266 in
2841 5211 3001 5267 idolo
3020 5227 3082 5267 se
3095 5208 3332 5266 adorari
3359 5208 3562 5272 voluit,
3591 5226 3658 5265 se
3692 5208 3906 5265 merito

2250 5281 2478 5337 ordinis
2508 5281 2741 5352 regalis.

2324 5353 2544 5408 XXXVI.
2582 5351 2720 5409 l——-Si
2749 5354 2956 5407 anima
2984 5367 3120 5423 quae
3152 5351 3503 5423 peccaverit,
3533 5351 3669 5421 ipsa
3688 5353 3908 5407 morie-

2250 5427 2358 5487 tur,
2392 5424 2534 5496 quid
2582 5429 2768 5496 estut
2824 5421 3020 5496 Achar
3066 5421 3224 5496 ﬁlius
3267 5421 3501 5496 Charmi
3541 5425 3906 5496 peccaverit.

2249 5493 2565 5621 gitrsigigta
2589 5495 2736 5551 viri‘
2771 5495 2952 5551 occisi
2982 5501 3120 5551 sunt
3146 5495 3206 5550 in
3233 5509 3418 5551 causa
3435 5493 3564 5564 ejus
3583 5493 3770 5564 (Josus
3805 5510 3901 5557 vu,

2253 5569 2339 5636 24,
2365 5568 2398 5621 5

2321 5567 2650 5694 λῇζῗεθῑιειι
2669 5638 2970 5711 Scriptura
2987 5637 3281 5695 locutaest
3306 5651 3492 5708 quam
3513 5637 3905 5708 propositum

2363 5771 2489 5828 Mss.
2517 5773 2737 5826 secundi
2761 5773 2986 5840 generis,
3012 5772 3234 5839 triginta
3260 5786 3346 5826 se:
3371 5771 3492 5823 viri.
3527 5770 3591 5823 Et
3613 5772 3816 5823 verius.
3834 5770 3907 5824 ﬂ.
