4112 6192
513 190 656 247 2239

517 317 794 386 apostata
811 329 835 386 ;7
858 310 1267 386 quiadeterius
1287 310 1655 386 estamisisse
1681 308 1954 386 salutem,
1978 325 2164 382 quam

517 381 640 443 non
657 381 963 441 habuisse.
991 383 1210 440 Canem
1227 389 1449 445 autem,
1469 381 1747 451 gentilem
1763 381 2164 451 signiﬁcatum

520 458 790 515 Salvator
827 455 1087 511 ostendit
1111 456 1335 519 dicens,
1385 455 1506 508 Non
1536 454 1656 508 licet
1709 455 1948 524 accipere
1976 472 2162 525 panem

515 531 778 601 ﬁliorum,
803 527 1082 601 etsmittere
1106 526 1327 601 canibus
1358 526 1579 601 (Matth._
1597 541 1700 601 ξίν,
1742 529 1854 595 26).

589 601 665 671 (a)
695 599 971 678 Tenebrae
997 599 1396 678 ignorantiam
1431 596 1770 678 signiﬁcant
1793 602 1848 678 et
1877 596 2166 678 gentilita-

518 667 634 728 tem
649 667 671 725 ἐ
686 671 825 743 quia
843 686 974 743 spes
988 667 1144 743 estin
1160 667 1360 737 gentili
1376 667 1781 743 potius,quam
1797 669 1856 723 in
1871 675 2161 743 apostata.

518 745 684 798 Hunc
707 739 1043 796 enim’dicit
1069 740 1300 795 leonem
1337 748 1665 803 mortuum,
1698 739 1810 795 hoc
1841 746 1950 802 est,
1981 739 2165 794 chris-

517 815 746 868 tianum
781 816 1118 883 apostatam
1155 828 1166 865 :
1199 811 1487 882 quoniam
1511 811 1804 883 quamdiu
1830 811 1888 866 in
1914 811 2031 867 ﬁde
2059 811 2163 866 du-

517 885 688 949 ravit,
716 882 978 938 leo’erat
1009 901 1021 950 ;
1061 887 1122 938 at
1155 883 1251 937 ubi
1311 882 1568 938 recessit.
1617 888 1886 937 mortuus
1919 883 2156 940 dicitur.

519 955 741 1011 Canem
772 970 941 1026 vero,
967 953 1255 1026 gentilem
1277 953 1425 1010 dixit
1445 953 1517 1008 de
1538 969 1658 1025 quo
1681 969 1816 1026 spes
1837 959 1944 1026 est,
1964 960 2026 1010 ut
2047 971 2166 1009 cre-

517 1027 618 1082 dat
654 1045 665 1081 :
695 1025 989 1096 quamdiu
1021 1025 1180 1080 enim
1211 1025 1369 1088 vivit,
1409 1029 1684 1096 speratur
1716 1025 1795 1080 de
1837 1025 1953 1080 illo.
2010 1026 2166 1081 Illius

515 1102 719 1153 autem
746 1112 882 1167 spes
910 1097 1142 1168 peribit.
1179 1099 1325 1152 Nam
1363 1112 1597 1163 canem,
1637 1097 1916 1168 gentilem
1945 1096 2165 1166 signiﬁ-

515 1170 634 1224 cari
655 1167 926 1224 Salvator
955 1168 1215 1224 ostendit
1244 1169 1466 1240 dicenis,
1510 1170 1622 1224 Non
1651 1167 1770 1224 licet
1797 1169 2039 1240 accipere
2064 1186 2167 1240 pa-

514 1258 637 1296 nem
666 1240 929 1311 ﬁliorum,
962 1248 1010 1295 et
1039 1241 1252 1294 mittere
1281 1239 1520 1294 canibus.

585 1310 700 1367 XL.
733 1343 801 1352 --
833 1312 983 1376 Quid
1042 1317 1129 1366 est
1183 1311 1347 1382 quod
1401 1311 1541 1366 dicit
1587 1311 1900 1382 propheta,
1951 1310 2165 1366 Laetare

517 1383 723 1438 sterilis
749 1399 867 1454 quae
892 1399 996 1437 non
1027 1384 1197 1453 paris,
1221 1398 1436 1453 erumpe
1455 1390 1504 1438 et
1521 1382 1757 1436 exclama
1777 1400 1892 1453 quae
1923 1400 2026 1437 non
2040 1400 2167 1454 par-

520 1456 666 1510 turis
698 1455 864 1526 :quia
890 1454 1048 1508 multi
1077 1454 1182 1524 ﬁlii
1232 1454 1452 1526 desertae
1501 1455 1692 1526 magis,
1730 1472 1886 1526 quam
1918 1456 2031 1526 ejus
2048 1472 2165 1525 qum

523 1526 676 1580 habet
703 1525 881 1580 virum
914 1526 1070 1596 (Isai.
1103 1542 1210 1588 LIV,
1246 1526 1298 1596 1)
1327 1525 1354 1580 ‘l

588 1599 882 1662 Quoniam
898 1596 1338 1652 ﬁliiJerusalem
1360 1602 1600 1652 terrenae
1625 1601 2116 1668 apostataverunt
2131 1613 2168 1654 a

515 1670 651 1737 Deo,
686 1683 807 1722 non
824 1673 1012 1738 potest
1032 1668 1171 1722 huic
1193 1668 1482 1736 gaudium
1506 1667 1782 1734 adscribi,
1808 1669 1912 1723 sed
1924 1684 2163 1724 mceror.

514 1739 601 1794 Ad
614 1740 1001 1810 opprobrium
1016 1754 1156 1807 ergo
1171 1739 1683 1809 hujusJerusalem
1701 1739 2166 1810 prophetaillam

515 1811 883 1883 superiorem
896 1810 1218 1866 Jerusalem
1234 1810 1410 1865 laetari
1424 1811 1637 1883 debere
1656 1811 1814 1875 dicit,
1829 1827 2003 1883 quam
2019 1817 2169 1883 Apo-

514 1882 704 1937 stolus
723 1888 972 1937 matrem
991 1889 1257 1954 nostram
1282 1881 1544 1952 appellat
1565 1883 1768 1950 (Galat.
1789 1881 1868 1946 iv,
1884 1884 1974 1954 26)
1991 1899 2004 1936 :
2023 1881 2167 1954 quia

515 1954 640 2008 sine
669 1954 891 2022 gemitu
918 1961 972 2008 et
1004 1953 1312 2008 doloribus
1339 1955 1525 2009 multo
1558 1955 1755 2024 plures
1790 1953 2164 2020 ﬁlioshabet,

513 2041 699 2150 quam
729 2024 1004 2096 haecquae
1019 2041 1157 2080 cum
1182 2025 1460 2096 lacrymis
1474 2026 2166 2094 generatcarnaliterJu-

557 2111 678 2150 mos
711 2097 913 2150 utiaue
940 2109 951 2147 :
972 2095 1070 2150 illa
1083 2102 1281 2150 autem
1306 2096 1666 2150 Christianos
1684 2113 1789 2150 per
1806 2095 1984 2150 ﬁdem
2000 2098 2165 2150 sniri-

557 2111 678 2168 mos
711 2097 913 2167 utique
940 2109 951 2147 :
972 2095 1070 2168 illa
1083 2102 1281 2152 autem
1306 2095 1666 2152 Christianos
1684 2113 1789 2168 per
1806 2095 1984 2152 ﬁdem
2000 2098 2165 2168 spiri-

518 2167 768 2241 tualiter.
786 2168 973 2241 Quam
990 2167 1124 2241 ideo
1140 2168 1438 2224 desertam
1455 2167 1911 2241 dicit,quiaipsa
1926 2167 2163 2235 estvita,

515 2254 703 2366 quam
715 2237 974 2294 deseruit
988 2239 1177 2294 Adam
1191 2241 1340 2310 prim
1353 2255 1444 2305 us,
1461 2245 1516 2294 et
1533 2237 1771 2295 secutus
1789 2237 2163 2296 estmortem.

567 2327 665 2365 um
713 2316 1141 2366 regenerantur
1167 2325 1309 2366 eruo
1339 2311 1636 2366 homines.
1685 2317 2057 2366 revertuntur
2087 2311 2163 2366 ad

567 2327 665 2365 um
713 2316 1141 2379 regenerantur
1167 2325 1309 2380 ergo
1339 2311 1636 2376 homines,
1685 2317 2057 2367 revertuntur
2087 2311 2165 2367 ad

512 2397 859 2453 eam,quam
875 2382 1634 2447 deseruerant,vitam.Hmc
1646 2384 1763 2439 vita
1778 2383 2041 2439 Christus
2057 2389 2164 2447 est,

513 2454 658 2524 quia
680 2453 808 2526 ipse
821 2454 980 2526 dicit,
1001 2455 1241 2524 Egosum
1260 2455 1567 2526 vita(Joan.
1586 2471 1707 2519 xiv,
1731 2459 1804 2526 6).
1825 2457 1992 2510 Estet
2016 2457 2166 2510 Deus

513 2528 681 2579 Pater
706 2524 839 2586 vita.
863 2525 1102 2590 quiaait
1127 2524 1433 2590 Dominus,
1461 2524 1772 2581 Sicuthabet
1788 2526 1953 2581 Pater
1973 2527 2162 2588 vitam,

514 2595 594 2650 ita
621 2595 769 2650 dedit
791 2595 940 2650 Filio
967 2597 1132 2651 vitam
1160 2597 1267 2668 (Id.
1302 2613 1359 2661 v,
1393 2601 1506 2660 26).
1531 2599 1666 2653 Sine
1683 2597 1868 2652 dubio
1891 2598 2159 2668 etSpiri-

507 2671 604 2722 tus
622 2673 863 2722 sanctus
889 2668 1011 2722 vita
1041 2673 1146 2731 est,
1181 2667 1413 2721 dicente
1449 2669 1719 2722 Domino.
1758 2668 1896 2733 Quia
1928 2667 1990 2722 de
2027 2667 2157 2732 meo,

519 2738 727 2810 inquit,
749 2739 982 2810 accipiet
1003 2738 1112 2807 (Id.
1136 2745 1251 2807 xvi,
1288 2743 1394 2805 t5).
1426 2738 1504 2793 De
1527 2740 1633 2793 vita
1657 2739 1858 2810 utique
1879 2740 1980 2810 qui
2009 2740 2159 2794 acci-

513 2810 620 2879 pit,
652 2809 776 2865 vita
805 2817 911 2863 est.
942 2809 1082 2863 Tres
1107 2824 1249 2878 ergo
1272 2814 1408 2863 sunt
1440 2825 1558 2864 una
1583 2810 1722 2864 vita.
1749 2812 1882 2865 Hmc
1903 2809 2156 2876 estvita,

516 2893 622 2951 per
635 2880 807 2950 cujus
823 2880 1002 2934 ﬁdem
1017 2895 1457 2948 regeneramur.
1479 2881 1614 2951 Ipsa
1631 2887 1717 2937 est
1734 2887 1920 2937 mater
1931 2887 2157 2947 nostra,

514 2950 663 3031 sicut
685 2951 744 3004 in
773 2951 981 3031 Genesi
1010 2951 1281 3031 legimus,
1309 2951 1452 3031 quia
1485 2950 1638 3031 ipsa,
1662 2953 1729 3031 _i_d
1746 2959 1869 3031 est,_
1892 2954 2038 3016 Vita,
2071 2960 2160 3031 est

522 3027 715 3097 mater
740 3023 1304 3097 omniumvivorum
1331 3023 1483 3097 (Gen.
1513 3039 1593 3089 ιιι,
1617 3025 1728 3096 20).
1765 3026 1871 3090 Qui
1896 3031 2031 3081 sunt
2056 3026 2160 3097 qui

516 3093 745 3158 vivunt,
781 3093 891 3148 nisi
923 3094 1024 3164 qui
1063 3093 1365 3150 credunt?

588 3164 662 3235 (b)
689 3167 843 3220 Duas
876 3172 1096 3220 matres
1125 3165 1322 3221 hocin
1351 3166 1482 3221 loco
1514 3166 1923 3236 intelligimus,
1955 3167 2160 3223 coales—

516 3237 654 3299 tem,
685 3241 741 3290 et
767 3242 1100 3292 terrestrem
1137 3236 1236 3292 :id
1267 3242 1353 3292 est
1377 3238 1709 3293 Jerusalem
1758 3238 2030 3305 liberam,
2086 3238 2159 3294 de

511 3321 635 3389 qua
660 3307 796 3389 dicit
815 3307 1157 3378 Apostolus,
1184 3326 1306 3389 quae
1323 3316 1594 3389 estmater
1617 3315 1904 3389 uostra;_et
1927 3310 2161 3389 Jerusa-

514 3377 629 3451 lem
657 3379 830 3451 istam
859 3377 1042 3451 quam
1059 3377 1277 3436 servire
1303 3380 1597 3435 dicitcum
1611 3381 1746 3436 ﬁliis
1760 3383 1903 3443 suis,
1927 3382 2157 3446 hocest,

508 3449 751 3506 Judaeis.
781 3449 1070 3521 Propheta
1100 3453 1258 3506 enim
1305 3451 1630 3507 adventum
1687 3453 1916 3508 Domini
1951 3453 2136 3522 praedi

514 3536 678 3594 cans,
712 3527 766 3576 et
795 3527 1028 3593 tempus
1047 3523 1248 3594 gratiae
1263 3523 2160 3593 plenuminexsultationevocis

510 3592 837 3666 obtestans,
866 3592 1205 3666 Jerusalem
1228 3592 1554 3659 caelestem,
1597 3611 1732 3666 qum
1765 3595 1901 3650 ideo
1930 3596 2162 3651 deserta

507 3663 672 3719 dicta
701 3670 810 3736 est,
839 3665 980 3736 quia
1004 3665 1408 3720 inhabitantes
1433 3665 1585 3721 ﬁlios
1601 3663 1894 3736 perﬁdam
1910 3682 2162 3734 genera-

511 3739 604 3809 tos
637 3751 754 3790 non
784 3735 1091 3809 habebat,_
1118 3737 1301 3809 ltetari
1333 3737 1549 3792 debere
1575 3735 1868 3793 hortatur.
1896 3739 2159 3809 Tempus

509 3806 670 3882 enim
696 3812 960 3882 venerat,
989 3813 1050 3861 ut
1079 3807 1325 3882 haberet
1359 3809 1516 3882 ﬁlios
1570 3810 1709 3864 olim
1759 3806 2076 3882 praedictos
2106 3814 2162 3865 et

513 3875 932 3955 multo'plures
954 3893 1138 3948 quam
1161 3878 1394 3955 fuerant
1417 3880 1596 3950 hujus
1616 3875 1945 3955 Jerusalem
1977 3897 1988 3934 :
2018 3882 2161 3952 quia

514 3945 822 4019 Christiani
847 3945 1216 4019 supergressi
1249 3956 1390 4005 sunt
1419 3945 1739 4007 nu'merum
1789 3945 2158 4008 Judmorum.

513 4016 734 4096 sterilis
756 4031 898 4086 ergo
923 4016 1091 4074 'dicta
1112 4026 1222 4096 est,
1250 4021 1392 4092 quia
1423 4023 1588 4090 virgo
1619 4028 1722 4096 est,
1748 4039 1882 4094 qum
1905 4039 2024 4096 non
2057 4039 2162 4095 per

506 4086 855 4166 mixtionem
893 4095 948 4145 et
977 4086 1358 4166 compleuum
1396 4086 1642 4166 generat
1671 4086 1876 4158 ﬁlium,
1910 4094 2015 4149 sed
2056 4086 2160 4166 per

511 4158 705 4235 solam
746 4159 928 4216 ﬁdem
962 4158 1374 4235 spiritualiter.
1396 4163 1562 4218 Unde
1593 4179 1700 4219 nec
1744 4167 2036 4235 parturire
2059 4158 2160 4221 'di-

509 4232 656 4306 citur
684 4247 697 4297 ;
731 4247 866 4306 quas
880 4233 1039 4306 enim
1053 4234 1324 4306 parturit,
1345 4234 1581 4289 dolores
1597 4232 1836 4306 patitur.
1856 4237 1987 4292 Hmc
2000 4237 2161 4292 enim

510 4301 806 4358 exclamat
844 4305 901 4359 in
941 4301 1207 4361 laetitiam
1249 4305 1459 4361 salutis
1495 4301 1795 4362 humanas.
1829 4308 2159 4364 Jerusalem

507 4389 650 4429 vero
682 4380 914 4450 terrena
946 4377 1087 4450 ideo
1124 4378 1327 4450 virum
1350 4377 1634 4434 habuisse
1680 4378 1839 4434 dicta
1869 4384 1978 4440 est,
2017 4380 2161 4450 quia

509 4445 826 4528 carnaliter
851 4448 1196 4528 generabat.
1213 4449 1429 4528 Civitas
1454 4450 1624 4528 enim
1636 4451 1811 4528 quasi
1832 4451 1890 4528 in
1908 4445 2157 4528 matrem

511 4522 597 4571 est
637 4517 987 4588 signiﬁcata,
1041 4520 1190 4576 sicut
1241 4525 1298 4576 et
1326 4521 1616 4576 habitatio
1651 4517 1904 4577 omlestis
1953 4521 2052 4578 illa
2083 4522 2160 4578 ad

509 4603 697 4660 quam
724 4605 1030 4656 vocamur,
1062 4598 1252 4647 mater
1279 4597 1484 4648 nostra
1513 4592 1750 4649 dicitur.

585 4659 710 4736 LXI.
745 4691 811 4700 —
842 4663 928 4715 An
987 4664 1228 4736 spiritus
1252 4664 1353 4735 qui
1387 4680 1574 4736 super
1602 4680 1794 4736 aquas
1839 4664 2156 4729 ferebatur,

513 4730 1037 4811 Spiritussanctue
1060 4730 1441 4804 intelligatur,
1461 4730 1620 4811 'quia
1645 4730 1872 4811 dictum
1897 4741 2006 4802 est,
2035 4736 2161 4808 Spi-

511 4800 658 4880 ritus
684 4800 782 4880 Dei
806 4803 1083 4880 ferebutur
1110 4800 1468 4880 superaun
1494 4800 1644 4875 (Gen.
1674 4823 1712 4871 1,
1736 4809 1798 4880 2)
1829 4805 1855 4860 ’ἲ

546 4941 556 4953 _
584 4872 639 4953 Si
668 4872 896 4953 videtur
925 4872 1259 4953 hic_erra_sse
1284 4872 1804 4953 in‘istasententia,
1823 4894 1942 4953 nou
1964 4881 2159 4953 estac-

508 4943 847 5020 cipiendum
873 4947 1036 5017 quod
1059 4947 1376 5020 dixit.Ideo
1390 4953 1445 5002 et
1475 4963 1510 5003 a
1531 4949 1896 5020 quibusdam
1913 4949 2160 5018 Spiritus

507 5019 754 5100 sanctus
785 5031 913 5100 esse
947 5022 1209 5100 putatur,
1240 5019 1384 5100 quia
1402 5019 1497 5074 Dei
1523 5019 2156 5100 spirituslegituresse.

509 5087 774 5144 Invalida
803 5093 1000 5144 autem
1044 5093 1099 5144 et
1125 5087 1318 5145 inanis
1358 5087 1606 5146 assertio
1637 5097 1725 5146 est
1757 5107 1768 5145 :
1812 5087 1932 5147 non
1962 5090 2157 5147 solum

509 5159 668 5232 enim
699 5159 849 5232 ordo
881 5160 993 5216 hoc
1011 5175 1133 5216 non
1165 5161 1404 5232 patitur,
1437 5168 1493 5216 et
1524 5163 1672 5217 ratio
1708 5162 1930 5232 abnuit,
1968 5163 2072 5218 sed
2104 5168 2160 5219 et

505 5229 692 5305 verba
707 5231 861 5305 ipsa
892 5232 1133 5305 inﬁrma
1153 5229 1484 5305 probantur
1499 5233 1576 5288 ad
1594 5249 1843 5290 causam
1869 5229 2042 5291 istam
2061 5250 2159 5289 as-

508 5303 862 5377 truendam:
875 5306 1021 5360 Nam
1051 5303 1372 5360 his—verbis
1400 5304 1735 5377 frequenter
1757 5306 1918 5361 aliud
1939 5306 2156 5361 inveni-

509 5388 646 5444 mus
676 5374 1076 5444 signiﬁcatum
1121 5376 1179 5432 in
1213 5377 1382 5439 Lege.
1437 5374 1593 5432 Inter
1617 5383 1829 5434 caetera
1857 5382 2054 5432 autem
2080 5378 2158 5432 ait

512 5442 980 5524 Dominus__Deus
1010 5447 1237 5524 dicens,
1263 5449 1381 5504 Non
1400 5448 1732 5524 permuuebit
1755 5449 1992 5524 spiritus
2017 5465 2160 5524 τηετις

511 5515 572 5566 in
602 5515 904 5573 hominibus
927 5519 1066 5584 istis,
1098 5521 1226 5591 quia
1241 5528 1366 5576 sunt
1396 5515 1698 5575 caro.Etin
1731 5515 2033 5592 subjectis.
2062 5520 2162 5575 Sed

572 5609 644 5730 ξω)
675 5610 805 5658 Ibid.
839 5613 1068 5685 Quaestio
1104 5617 1310 5666 decimo
1345 5632 1508 5668 nona.

597 5669 625 5716 b
672 5669 903 5726 Quaestio
934 5677 1118 5724 eadem
1174 5692 1239 5727 ex
1287 5679 1393 5730 Mss
1428 5693 1508 5730 sec

672 5669 903 5746 quaestio
931 5677 1118 5746 eadem
1139 5692 1256 5746 _ex_
1287 5679 1393 5730 Mss
1428 5679 1650 5732 secundi
1677 5681 1906 5746 generis,
1943 5684 1995 5734 et
2026 5681 2164 5734 inter

517 5734 643 5795 post
663 5732 907 5794 vulgatae
931 5736 1104 5786 Veter.
1139 5739 1279 5788 Test.

1502 182 1966 255 QUESTIONES
2011 181 2100 240 EX
2137 180 2398 242 VETERI
2436 179 2926 238 TESTAMENTO.

3789 181 3921 238 2240

2271 308 2490 373 deleam,
2525 306 2735 380 inquit,
2757 323 2959 380 omnia,
2980 303 3438 380 abhomineusque
3464 304 3534 361 ad
3540 321 3702 378 pecus
3729 306 3919 379 (Idm,

2272 381 2407 451 3,7).
2444 377 2754 452 Propterea
2778 379 2919 452 quia
2946 377 3252 452 diluvium
3295 377 3560 434 facturus
3585 386 3714 452 erat
3741 377 3924 452 super

2273 449 2513 518 terram,
2539 449 2835 523 numquid
2859 450 3110 523 Spiritus
3133 454 3375 523 sanctus
3403 455 3600 521 potest
3626 449 3921 522 intelligi?

2273 527 2477 580 Nonne
2507 523 2580 579 de
2611 521 2931 578 animabus
2959 521 3192 577 locutus
3222 527 3308 577 est
3335 521 3364 574 ‘2
3395 525 3542 577 Nam
3571 537 3696 578 non
3730 521 3922 579 solum

2271 600 2494 651 nostrae
2507 595 2601 650 ani
2613 611 2718 650 mae
2732 595 2936 665 spiritu
2947 610 2973 647 s
2986 593 3281 658 dicuntur,
3297 592 3404 648 sed
3420 601 3471 648 et
3493 609 3804 663 pecorum.
3838 595 3924 651 Sic

2273 668 2431 748 enim
2461 667 2749 747 scriptum
2775 671 2882 748 est,
2907 666 2979 748 Et
2999 665 3734 748 mortuaestAoAmniscaro‘in
3762 683 3923 748 quae,

2273 739 2333 793 in
2361 755 2465 810 qua
2495 735 2612 792 erat
2641 737 2875 819 spiritus
2906 736 3028 791 vita
3056 735 3276 801 (Id.vii,
3299 738 3410 862 222.
3444 739 3506 792 Et
3537 738 3598 819 iu
3624 735 3925 819 Ezechiele

2273 811 2565 862 propheta
2579 809 2660 862 sic
2680 809 2907 862 dictum
2925 813 3030 862 est.
3047 807 3190 862 dum
3205 808 3279 862 de
3296 823 3356 861 re
3383 813 3723 862 ormatione
3737 809 3925 862 homi-

2271 807 2565 881 propheta
2579 807 2907 864 sic’dictum
2925 813 3030 881 est,
3047 807 3190 864 dum
3205 808 3279 881 de
3296 807 3723 881 retormutione
3737 809 3927 865 homi-

2273 878 2418 936 hum
2441 881 2727 953 promittit
2762 883 2912 953 Deus
2939 878 3163 943 dicens,
3198 879 3326 934 Haec
3351 879 3486 934 dicit
3517 879 3744 953 Domine
3786 881 3928 936 Deus

2270 950 2469 1008 ossibus
2500 952 2660 1007 istis:
2687 950 2992 1007 Extendam
3039 967 3200 1022 super
3247 958 3572 1022 ooscutem,
3607 958 3660 1006 et
3703 952 3842 1008 dabo
3872 955 3927 1006 in

2274 1025 2415 1079 vobis
2425 1025 2682 1096 spiritum
2704 1029 2960 1096 meum,et
2977 1021 3162 1096 vinetis
3183 1021 3401 1092 (Ezech.
3415 1038 3636 1096 xxxvtt,
3653 1025 3730 1093 5).
3747 1025 3795 1079 N
3805 1042 3929 1096 um;

2321 1097 2419 1151 uid
2449 1094 2540 1151 (de
2567 1102 2773 1151 sancto
2807 1095 3025 1165 Spiritu
3059 1094 3293 1150 locutus
3327 1102 3384 1149 et
3413 1109 3534 1150 non
3559 1095 3632 1149 de
3664 1097 3876 1152 anima
3901 1095 3928 1149 ?

2321 1112 2419 1151 uia
2467 1112 2540 1151 ne
2567 1112 2773 1151 sancto
2807 1112 3025 1165 Spiritu
3059 1112 3293 1150 iocutus
3327 1112 3384 1149 et
3413 1112 3534 1150 non
3559 1112 3632 1149 ae
3664 1112 3876 1152 anima
3901 1112 3928 1149 τ

2272 1112 2486 1224 gmnia
2515 1166 2759 1239 quidem
2791 1165 3049 1239 caelestia
3076 1166 3486 1239 spiritussunt,
3513 1165 3619 1221 sed
3640 1165 3929 1222 diﬁ'erunt

2273 1240 2350 1295 ab
2376 1237 2736 1310 invicem,et
2769 1237 3187 1310 Deusspiritus
3199 1242 3288 1310 est
3309 1237 3490 1310 (Joan.
3517 1242 3592 1302 iv,
3615 1240 3686 1310 24
3706 1259 3716 1301 ;
3736 1239 3783 1292 ll
3804 1239 3928 1293 Cor.

2273 1327 2352 1390 in,
2395 1315 2500 1381 t7),
2528 1310 2630 1390 sed
2661 1307 3047 1390 longenaliter.
3077 1308 3281 1390 anis
3314 1307 3513 1390 itaque
3533 1309 3777 1390 spiritus
3801 1310 3925 1390 .Dei

2273 1387 2360 1438 est
2402 1399 2415 1447 ;
2447 1380 2564 1436 non
2596 1386 2799 1452 tamen
2833 1380 2986 1452 Deus
3016 1385 3120 1443 est,
3155 1380 3266 1434 nisi
3299 1380 3549 1452 spiritus
3571 1381 3674 1452 qui
3707 1382 3931 1452 deipso

2273 1460 2378 1509 est.
2395 1454 2576 1524 Cujus
2591 1451 2944 1524 signiﬁcatio
2955 1450 3082 1506 haec
3095 1455 3180 1506 est
3193 1457 3253 1506 ut
3267 1450 3932 1524 sanctusdieatur.Nam

2273 1531 2330 1580 et
2359 1523 2634 1580 homines
2666 1523 2764 1578 ﬁlii
2817 1523 2912 1578 Dei
2947 1528 3252 1589 vocantur,
3304 1528 3361 1578 et
3414 1523 3675 1579 Christus
3706 1523 3931 1580 dicitur

2274 1597 2451 1674 Filius
2466 1596 2567 1674 Dei
2580 1612 2611 1674 ἐ
2624 1595 2734 1674 sed
2747 1594 3125 1674 intervallum
3140 1595 3392 1674 est,quia
3405 1594 3694 1674 hic‘verus
3713 1602 3834 1674 est,_
3849 1596 3930 1651 illi

2273 1668 2561 1738 adoptivi.
2579 1668 2928 1738 Sicquoque
2941 1672 2997 1721 et
3021 1666 3170 1738 inter
3199 1666 3469 1736 spiritum
3496 1666 3932 1724 Deidiversitas

2273 1745 2383 1796 est.
2399 1736 2656 1810 Spiritus
2677 1736 3094 1810 enim’sanctus
3112 1736 3186 1792 de
3200 1738 3319 1810 Deo
3331 1742 3437 1802 est,
3452 1738 3934 1810 etconsubstan-

2275 1808 2492 1867 tivusei
2517 1809 2754 1882 ;reliqui
2786 1824 2926 1882 vero
2957 1808 3320 1882 spiritusDei
3351 1824 3479 1865 esse
3495 1808 3803 1882 dicuntur,
3827 1810 3935 1866 sed

2273 1888 2549 1938 creatura
2579 1879 2734 1937 sunt.
2768 1879 2882 1937 Sed
2900 1879 3008 1936 nec
3029 1879 3258 1935 ordinis
3285 1886 3372 1935 est
3398 1887 3460 1935 ut
3486 1879 3736 1951 Spiritus
3758 1898 3939 1937 sanc-

2273 1959 2370 2010 tus
2397 1954 2530 2008 ferri
2549 1968 2728 2024 super
2752 1967 2944 2024 aquas
2963 1951 3353 2024 intelligatur;
3379 1966 3514 2024 cum
3534 1967 3715 2022 super
3731 1969 3931 2024 aquas

2274 2022 2642 2096 spiritualem
2670 2022 3001 2080 creaturam
3029 2039 3160 2078 esse
3189 2023 3388 2078 tradat
3408 2022 3580 2096 ratio,
3601 2028 3657 2078 et
3683 2022 3816 2095 quae
3838 2042 3936 2079 su-

2275 2094 2380 2169 per
2410 2112 2472 2152 se
2502 2096 2723 2152 habeat
2754 2095 3076 2169 potiorem_
3095 2099 3430 2169 creaturam
3481 2094 3750 2169 alteram,
3785 2096 3936 2167 quia

2273 2164 2546 2224 creatura
2573 2183 2609 2222 a
2660 2164 2932 2223 creatura
2962 2164 3158 2221 differt
3187 2166 3247 2221 in
3288 2165 3550 2221 claritate
3591 2169 3632 2236 (ι
3667 2164 3931 2232 Corn—xv,

2272 2242 2368 2317 4t)
2401 2255 2416 2317 _:
2451 2239 2743 2317 quidquid
2791 2238 2949 2317 _en_im
2999 2237 3425 2317 .prupesedem
3459 2237 3930 2317 Deiacceditur,

2273 2308 2524 2368 clariora
2553 2308 2692 2365 sunt
2723 2308 3070 2380 ministeria.
3100 2309 3268 2364 Unde
3293 2308 3434 2364 dicit
3457 2308 3722 2380 Raphael
3750 2308 3934 2378 ange-

2271 2382 2363 2438 lus
2395 2384 2542 2437 inter
2594 2388 2806 2436 caetera
2839 2397 2851 2436 :
2888 2379 3004 2450 Ego
3051 2395 3190 2443 sum,
3229 2380 3438 2452 inquit,
3470 2379 3609 2434 unus
3633 2397 3700 2434 ex
3723 2389 3929 2450 septem

2271 2453 2476 2524 angelis
2503 2453 2722 2516 sanctis,
2745 2453 2849 2524 qui
2885 2458 3122 2524 astamus
3167 2457 3220 2507 et
3247 2468 3625 2507 conversamur
3652 2459 3782 2507 ante
3816 2470 3932 2506 ma-

2263 2523 2512 2596 jestatem
2544 2525 2648 2579 Dei
2678 2523 2830 2595 (Tob.
2862 2538 2964 2596 xii,
3003 2523 3109 2596 [5).

2348 2597 2424 2668 (a)
2454 2597 2508 2653 Si
2539 2593 2740 2651 ideo'a
2785 2593 3164 2668 quibusdam
3185 2593 3433 2668 Spiritus
3480 2597 3727 2668 sauctus
3760 2601 3932 2668 puta-

2274 2664 2384 2739 tur,
2407 2664 2560 2739 quia
2596 2668 2692 2722 Dei
2718 2664 3121 2739 esse_spiritus
3151 2664 3384 2739 legitur,
3413 2664 3676 2739 invalida
3703 2664 3772 2720 et
3808 2667 3936 2721 ina-

2273 2738 2366 2793 nis
2398 2735 2649 2794 assertio
2697 2742 2803 2792 est.
2852 2737 2980 2792 Non
3031 2735 3225 2792 solum
3269 2737 3430 2792 enim
3461 2736 3610 2791 ordo
3640 2737 3756 2791 hoc
3811 2752 3932 2791 non

2274 2811 2512 2882 patitur,
2541 2815 2598 2864 et
2626 2809 2774 2882 ratio
2803 2807 3036 2872 abnuit,
3071 2807 3174 2882 sed
3205 2811 3260 2862 et
3291 2807 3474 2863 verba
3501 2806 3935 2882 ipsa_inﬁrmsa

2273 2876 2607 2954 probantur
2636 2880 2714 2954 ad
2750 2880 2936 2954 _l_iauc_
2951 2876 3798 2954 assertiouemAastruendam.
3837 2880 3931 2934 His

2273 2949 2430 3008 enim
2485 2952 2679 3008 verbis
2711 2951 2873 3006 aliud
2903 2950 3132 3006 dictum
3185 2949 3555 3020 signiﬁcatur
3587 2949 3932 3022 frequenter

2272 3025 2331 3081 in
2367 3027 2534 3096 Lege.
2568 3025 2656 3078 Ait
2679 3027 2874 3096 autem
2923 3022 3412 3096 DominusDeus,
3440 3023 3560 3077 Non
3592 3021 3931 3096 permunebit

2270 3093 2502 3167 spiritus
2531 3112 2674 3150 meus
2715 3093 3111 3167 inqhominib‘us‘
3137 3093 3278 3167 istis,
3323 3100 3610 3167 propterea
3638 3093 3932 3167 quodssiut

2271 3163 2420 3245 caro.
2454 3167 2518 3222 Et
2541 3168 2600 3222 in
2656 3166 2963 3245 subjectis,
3013 3163 3112 3245 Sed
3151 3163 3375 3245 deleam,
3407 3166 3617 3245 inquit,
3648 3163 3932 3245 o_mni_u_ab

2273 3239 2487 3294 homine
2516 3255 2674 3310 usque
2694 3235 2969 3310 adgpegcus.
3018 3236 3138 3292 Hoc
3161 3235 3362 3308 utique
3391 3235 3551 3304 dicit,
3586 3237 3733 3307 quia
3774 3236 3930 3310 dilu-

2270 3312 2435 3366 vium
2463 3307 2740 3365 inducere
2771 3307 2982 3364 habuit
3002 3323 3180 3379 super
3209 3307 3445 3362 terram.
3476 3310 3796 3379 Nunquam
3835 3308 3928 3363 hic

2274 3381 2527 3449 Spiritus
2555 3384 2798 3436 sanctus
2820 3385 3013 3451 potest
3032 3379 3293 3449 intelligi.
3324 3380 3402 3451 De
3423 3379 3748 3435 animabus
3764 3382 3927 3434 enim

2272 3453 2436 3508 dixit.
2471 3455 2615 3508 Nam
2666 3468 2783 3507 non
2823 3450 3021 3506 solum
3065 3454 3284 3506 nostrai
3309 3450 3528 3505 animm
3557 3451 3806 3520 spiritus
3845 3451 3927 3505 di-

2273 3529 2508 3588 cuntur,
2541 3523 2644 3578 sed
2688 3528 2742 3578 et
2785 3537 3094 3592 pecorum.
3132 3521 3224 3578 Sic
3271 3521 3431 3577 enim
3476 3521 3770 3590 scriptum
3821 3527 3925 3586 est,

2272 3596 2346 3650 Et
2375 3601 2589 3650 mortua
2616 3601 2691 3650 est
2717 3593 2890 3649 omnis
2914 3610 3044 3649 caro
3064 3594 3122 3647 in
3152 3609 3312 3664 aqua,
3343 3594 3398 3647 in
3425 3609 3531 3664 qua
3549 3600 3670 3647 erat
3695 3593 3929 3664 spiritus

2273 3668 2417 3722 vitae.
2448 3669 2512 3721 Et
2541 3667 2600 3720 in
2635 3666 2929 3721 Ezechiele
2959 3665 3252 3736 prOpheta
3282 3665 3365 3720 sic
3389 3664 3618 3719 dictum
3645 3674 3756 3736 est,
3789 3681 3922 3720 cum

2271 3738 2344 3792 de
2371 3736 2793 3792 reformatione
2842 3735 3155 3791 hominum
3189 3737 3477 3806 promittit
3512 3738 3663 3790 Deus
3694 3735 3920 3798 dicens,

2271 3809 2400 3864 Haec
2428 3809 2562 3865 dicit
2591 3809 2853 3864 Dominus
2888 3807 3089 3863 ossibus
3119 3807 3261 3867 istis.
3310 3807 3620 3862 Extendunt
3649 3823 3815 3878 super
3846 3823 3926 3861 vos

2270 3888 2463 3945 cutem,
2494 3886 2544 3934 et
2567 3880 2698 3935 dabo
2735 3881 2794 3934 in
2819 3897 2906 3934 vos
2941 3879 3202 3950 spiritum
3233 3895 3422 3944 meum,
3455 3886 3508 3934 et
3534 3879 3751 3933 vinetis.
3804 3881 3922 3934 Non

2273 3952 2474 4024 utique
2506 3967 2577 4007 ex
2603 3967 2672 4007 eo
2701 3951 2952 4024 Spiritus
2985 3957 3228 4024 sunctus
3256 3950 3434 4024 debet
3462 3950 3735 4024 intelligi,
3785 3953 3926 4021 quia

2271 4021 2497 4078 dicium
2527 4028 2614 4078 est
2638 4039 2674 4078 a
2708 4021 2980 4088 Damino,
3022 4021 3171 4077 Dabo
3197 4022 3458 4092 spiritum
3487 4021 3752 4077 meum’in
3790 4038 3878 4076 vos
3908 4043 3922 4072 :

2271 4111 2410 4150 cum
2452 4094 2760 4150 manifeste
2791 4094 2865 4149 de
2895 4092 3102 4150 anima
3140 4093 3355 4148 dixerit
3382 4094 3555 4148 Dens.
3594 4095 3926 4150 Commune

2270 4171 2359 4221 est
2384 4166 2543 4222 enim
2577 4165 2692 4220 hoc
2722 4165 2887 4222 omni
2919 4165 3149 4236 spiritui
3174 4180 3320 4236 cum
3349 4171 3553 4220 sancto
3584 4164 3834 4235 Spiritu,
3872 4167 3929 4236 ut

2271 4237 2538 4293 similiter
2567 4237 2797 4292 dicatur
2823 4235 3017 4292 omnis
3044 4235 3304 4306 spiritus,
3341 4237 3439 4291 Dei
3465 4236 3735 4307 spiritus.
3764 4235 3929 4291 Intel-

2269 4309 2513 4379 ligentia
2551 4309 2707 4363 enim
2739 4308 2834 4363 hic
2863 4308 3195 4364 necessaria
3222 4311 3312 4362 est
3339 4323 3474 4379 quae
3492 4307 3814 4379 discernat
3841 4323 3931 4362 res

2273 4378 2450 4436 unius
2481 4379 2758 4435 nominis.
2792 4379 2941 4435 Nam
2973 4380 3126 4434 Deus
3169 4378 3371 4450 utique
3415 4378 3658 4450 spiritus
3689 4378 3931 4450 dicitur,

2270 4457 2328 4508 et
2356 4453 2560 4507 anima
2591 4451 2850 4507 hominis
2884 4450 3126 4522 spiritus
3155 4449 3387 4512 dicitur.
3421 4449 3479 4506 et
3517 4454 3740 4522 ventus
3772 4449 3934 4505 simi-

2269 4522 2420 4586 liter,
2456 4531 2510 4578 et
2552 4538 2672 4590 aer,
2714 4528 2770 4578 et
2799 4521 3002 4578 anima
3032 4522 3285 4591 pecoris,
3331 4525 3387 4576 et
3415 4521 3726 4594 angeli,iet
3770 4537 3936 4594 que-

2270 4609 2531 4665 cumque
2548 4599 2908 4666 acceperunt
2934 4600 2996 4666 ut
3017 4594 3218 4666 vivant
3244 4608 3348 4666 per
3368 4593 3775 4666 substantiam
3806 4608 3936 4666 pro-

2271 4663 2486 4790 Briam.
2523 4665 2634 4747 sed
2659 4663 2784 4737 jam
2795 4681 2922 4791 (per
2946 4664 3399 4746 intelligentiam
3429 4663 3736 4745 discernis
3768 4663 3938 4743 aliter

2319 4752 2458 4791 eum
2491 4742 2762 4791 snirttum
2842 4753 2935 4791 ici.
2959 4743 3014 4791 et
3042 4736 3212 4791 aliter
3240 4741 3572 4791 creaturam
3609 4753 3624 4790 :
3654 4736 3938 4791 sicutali-

2319 4752 2458 4791 eum
2491 4735 2762 4801 spiritum
2795 4735 2935 4801 dici,
2959 4743 3014 4791 et
3042 4736 3212 4792 aliter
3240 4741 3572 4791 creaturam
3609 4753 3624 4790 :
3654 4735 3940 4791 sicutali—

2271 4752 2458 4791 ueum
2491 4754 2516 4789 s
2565 4752 2762 4792 tritum
2795 4752 2935 4801 uici,
2959 4752 3014 4791 et
3042 4752 3212 4792 auter
3240 4752 3572 4791 creaturam
3609 4753 3624 4790 :
3654 4752 3938 4791 sicutau-

2269 4811 2355 4888 ter
2380 4752 2657 4878 intelligis
2676 4807 2982 4888 _Cnh_ristum
3009 4807 3125 4888 dici
3160 4807 3370 4888 filium
3391 4807 3510 4872 Dei,
3535 4812 3593 4862 et
3625 4807 3805 4888 aliter
3831 4807 3938 4888 ho-

2270 4879 2463 4934 mines
2490 4880 2687 4935 vocari
2709 4879 2862 4934 ﬁlios
2880 4879 3001 4934 Dei.
3023 4879 3527 4950 Quotiescumque
3541 4883 3752 4934 autem
3772 4879 3940 4950 spiri-

2271 4954 2397 5006 tum
2427 4951 2799 5076 qui(pro(prie
2825 4950 2900 5006 de
2931 4951 3180 5032 De_o_est,
3213 4950 3335 5004 vult
3362 4949 3673 5048 Scriptura
3703 4949 3936 5019 signiﬁ-

2271 5037 2425 5076 care.
2458 5021 2535 5076 ad
2586 5028 2628 5076 it
2699 5037 2879 5076 icens.
2919 5023 3202 5076 Spiritum
3236 5026 3514 5076 sanctum
3552 5064 3565 5076 .
3598 5026 3665 5076 ut
3692 5038 3804 5076 per
3822 5022 3935 5076 hoc

2269 5037 2425 5087 care,
2447 5021 2628 5077 ’addit
2655 5021 2879 5087 dicens,
2919 5021 3202 5092 Spiritum
3236 5026 3514 5092 sanctum
3551 5038 3565 5086 ;
3598 5026 3665 5076 ut
3692 5038 3804 5092 per
3822 5022 3935 5076 hoc

2271 5107 2391 5148 non
2421 5099 2695 5164 creatura
2718 5091 3100 5163 intelligatur,
3124 5093 3228 5148 sed
3259 5091 3404 5164 quia
3428 5091 3502 5147 de
3533 5092 3654 5147 Deo
3676 5091 3792 5154 est,
3818 5106 3937 5148 non

2271 5163 2434 5220 aliud
2458 5179 2590 5219 esse
2617 5179 2800 5235 quam
2823 5169 2912 5235 est
2942 5166 3113 5230 Deus,
3141 5163 3438 5235 credatur.
3467 5165 3704 5235 Moyses
3733 5171 3939 5220 autem

2269 5251 2408 5291 cum
2441 5233 2774 5291 creaturam
2795 5234 3076 5306 hylicam,
3101 5234 3160 5290 id
3177 5239 3274 5306 est
3290 5233 3713 5291 confusionem
3736 5250 3938 5290 rerum

2267 5307 2800 5378 describeret,qum
2821 5305 3025 5378 utique
3056 5322 3238 5362 sensu
3263 5305 3438 5378 bruta
3466 5309 3577 5370 est,
3615 5312 3940 5378 superfiat-7

2269 5393 2399 5450 ram
2418 5383 2471 5433 et
2496 5377 2788 5450 abyssum
2811 5383 2866 5433 et
2887 5377 3162 5434 tenebras
3185 5377 3460 5450 spiritum
3492 5379 3586 5432 Dei
3609 5377 3940 5450 superferri

2270 5447 2660 5504 interlocutus
2688 5455 2796 5514 est,
2831 5454 2894 5504 ut
2921 5465 2992 5505 ex
3021 5463 3093 5505 eo
3117 5447 3330 5520 spiritu
3361 5453 3417 5504 et
3447 5447 3578 5504 loco
3609 5449 3671 5520 in
3699 5447 3833 5520 quo
3862 5449 3936 5504 fe-

2267 5520 2528 5587 rebatur,
2555 5521 2828 5593 superior
2853 5519 3358 5592 creatura,’quam
3385 5519 3758 5591 spiritualem
3792 5520 3939 5575 dici-

2333 5682 2404 5741 (α)
2435 5679 2671 5737 Quaestio
2701 5679 2889 5730 eadem
2917 5692 2979 5730 ex
3010 5677 3137 5728 Mss.
3180 5678 3402 5728 secundi
3434 5678 3666 5740 generis,
3700 5682 3754 5728 et
3802 5680 3947 5728 inter

2277 5745 2397 5809 post
2426 5742 2656 5808 vulgatis
2687 5747 2880 5794 vester.
2911 5743 3050 5794 Test.
3083 5741 3338 5794 secunda.
