4120 6202
208 149 356 218 2245

208 282 598 340 Testamento
621 281 874 339 Abrahae
889 281 1129 352 signum
1150 279 1504 346 habuerunt,
1523 294 1592 338 ex
1605 295 1729 352 quo
1753 297 1865 338 cce-

207 354 298 483 Bit
318 356 766 435 Testamentum
792 352 1011 434 Vetus;
1036 354 1117 434 ita
1141 359 1197 408 et
1227 355 1288 408 in
1309 356 1475 434 Novo
1500 353 1741 433 signum
1763 354 1866 410 ha-

251 432 396 481 eant
426 425 775 483 Salvatoris.
806 440 911 483 aui
942 427 1090 480 Nov1
1120 427 1481 481 Testamenti
1513 430 1865 481 constitutor

251 432 396 481 eant
426 425 775 487 Salvatoris.
806 425 911 495 qui
942 425 1090 480 Novi
1120 426 1481 481 Testamenti
1513 427 1865 481 constitutor

209 504 316 554 est.
342 496 868 563 Quemadmodum
891 497 1049 551 enim
1072 512 1140 551 ex
1155 496 1457 552 Abraham
1483 497 1705 551 Hebraei
1724 497 1865 553 dicti

211 575 372 634 sunt,
402 568 486 624 sic
508 574 562 622 et
587 583 660 622 ex
681 567 914 623 Christo
939 567 1249 623 Christiani
1264 570 1563 624 dicuntur.
1583 569 1867 632 Quicum-

209 655 329 713 que
343 654 484 709 ergo
497 638 697 713 adhuc
712 638 942 713 H_ebrs_ei
955 639 1254 703 dicuntur,
1275 643 1504 695 Novum
1526 641 1866 713 Testamen-

210 710 336 768 tum
367 711 533 783 quod
575 711 848 783 promisit
880 710 1058 779 Deus,
1091 727 1213 767 non
1244 717 1611 783 receperunt,
1642 711 1866 766 benefi-

209 785 372 840 cium
388 781 454 839 ξι
480 781 950 838 misericordiam
984 784 1084 838 Dei
1125 784 1184 837 in
1212 781 1444 838 irritum
1466 782 1859 839 deducentes:

205 856 311 928 qui
326 854 621 928 populum
636 869 813 928 s_u_i_i_m
823 853 952 928 jam
967 869 1101 928 non,
1113 853 1376 910 hominis
1392 855 1863 928 inominievolens

205 923 462 990 censeri,
496 925 610 980 sub
636 923 764 980 Filii
795 925 884 979 sui
940 924 1185 980 nomine
1213 927 1570 982 constituere
1602 925 1732 981 illos
1779 925 1864 981 di-

206 1004 428 1068 gnatus
456 997 730 1068 est._Qua
777 995 964 1068 igitur,
986 996 1241 1052 audacia
1267 996 1473 1052 dicunt
1499 997 1708 1064 Judaei,
1743 1011 1864 1052 non

205 1066 412 1126 nostra
439 1083 550 1124 nos
579 1066 708 1136 lege
737 1068 837 1132 uti,
867 1067 970 1121 sed
987 1083 1100 1123 sua
1123 1085 1137 1135 ;
1162 1084 1301 1123 cum
1318 1069 1476 1124 dicat
1497 1069 1701 1133 David,
1729 1068 1864 1123 Con-

203 1139 402 1212 ﬁtebori
419 1139 522 1194 tibi
533 1139 594 1192 in
620 1137 865 1209 gentibus
892 1138 1061 1212 (Psal.
1084 1140 1329 1212 xvii,50)
1351 1157 1379 1212 ;_
1397 1140 1861 1211 etiterum,Epu-

207 1210 426 1277 lumini,
447 1218 793 1282 gentestcum
808 1210 1009 1280 populo
1038 1212 1152 1281 ejus
1171 1211 1200 1267 ?
1220 1213 1281 1265 Et
1307 1210 1385 1266 ad
1400 1212 1714 1266 Jeremiam
1731 1210 1864 1282 pro-

205 1281 460 1356 phetam’
484 1282 626 1356 dicit
652 1281 961 1349 Dominus,
1012 1283 1345 1356 Priusquam
1388 1289 1435 1356 te
1478 1281 1776 1356 formarem
1803 1283 1862 1356 in

206 1354 385 1419 utero,
415 1355 537 1409 novi
559 1360 642 1410 te:
661 1360 710 1408 et
740 1359 1030 1424 antequam
1059 1354 1234 1408 eaires
1254 1354 1314 1408 de
1334 1354 1517 1424 vulva,
1529 1354 1866 1423 sancti/icavi

211 1433 261 1482 te
287 1443 308 1491 ;
337 1425 712 1497 etpraphetam
744 1425 802 1478 in
821 1423 1065 1496 gentibus
1085 1428 1240 1497 posui
1259 1433 1308 1480 te
1347 1423 1565 1496 (Jersm.
1598 1440 1636 1489 ι.
1668 1430 1745 1494 5).
1775 1425 1864 1480 Ju-

204 1496 478 1554 daismus
527 1502 680 1554 certe
714 1497 986 1568 proprias
1011 1496 1192 1552 habet
1224 1497 1730 1566 signiﬁcationes:
1763 1501 1866 1552 aut

206 1570 374 1626 enim
401 1568 673 1641 popuius_
693 1567 801 1623 iste
830 1567 892 1641 in
917 1567 1104 1624 Jacob
1126 1568 1513 1641 signiﬁcatur,
1541 1574 1643 1624 aut
1663 1568 1736 1641 in
1769 1570 1864 1641 sa-

210 1638 424 1704 maria,
447 1640 623 1695 autin
647 1638 996 1704 Jerusalem,
1019 1639 1202 1695 autin
1221 1639 1450 1705 Judaia,
1469 1641 1644 1696 autin
1661 1639 1861 1696 Israel.

212 1715 296 1768 De
326 1711 594 1781 gentibus
620 1715 820 1766 autem
851 1717 1125 1784 apertum
1143 1715 1248 1775 est,
1278 1713 1421 1784 quia
1449 1711 1618 1774 aliter
1635 1711 1773 1784 illos
1794 1711 1863 1765 si-

205 1784 478 1910 gniticet,
493 1797 679 1854 quam
708 1782 1067 1865 suntiudaii.
1093 1782 1461 1863 Noster‘ergo
1476 1783 1768 1864 propheta
1780 1787 1868 1837 est

241 1855 973 1910 eremias.0uamv18enim
986 1869 1043 1909 in
1057 1855 1332 1910 omnibus
1343 1854 1650 1910 Pronhetis
1661 1861 1865 1910 gentes

241 1852 1043 1926 eremiaszuamvisenimin
1057 1852 1865 1926 omnibusProphetisgentes

207 1925 534 1999 participes
563 1925 709 1999 doni
749 1926 856 1999 sui
874 1926 1201 1999 ostenderit
1233 1929 1406 1999 Deus,
1438 1925 1515 1982 ad
1545 1925 1864 1999 teremiam

211 1995 415 2055 iamen
430 1995 781 2069 specialiter
799 1996 960 2062 dicit,
994 1997 1136 2068 quia
1158 1996 1327 2052 nobis
1351 1997 1518 2056 illum
1544 1998 1708 2069 dedit
1727 2013 1868 2068 pro-

207 2067 610 2142 phetemfﬂic
661 2069 823 2142 enim
854 2067 1085 2142 Novum
1123 2075 1568 2142 Testamentum
1599 2067 1865 2124 futurum

209 2140 588 2210 signiﬁcavit,
618 2141 784 2211 quod
820 2140 951 2210 plus
977 2140 1284 2211 gentibus
1337 2140 1649 2211 proﬁceret
1677 2155 1866 2211 quam

210 2212 460 2280 Judieis,
482 2210 654 2283 quod
675 2227 836 2267 nunc
861 2210 1230 2283 declaratum
1253 2210 1502 2269 videtur.
1533 2213 1676 2267 Cum
1698 2210 1866 2266 enim

211 2284 276 2339 in
309 2281 586 2340 universa
608 2289 783 2354 terra
801 2284 943 2338 Novi
976 2281 1330 2339 Testamenti
1365 2284 1439 2339 sit
1485 2284 1864 2354 priedicatio;

214 2359 338 2410 tam
358 2370 493 2410 raro
504 2359 561 2410 et
583 2353 823 2425 difﬁcile
843 2354 1088 2410 Judeaus
1109 2354 1302 2410 ﬁdelis
1321 2353 1641 2425 invenitur,
1665 2360 1726 2410 ut
1741 2370 1868 2411 om-

211 2441 326 2481 nes
340 2425 608 2482 Ecclesim
621 2425 765 2482 Novi
780 2424 1161 2491 Testamenti,
1178 2427 1446 2495 gentium
1460 2424 1866 2492 nominentur,

214 2497 368 2568 sicut
386 2497 612 2558 dictum
637 2502 770 2568 erat
789 2496 848 2552 in
880 2499 1026 2554 Osee
1049 2497 1358 2568 propheta,
1397 2497 1600 2555 Vocabo
1625 2514 1731 2552 non
1744 2498 1870 2568 ple-

216 2567 333 2624 bem
343 2585 530 2633 meam,
544 2566 740 2640 plebem
755 2583 923 2624 meam
939 2589 962 2638 ;
976 2575 1023 2624 et
1037 2566 1141 2624 non
1156 2566 1435 2634 dilectam,
1452 2569 1706 2625 dilectam
1721 2566 1868 2639 (Osee

217 2656 280 2704 ιι,
308 2644 378 2697 24
400 2659 415 2707 ;
435 2640 586 2698 Rom.
608 2657 689 2712 ix,
717 2642 828 2711 25).
863 2640 1127 2712 Repulsis
1147 2655 1290 2710 ergo
1308 2641 1551 2712 Judmis,
1578 2645 1869 2697 convocat

218 2718 510 2782 gentesea
540 2711 947 2769 misericordia
971 2717 1026 2768 et
1046 2712 1257 2780 gratia,
1284 2727 1407 2782 qua
1424 2728 1632 2769 vocare
1653 2713 1870 2781 digna-

217 2790 322 2840 tus
340 2790 423 2840 est
448 2784 837 2840 etAbraham.
857 2786 971 2840 Nec
983 2785 1143 2840 enim
1155 2784 1458 2839 Abraham
1487 2799 1606 2840 non
1628 2790 1872 2840 vocatus

218 2855 503 2927 cognovit
533 2855 875 2927 Dominum.
905 2856 1111 2927 Itaque
1137 2855 1239 2927 qui
1269 2854 1552 2927 dignatus
1577 2860 1667 2911 est
1691 2856 1872 2910 Abra-

216 2926 386 2992 ham,
421 2926 579 2982 idem
611 2927 737 2998 ipse
755 2926 1051 2998 dignatus
1083 2926 1170 2981 est
1199 2932 1423 2998 gentes.
1467 2926 1578 2980 Cur
1608 2941 1750 2997 ergo
1779 2926 1872 2980 di-

218 3002 386 3062 cunt,
409 3001 619 3054 Nostra
636 2996 733 3054 est
752 2996 870 3053 Lex
893 3014 908 3064 ;
933 3014 1070 3053 cum
1103 2997 1492 3053 manifestum
1521 2998 1614 3061 sit,
1642 2996 1872 3053 denum

219 3071 324 3126 Dei
351 3070 626 3125 omnium
672 3083 800 3124 esse
857 3068 1180 3125 volentium
1213 3067 1241 3122 ?
1289 3069 1481 3124 Cesset
1509 3069 1709 3139 itaque
1758 3069 1873 3139 ista

221 3140 623 3212 usurpationis
654 3140 975 3206 temeritas,
1005 3141 1151 3212 quia
1170 3140 1365 3212 gratia
1394 3139 1497 3194 Dei
1528 3138 1870 3212 communis

215 3209 635 3293 estomnibus:
648 3212 776 3276 Quo
801 3209 1065 3293 namque
1079 3209 1306 3283 pudore
1328 3217 1550 3293 negant
1576 3209 1873 3293 Christum

215 3289 490 3340 nostrum
525 3284 584 3338 in
614 3283 765 3351 Lege
795 3282 1184 3352 promissum,
1229 3299 1366 3338 cum
1398 3282 1642 3338 videant
1669 3283 1876 3338 omnia

216 3354 466 3424 signain
487 3370 577 3419 eo,
605 3369 741 3426 quae
767 3352 884 3408 Lex
900 3354 1098 3410 futura
1123 3353 1520 3426 praedixerat?
1538 3354 1690 3420 Quia
1711 3359 1768 3409 et
1787 3368 1873 3409 se-

216 3426 490 3482 cundum
515 3424 767 3481 Abrahm
794 3424 1258 3496 promissionem
1284 3441 1493 3482 omnes
1519 3431 1725 3495 gentes
1751 3426 1876 3495 jus-

219 3497 540 3564 tiﬂcantur,
566 3496 625 3551 in
640 3512 776 3551 eum
790 3497 1097 3569 credentes
1109 3498 1265 3568 (Gen.
1280 3512 1420 3562 xxii,
1450 3498 1540 3569 18)
1566 3512 1579 3563 ;
1598 3504 1651 3552 et
1666 3512 1873 3552 secun-

217 3569 369 3625 dum
397 3569 612 3624 lsaiam
641 3567 996 3639 prophetam
1027 3569 1102 3624 de
1122 3567 1229 3624 Vir
1275 3571 1366 3624 ine
1395 3567 1573 3624 natus
1603 3568 1866 3639 est([sai.

218 3657 320 3694 vn.
358 3640 440 3694 l4)
471 3640 528 3694 in
555 3637 894 3694 Bethlehem
931 3655 1003 3694 ex
1037 3640 1193 3694 tribu
1221 3587 1398 3694 fudit.
1428 3641 1578 3694 sicut
1608 3639 1714 3694 fuit
1740 3656 1866 3694 nro-

218 3657 320 3712 vu,
358 3640 440 3711 14)
471 3640 528 3694 in
555 3637 907 3712 Bethlehein
931 3655 1003 3696 ex
1037 3640 1193 3696 tribu
1221 3637 1398 3707 Iuda,
1428 3641 1578 3696 sicut
1608 3637 1725 3695 fuit
1740 3656 1870 3712 pro-

221 3711 498 3775 missum,
533 3726 604 3766 ex
631 3711 853 3767 semine
879 3710 1068 3767 David
1098 3711 1364 3782 (Michsew
1412 3730 1463 3776 v,
1494 3715 1552 3776 2)
1569 3729 1586 3781 ;
1620 3715 1678 3767 et
1703 3710 1873 3781 juxta

216 3783 388 3910 gluod
430 3782 719 3838 Jeremias
770 3783 1144 3854 prophetavit
1195 3782 1410 3853 (Jerem.
1443 3799 1605 3847 xxiii,
1639 3785 1724 3863 3t,
1758 3783 1868 3854 32),

270 3869 454 3910 ovum
483 3857 952 3910 Testamentum.
977 3855 1140 3910 quod
1172 3857 1324 3910 Deus
1354 3862 1493 3909 tunc
1524 3860 1868 3910 promiserat

270 3869 454 3910 ovum
483 3857 952 3926 Testamentum,
977 3855 1140 3926 quod
1172 3857 1324 3910 Deus
1354 3862 1493 3909 tunc
1524 3857 1874 3926 promiserat

219 3927 512 3990 futurum,
531 3925 913 3997 praedicavit;
936 3925 1366 3997 et’postomnia
1391 3925 1568 3996 signa
1590 3927 1874 3981 virtutum

219 4002 483 4062 ostensa,
516 3996 851 4053 humiliavit
879 4014 961 4064 se,
996 3996 1328 4070 secundum
1358 3998 1520 4053 dicta
1563 3997 1876 4070 PrOpbeta-

216 4084 359 4125 rum
383 4070 691 4134 ;etomnia
713 4084 847 4137 quin
863 4069 1144 4139 praedicta
1166 4075 1320 4134 sunt,
1347 4085 1580 4140 passus,
1599 4068 1876 4124 ter'tiadie

215 4140 828 4212 resurrexit,quemad
840 4141 1078 4196 modum
1092 4142 1378 4210 scriptum
1391 4141 1547 4195 estin
1561 4141 1871 4212 propheta.

219 4211 288 4268 Et
318 4211 366 4284 si
399 4217 636 4284 tempus
679 4211 1096 4282 promissionis
1125 4216 1450 4284 requirant,
1481 4212 1632 4267 sicut
1657 4211 1716 4268 in
1763 4214 1874 4284 Da-

215 4282 377 4364 niele
407 4282 705 4364 propheta
728 4287 1036 4364 ostensum
1085 4289 1174 4339 est
1212 4282 1396 4353 ’(Dan.
1441 4299 1522 4364 ix,
1559 4285 1650 4364 2t,
1693 4283 1873 4354 sqq.),

216 4353 534 4410 invenient
562 4353 875 4426 impletum
904 4360 1168 4426 tempore
1205 4371 1330 4426 quo
1365 4361 1540 4410 natus
1565 4360 1621 4409 et
1659 4353 1875 4426 passus

215 4431 311 4508 est
328 4426 618 4484 Christus:
649 4425 855 4508 quia‘a
877 4425 1141 4508 tempore
1175 4425 1355 4508 primi
1379 4426 1521 4507 anni
1547 4425 1700 4508 Darii
1721 4426 1877 4507 regis

217 4497 532 4569 Persarum
549 4514 653 4569 usq
662 4513 731 4552 ue
743 4497 820 4553 ad
835 4496 1203 4554 nativitatem
1217 4504 1269 4552 et
1282 4498 1628 4569 passionem
1645 4496 1876 4552 Domini

219 4515 532 4553 rersarum
549 4515 731 4623 usque
743 4515 820 4553 au
835 4515 1203 4554 nauvuaiem
1217 4515 1269 4552 ei
1282 4515 1628 4569 passionem
1645 4515 1875 4552 uomini

214 4575 275 4649 et
300 4568 602 4649 excidium
659 4569 976 4649 erus_al'em,
997 4569 1160 4649 quod
1191 4570 1412 4649 factum
1435 4574 1647 4649 estper
1667 4571 1875 4649 Vespa:

219 4640 467 4712 sianum
497 4641 728 4710 imperii
779 4640 1030 4696 Romani
1062 4643 1413 4712 principem,
1447 4640 1706 4711 impletin
1736 4640 1880 4696 sunt

218 4710 632 4786 hebdomadze
658 4710 1226 4786 septuaginta,‘quie
1253 4710 1393 4768 sunt
1420 4710 1561 4769 anni
1592 4711 1875 4785 quadrin-

218 4782 382 4855 genti
414 4782 763 4863 nonaginta,
797 4786 900 4865 qui
956 4782 1277 4865 computus
1303 4859 1312 4865 Δ
1336 4799 1440 4865 per
1469 4782 1654 4865 regna
1693 4791 1880 4865 etper

201 4854 600 4927 sugcessores
621 4854 851 4927 imperii
869 4854 1220 4911 manifestus
1231 4859 1338 4910 est.
1369 4854 1687 4927 Quomodo
1701 4857 1879 4912 etiam

215 4941 258 4982 a
285 4923 646 4998 Tertulliano
675 4923 1088 4998 computatum
1105 4927 1493 4998 inveniturin
1514 4926 1670 4984 libro
1696 4942 1879 4998 quem

219 4998 466 5070 scripsit
485 4997 772 5055 adversus
788 4997 1047 5063 Judaeos,
1065 4998 1232 5070 quod
1259 5013 1332 5070 ne
1349 4997 1427 5053 ad
1448 4998 1521 5068 inj
1533 4997 1732 5053 uriam’
1752 4999 1880 5068 ejus

220 5069 558 5142 proﬁceret,
592 5071 736 5142 quia
764 5075 919 5126 recte
950 5069 1337 5141 computavit,
1362 5070 1878 5142 praetermisimus.

223 5143 290 5197 Et
319 5140 454 5210 quis
484 5140 758 5211 ambigat
784 5144 859 5198 de
889 5141 1004 5197 hoc
1031 5140 1307 5204 numero,
1341 5157 1480 5196 cum
1515 5141 1755 5197 trecenti
1773 5142 1880 5196 cir-

218 5214 364 5286 citer
391 5213 536 5286 a_nni
555 5228 714 5286 nunc
743 5229 922 5286 super
941 5212 1103 5268 hunc
1118 5227 1440 5268 numerum
1456 5213 1833 5286 inveniantur
1853 5212 1882 5268 7

219 5283 598 5355 lmpudentis
622 5283 1020 5357 ergoie'stipost
1041 5288 1276 5357 tantum
1299 5283 1755 5357 superadditum
1771 5299 1884 5357 inu-

223 5371 464 5411 merum
495 5355 782 5412 adventui
801 5355 1141 5423 Sal’vatoris,
1172 5355 1387 5422 dicere,
1413 5359 1539 5412 Non
1563 5356 1738 5423 venit,
1760 5355 1883 5411 Sub

223 5426 529 5500 Apostolis
551 5427 736 5498 enim,
769 5435 872 5485 aut
904 5434 1170 5500 tempore
1193 5442 1316 5500 quo
1347 5427 1884 5500 agebatDominus

222 5497 381 5572 inter
401 5499 697 5570 homines,
721 5497 794 5556 se
832 5497 1376 5572 poteratocciiltare
1405 5497 1884 5572 malitiaicontrag

221 5568 714 5638 dicensveritati';
739 5578 800 5628 ut
817 5568 954 5628 cum
973 5572 1178 5627 omnia
1189 5571 1362 5639 signa
1383 5570 1659 5640 promissi
1673 5568 1886 5626 Christi

219 5642 454 5715 videret
484 5643 546 5698 in
582 5643 912 5710 Salvatore,
937 5644 1012 5701 de
1045 5649 1314 5715 tempore
1340 5647 1539 5715 tamen
1578 5642 1886 5713 ambigere

195 5730 298 5776 ..ιο
311 5714 562 5784 diceret,
593 5721 660 5775 ut
685 5715 1006 5793 perﬁdiam
1029 5712 1206 5776 suain
1233 5712 1471 5775 celaret.
1492 5713 1632 5776 Post
1655 5712 1881 5783 autsin,

1715 141 2105 214 APPENDIX.

3482 154 3622 220 2246

1973 301 2332 360 cumsuper
2382 286 2747 358 promissum
2808 299 3129 360 numerum
3176 298 3624 360 supercrescere

1975 358 2146 414 multi
2178 358 2322 414 anni
2368 365 2693 429 cmperunt,
2727 373 2849 430 qua
2875 358 3366 429 impudentia—est
3404 372 3623 430 negare

1973 430 2234 496 venisse,
2261 431 2424 501 quod
2448 430 2637 501 etiam
2659 435 2712 485 et
2739 430 2922 500 signis
2952 436 3006 484 et
3037 431 3405 500 temporibus
3436 433 3625 487 adim-r

1974 503 2202 574 pletum
2237 499 2419 557 scitur
2440 499 2473 574 ii
2511 505 2657 574 Nam
2701 499 2948 572 quando
2980 499 3203 574 aliquid
3240 501 3484 574 plenum
3515 509 3620 566 est,

1973 572 2028 629 et
2059 588 2181 628 non
2241 572 2718 643 superabundat,
2751 579 2944 643 potest
2973 572 3379 628 contentiusus
3409 573 3624 644 aliquis

1973 644 2169 700 dicere
2183 659 2304 699 non
2322 661 2455 700 esse
2470 645 2710 715 plenum
2722 684 2735 708 ,
2769 644 2875 698 sed
2894 645 3453 714 superabundantia
3468 646 3624 699 clau-

1972 716 2132 772 ditur
2165 731 2232 770 os
2261 715 2633 771 contentioso
2653 733 2665 774 :
2685 715 3057 786 iitaelJudaai
3082 723 3344 786 tempore
3367 717 3624 772 Salvato-

1971 788 2051 843 ris
2079 791 2398 858 potuerunt
2435 787 2651 850 dicere,
2683 785 2818 841 licet
2843 802 2945 856 per
2980 785 3298 852 fallaciam,
3325 803 3445 842 non
3471 787 3624 842 bene

1971 864 2387 929 computatum
2417 873 2452 914 a
2485 859 2636 913 Darii
2673 865 2934 928 tempore
2978 873 3165 928 usque
3195 858 3270 913 ad
3306 859 3622 914 Dominum

1974 930 2291 996 Christum,
2328 935 2390 985 ut
2423 930 2549 999 ipse
2595 930 2827 984 dicatur
2857 945 2987 984 esse
3018 930 3120 1000 qui
3153 931 3483 1000 promissus
3511 934 3620 984 est.

1973 1001 2252 1058 Fallimur
2281 1001 2442 1056 enim
2473 1000 2533 1056 in
2552 1002 2726 1056 annis
2750 1007 2804 1054 et
2832 1000 2891 1054 in
2917 999 3225 1056 mensibus
3246 1006 3301 1055 et
3326 1002 3386 1055 in
3413 999 3626 1054 diebus

1971 1074 2430 1144 Imperatorumﬁ,
2465 1078 2520 1127 et
2551 1073 2628 1126 ad
2647 1071 2945 1143 liquidum
2968 1088 3088 1127 non
3123 1072 3482 1141 colligimus.
3522 1069 3623 1144 [ibi

1971 1141 2170 1202 autem
2200 1143 2483 1200 creverint
2501 1141 2772 1213 tempora
2793 1159 2972 1214 super
2991 1159 3303 1198 numerum
3321 1141 3626 1214 prmscripf

1971 1220 2099 1270 tum
2115 1231 2412 1270 annorum
2427 1212 2703 1284 promissi
2719 1212 3121 1280 Christi,nulla
3136 1212 3623 1285 potestpreetendi

1970 1286 2294 1350 excusatio,
2343 1293 2406 1340 ut
2428 1283 2578 1356 inon
2609 1285 2735 1356 ipse
2786 1301 2915 1339 esse
2948 1283 3210 1342 Christus
3242 1283 3488 1346 dicatur,
3522 1283 3625 1356 qui

1971 1359 2150 1424 venit,
2201 1356 2338 1421 nisi,
2368 1355 2535 1426 quod
2578 1355 2751 1423 absit,
2785 1358 3063 1411 mentitus
3097 1357 3328 1411 dicatur
3358 1372 3491 1410 esse
3524 1355 3624 1425 qui

1972 1429 2269 1502 promisit.
2299 1429 2553 1492 Quando
2567 1429 2725 1482 enim
2743 1427 3408 1502 _tempus_promi_ssi0nis
3427 1442 3626 1502 einen:

1972 1497 2107 1557 sum
2130 1505 2238 1564 est,
2271 1505 2595 1568 etnegatur
2626 1497 2855 1554 venisse
2873 1497 2984 1568 qui
3012 1498 3343 1568 promissus
3369 1503 3455 1552 est
3480 1497 3627 1568 quid

1974 1572 2138 1630 aliud
2167 1586 2351 1643 quam
2384 1567 2682 1626 mendacii
2711 1567 2980 1643 arguitur
3009 1567 3112 1640 qui
3155 1569 3428 1643 promisit
3455 1568 3482 1622 ‘I
3501 1567 3628 1623 Sed

1971 1639 2245 1701 veracein
2296 1657 2425 1697 esse
2454 1644 2556 1713 qui
2600 1642 2885 1712 promisit,
2933 1639 3105 1709 signa
3155 1639 3362 1695 Omnia
3389 1639 3624 1713 docent,

1971 1731 2107 1787 quas
2140 1714 2422 1787 praedicta
2441 1712 2501 1787 in
2533 1712 2761 1787 Christo
2789 1719 2944 1787 sunt,
2973 1719 3028 1767 et
3055 1719 3287 1787 reperta
3313 1713 3372 1766 in
3402 1712 3626 1787 Christo

1972 1783 2325 1843 noscuntur.
2369 1784 2559 1840 Judaei
2609 1790 2831 1848 autem,
2864 1783 3012 1838 dum
3042 1783 3364 1839 emendare
3391 1783 3630 1837 erubes-

1971 1864 2132 1921 cunt,
2189 1871 2307 1912 non
2338 1857 2601 1925 cogitant
2638 1854 2902 1910 futurum
2930 1854 3248 1925 judicium.
3279 1854 3428 1909 Nihil
3467 1851 3626 1925 enim

1972 1930 2150 2011 pejus
2174 1934 2283 2011 est,
2315 1923 2504 1998 quam
2536 1926 2586 1981 si
2643 1931 2820 2011 neget
2853 1923 3004 2007 quis
3037 1943 3244 1983 verum
3275 1941 3428 1991 esse,
3460 1923 3626 1996 quod

1971 1997 2246 2068 intelligit
2277 1997 2401 2053 non
2428 2013 2559 2054 esse
2591 1997 2996 2054 mendacium.

2041 2064 2192 2128 XLV'.
2234 2100 2302 2110 —
2341 2070 2418 2141 (α)
2452 2070 2767 2141 Quomodo
2798 2069 2980 2126 homo
3035 2068 3114 2124 ad
3166 2066 3494 2136 imaginem
3525 2064 3627 2121 Dei

1973 2144 2164 2201 factus
2190 2143 2286 2206 sit,
2314 2149 2372 2196 et
2402 2140 2601 2198 utrum
2651 2140 2729 2196 ad
2759 2142 3260 2203 dominationem,
3293 2144 3349 2195 et
3387 2153 3464 2193 an
3497 2152 3628 2192 mu-

1973 2212 2411 2289 “sequoque?
2531 2283 2562 2289 __
2622 2283 2634 2289 _
2753 2283 2764 2289 _
2960 2282 3012 2289 __
3148 2281 3159 2289 ,
3337 2285 3346 2289 _
3411 2279 3421 2289 .

2046 2277 2354 2349 Fabia-nius,
2378 2283 2590 2354 inquit,
2617 2283 2881 2338 hominem
2903 2283 2973 2337 ad
2991 2281 3278 2354 imaginem
3299 2285 3347 2334 et
3369 2277 3631 2354 similitu-

1972 2357 2153 2412 dinem
2179 2363 2421 2411 nostram
2451 2349 2610 2421 (Gen.
2644 2371 2682 2420 i,
2715 2355 2828 2426 26).
2864 2358 2981 2410 Hoc
3015 2349 3384 2426 quibusdam
3409 2366 3482 2405 ex
3512 2349 3632 2426 alia

1975 2436 2140 2501 parte
2166 2428 2434 2501 lectionis
2465 2421 2918 2501 intelligendum
2950 2421 3079 2501 esse
3110 2424 3344 2501 videtur
3371 2438 3486 2501 ;_ex
3515 2421 3630 2501 hac

1976 2493 2266 2562 videlicet,
2295 2499 2356 2554 in
2377 2514 2501 2570 qua
2518 2493 2774 2570 legimus
2787 2498 3012 2570 dixisse
3044 2499 3249 2562 Deum,
3287 2493 3490 2570 Venite,
3518 2493 3632 2570 des-

1972 2572 2276 2646 cendemus,
2297 2577 2346 2626 et
2376 2564 2762 2646 confundamus
2794 2569 3019 2646 {inguas
3049 2584 3241 2646 eorum
3295 2565 3508 2646 (Iden,
3546 2564 3626 2646 ἶ).

1976 2643 2124 2716 Quia
2153 2635 2450 2716 quantum
2474 2635 2480 2639 ⁷
2505 2642 2564 2696 in
2605 2635 3221 2716 superﬁcie__videtur,
3273 2635 3464 2716 simile
3495 2640 3582 2716 est
3615 2650 3628 2690 :

1977 2709 2368 2770 unius—enim
2421 2727 2538 2768 vox
2589 2709 2699 2777 est,
2742 2712 2960 2784 plurali
2989 2726 3239 2784 numero
3284 2709 3629 2784 loquentis:

1977 2785 2083 2841 sed
2098 2786 2397 2856 discrepat
2427 2799 2628 2856 sensu,
2653 2778 2798 2855 quia
2823 2788 2880 2856 et
2908 2782 3210 2856 dissimilis
3231 2778 3384 2856 ratio
3401 2785 3507 2856 est.
3534 2778 3633 2833 Hic

1979 2858 2138 2913 enim
2168 2857 2244 2912 de
2271 2849 2534 2912 creando
2557 2849 2801 2911 homine
2830 2853 2990 2921 dicit,
3023 2869 3200 2924 quem
3214 2849 3633 2924 adimaginem

1978 2934 2036 2985 et
2067 2927 2523 2984 similitudinem
2566 2943 2742 2982 suam
2775 2925 2931 2981 Deus
2963 2923 3089 2980 vult
3113 2923 3324 2979 creari.
3355 2923 3503 2977 Illud
3531 2937 3635 2977 au-

1981 3004 2102 3058 tem
2138 2998 2305 3070 quod
2327 2997 2497 3064 dicit,
2516 2997 2742 3070 _Venite,
2775 2995 3148 3070 descendemus
3167 3002 3215 3049 et
3243 2993 3634 3070 con/undamn;

1984 3065 2196 3140 linguas
2222 3085 2428 3133 eorum,
2458 3068 2536 3123 ad
2561 3070 2675 3140 hoc
2732 3067 3001 3140 pertinet,
3031 3083 3105 3122 ne
3133 3082 3194 3121 se
3231 3065 3636 3140 intelligerent

1978 3136 2291 3198 homines:
2326 3141 2486 3196 unde
2514 3139 2592 3196 ad
2640 3136 2894 3208 Angelos
2938 3142 3132 3208 potest
3188 3137 3371 3191 videri
3399 3136 3633 3192 locutus

1982 3213 2158 3292 Deus,
2191 3213 2365 3292 quasi
2390 3212 2715 3292 impera_tor_
2741 3209 2820 3265 ad
2850 3210 3188 3264 exercitum.
3234 3208 3637 3292 Communiter

1981 3276 2150 3340 enim
2199 3276 2360 3357 dicit,
2409 3276 2550 3354 quia
2604 3280 2868 3357 facturus
2918 3291 3046 3357 eget
3076 3293 3202 3357 ‘per
3234 3276 3383 3345 illos,
3421 3282 3635 3357 utpote

1984 3358 2219 3412 Creator
2248 3348 2481 3410 illorum
2516 3369 2530 3409 :
2559 3369 2628 3409 ac
2653 3369 2754 3424 per
2779 3353 2914 3424 hoc,
2948 3348 3375 3424 Con/undamus,
3417 3348 3612 3424 inquit

1984 3387 2209 3412 υιῠαιυι
2248 3387 2365 3410 ιιιυι
2383 3387 2481 3410 ιιι-ιι
2517 3395 2530 3409 ι
2559 3387 2628 3409 αν
2653 3387 2747 3424 Po;
2779 3387 2914 3415 μυι,
2948 3387 3075 3418 υυηι
3093 3387 3375 3410 ιυνυιυυηηυ,
3419 3387 3612 3418 nutu...

1982 3427 2195 3499 linguas
2216 3443 2421 3499 eorum.
2446 3427 2593 3499 Nam
2615 3440 2754 3499 cum
2785 3422 2947 3487 dicit,
2971 3422 3262 3477 Faciamus
3283 3387 3636 3499 hominemad

1982 3489 2272 3569 imaginem
2299 3504 2347 3552 et
2375 3495 2794 3552 similitudinem
2844 3501 3110 3561 nostram,
3134 3507 3264 3569 non
3298 3493 3494 3569 potest
3521 3489 3636 3542 dici

1981 3563 2224 3640 Angelis
2268 3569 2504 3625 locutus
2538 3584 2551 3633 ;
2587 3571 2735 3642 quia
2781 3581 2914 3642 non
2953 3568 3149 3642 potest
3199 3563 3314 3642 dici
3356 3574 3636 3642 una-esse

1980 3637 2183 3712 imago
2213 3642 2310 3696 Dei
2346 3647 2401 3696 et
2431 3637 2816 3709 Angel’orum,
2873 3638 3024 3692 sicut
3052 3637 3423 3706 imperatoris
3453 3637 3508 3687 et
3534 3646 3640 3712 _co-_-

1984 3706 2223 3784 minim.
2252 3713 2400 3776 Quia
2438 3706 2699 3784 quorum
2730 3712 2930 3784 imago
2979 3713 3068 3762 est
3098 3721 3245 3784 ene,
3294 3719 3416 3759 non
3448 3706 3641 3784 potest

1979 3783 2284 3856 dissimilis
2315 3777 2739 3856 esse'dignitas
2752 3777 3372 3856 veluatura._Denique
3396 3777 3635 3856 adjecit,

1982 3856 2057 3912 Et
2088 3855 2236 3927 fecit,
2269 3853 2483 3926 inquit,
2514 3846 2649 3908 D'eus
2668 3850 3366 3927 hominemeadimagjnem
3387 3847 3489 3927 Dei
3506 3846 3638 3927 fecit

1979 3918 2100 3983 eum
2127 3918 2232 3998 (Id;
2261 3941 2300 3992 ι,
2337 3918 2425 3988 2'7)
2461 3918 2476 3979 ἐ
2510 3930 2572 3980 ut
2621 3927 2774 3998 Deus
2803 3922 3035 3998 dixerit,
3072 3927 3146 3998 et
3199 3918 3357 3998 Deus
3391 3918 3589 3998 fecerit
3622 3931 3637 3998 ξ

1985 4014 2106 4054 non
2129 3988 2446 4054 alter'deus
2476 3995 2902 4068 autdifferens,
2934 3997 3038 4049 sed
3070 3993 3228 4068 idem
3268 3994 3439 4046 Deus.
3473 3988 3642 4068 Quod

1979 4069 2146 4126 enim
2180 4085 2335 4124 unus
2360 4069 2440 4124 ad
2471 4083 2660 4123 unum
2706 4067 2870 4131 dixit,
2901 4081 3019 4122 non
3051 4065 3233 4139 aliam
3264 4069 3541 4118 naturam
3569 4065 3641 4139 si-

1981 4140 2308 4213 gniﬁcavit,
2344 4140 2447 4196 sed
2474 4155 2814 4212 personam.
2836 4140 2989 4213 Cum
3010 4138 3169 4213 enim
3196 4138 3349 4190 Deus
3367 4147 3521 4213 unus
3545 4132 3637 4195 sit,

1983 4202 2103 4269 {res
2137 4202 2334 4284 tamen
2367 4202 2644 4284 personae
2675 4216 2855 4284 sunt}
2894 4214 2955 4284 et
2978 4209 3113 4264 ideo
3146 4222 3304 4262 unus
3323 4208 3421 4284 est
3453 4202 3634 4279 Deus,

1984 4284 2130 4356 quia
2152 4282 2274 4340 sive
2295 4284 2354 4339 in
2370 4274 2545 4349 'Filio,
2574 4283 2700 4338 sive
2726 4282 2788 4337 in
2815 4281 3024 4352 Spiritu
3065 4283 3295 4356 sancto,
3323 4274 3421 4328 Dei
3458 4274 3640 4356 unius

1983 4340 2318 4412 substantia
2349 4360 2435 4411 est
2459 4373 2474 4421 ;
2504 4340 2650 4422 quia
2679 4368 2800 4409 non
2817 4340 3012 4422 potest
3033 4365 3153 4404 non
3175 4340 3642 4422 hoc_esse,quod

1985 4369 2318 4412 substantia
2349 4369 2435 4411 est
2459 4373 2474 4421 ς
2553 4371 2650 4409 tua.
2679 4369 2800 4409 non
2817 4369 3012 4422 ponest
3033 4369 3153 4404 non
3175 4369 3288 4403 HOC
3311 4369 3642 4414 esse,quuu

1985 4428 2206 4499 deipsa
2235 4432 2342 4492 est,
2371 4369 2544 4499 quod1
2563 4427 2693 4496 ipse
2718 4421 2962 4499 esttibei
2994 4435 3142 4499 eligo.
3169 4418 3350 4499 Patris
3381 4428 3644 4496 persona

1985 4504 2074 4555 est
2099 4485 2370 4560 dicentis,
2392 4485 2713 4563 Faciamus,-
2735 4493 2854 4550 Filii
2872 4506 3008 4546 vero
3036 4485 3306 4563 facientis
3330 4485 3642 4563 hominem

1987 4571 2063 4626 ad
2093 4557 2421 4640 imaginem
2482 4569 2579 4622 Dei
2609 4582 2623 4632 ;
2670 4557 2792 4640 sive
2841 4563 2919 4619 ad
2950 4561 3159 4640 Patris,
3191 4561 3315 4614 sive
3339 4557 3641 4640 adisuam,

1986 4641 2133 4698 nihil
2158 4631 2419 4706 interest,
2452 4640 2596 4710 quia
2612 4631 2947 4711 utriusque
2981 4649 3101 4688 una
3127 4634 3465 4711 imaggest.
3494 4631 3646 4709 [iecit

1987 4717 2190 4768 autem
2222 4701 2417 4766 Filius
2449 4701 2884 4782 perHSpiritum
2937 4701 3453 4782 sanctumLMSicut
3481 4701 3644 4782 enim

1987 4785 2158 4840 Pater
2189 4799 2293 4854 per
2321 4772 2528 4838 Filium
2544 4772 2755 4854 dicitur
2777 4778 2990 4843 facere,
3015 4777 3095 4854 ita
3124 4781 3180 4831 et
3204 4773 3497 4854 Eiliuspet‘
3521 4772 3646 4854 Spit

1987 4856 2169 4912 ritum
2190 4844 2494 4920 sanctum,
2519 4854 2649 4923 ipso
2668 4851 2923 4925 dicente,
2946 4848 3094 4925 quia
3111 4864 3199 4925 ego
3221 4848 3278 4901 in
3303 4844 3531 4925 Spiritu.
3544 4844 3646 4898 Dei

1986 4926 2146 4997 ejicio
2170 4926 2436 4982 dmmonia
2489 4921 2711 4998 (Metili.
2767 4939 2866 4988 xu,
2914 4921 3419 4998 28).__igitur.una
3468 4921 3645 4998 trium

1988 4989 2192 5068 imago
2216 5006 2330 5064 est;
2363 4989 2509 5069 quia
2529 4996 2650 5052 sive
2665 4995 2852 5058 Pater,
2883 4989 3006 5048 sive
3019 4991 3219 5069 Filius,
3240 4989 3369 5069 sive
3390 4989 3643 5069 Spiritus

1989 5057 2255 5134 sanctus,
2292 5057 2446 5125 unus
2475 5074 2563 5124 est
2593 5069 2766 5122 Deus.
2800 5057 2880 5120 Ac
2902 5063 3133 5136 perhoc
3159 5077 3313 5139 unus
3345 5057 3536 5139 facins
3556 5058 3647 5110 est

1988 5141 2172 5213 homo
2204 5141 2283 5197 ad
2313 5141 2485 5196 unius
2517 5139 2616 5213 Dei
2646 5139 2989 5206 imaginem.
3016 5139 3181 5213 ln_eo
3209 5137 3409 5213 autem
3441 5137 3645 5213 imago

1992 5211 2092 5267 Dei
2119 5217 2206 5268 est
2231 5213 2434 5275 homo,
2463 5217 2527 5266 ut
2573 5210 2727 5264 sicut
2760 5199 2913 5281 unus
2943 5211 3032 5281 est
3091 5208 3244 5281 Deus
3271 5205 3329 5257 in
3355 5199 3646 5281 cmlis,_ex

1989 5283 2341 5356 quoiomuia
2369 5282 2705 5338 subsistunt
2734 5277 3062 5356 spiriiualia
3087 5295 3099 5342 ;
3134 5277 3214 5356 ita
3231 5275 3647 5356 unus‘essetin

1992 5341 2156 5411 tiarris
2187 5355 2393 5419 homo,
2428 5369 2498 5427 ex
2529 5368 2647 5424 quo
2665 5341 3175 5427 cieterihaberent
3194 5341 3648 5427 .carnaiemori-

1992 5427 2214 5496 ginem.
2245 5416 2567 5498 Aliquibus
2588 5430 2787 5498 tamen
2820 5421 3070 5498 videtur,
3104 5418 3248 5498 quia
3279 5417 3339 5498 in
3371 5416 3650 5498 domina;

1992 5481 2149 5554 iioiie
2169 5481 2277 5553 Dei
2303 5481 2502 5566 iniago
2527 5500 2616 5552 est
2643 5495 2832 5551 factus
2861 5481 3093 5566 homo;
3121 5481 3180 5545 ἐι
3199 5488 3352 5566 quia.
3373 5481 3647 5566 dicit,_.Et

1990 5569 2297 5626 dominetur
2313 5557 2544 5641 piscium
2575 5566 2766 5633 maris,
2799 5570 2848 5620 et
2881 5562 3186 5620 volatilium
3218 5557 3372 5629 caeli,
3402 5564 3452 5615 et
3482 5557 3650 5614 totius

2055 5719 2127 5788 (α)
2150 5719 2274 5776 Hec
2301 5717 2527 5787 quaestio
2561 5715 2714 5774 deost
2739 5715 2798 5770 in
2831 5713 2957 5774 Mss.
2983 5709 3210 5776 secundi
3233 5708 3476 5780 seueris.
