  <div class='ocr_page' id='page_1' title='image "/cluster/home/n/w/nwhite01/storage/ocr_20150623/35/hvd.32044054170956/476.png"; bbox 0 0 4120 6202; ppageno 0'>
   <div class='ocr_carea' id='block_1_1' title="bbox 240 183 386 241">
    <p class='ocr_par' dir='ltr' id='par_1_1' title="bbox 240 183 386 241">
     <span class='ocr_line' id='line_1_1' title="bbox 240 183 386 241; baseline 0.007 -1"><span class='ocrx_word' id='word_1_1' title='bbox 240 183 386 241; x_wconf 74' lang='grc'><strong>2253</strong></span> 
     </span>
    </p>
   </div>
   <div class='ocr_carea' id='block_1_2' title="bbox 237 308 1893 383">
    <p class='ocr_par' dir='ltr' id='par_1_2' title="bbox 237 308 1893 383">
     <span class='ocr_line' id='line_1_2' title="bbox 237 308 1893 383; baseline 0.006 -21"><span class='ocrx_word' id='word_1_2' title='bbox 237 323 358 381; x_wconf 84' lang='lat' dir='ltr'><strong>que</strong></span> <span class='ocrx_word' id='word_1_3' title='bbox 386 308 630 382; x_wconf 89' lang='lat' dir='ltr'><strong>signum</strong></span> <span class='ocrx_word' id='word_1_4' title='bbox 655 310 765 367; x_wconf 87' lang='lat' dir='ltr'><strong>fuit</strong></span> <span class='ocrx_word' id='word_1_5' title='bbox 788 310 1065 382; x_wconf 87' lang='lat' dir='ltr'><strong>promissi</strong></span> <span class='ocrx_word' id='word_1_6' title='bbox 1107 310 1231 368; x_wconf 85' lang='lat' dir='ltr'>Filii</span> <span class='ocrx_word' id='word_1_7' title='bbox 1261 312 1377 379; x_wconf 87' lang='lat' dir='ltr'><strong>Dei,</strong></span> <span class='ocrx_word' id='word_1_8' title='bbox 1411 312 1473 371; x_wconf 87' lang='lat' dir='ltr'><strong>id</strong></span> <span class='ocrx_word' id='word_1_9' title='bbox 1502 317 1590 371; x_wconf 90' lang='lat' dir='ltr'><strong>est</strong></span> <span class='ocrx_word' id='word_1_10' title='bbox 1637 314 1847 371; x_wconf 82' lang='lat' dir='ltr'><strong>Christi</strong></span> <span class='ocrx_word' id='word_1_11' title='bbox 1878 332 1893 383; x_wconf 90' lang='lat'><strong>;</strong></span> 
     </span>
    </p>
   </div>
   <div class='ocr_carea' id='block_1_3' title="bbox 238 383 1891 458">
    <p class='ocr_par' dir='ltr' id='par_1_3' title="bbox 238 383 1891 458">
     <span class='ocr_line' id='line_1_3' title="bbox 238 383 1891 458; baseline 0.001 -23"><span class='ocrx_word' id='word_1_12' title='bbox 238 395 364 458; x_wconf 83' lang='lat' dir='ltr'><strong>quo</strong></span> <span class='ocrx_word' id='word_1_13' title='bbox 396 387 541 437; x_wconf 92' lang='lat' dir='ltr'><strong>nato</strong></span> <span class='ocrx_word' id='word_1_14' title='bbox 572 397 802 458; x_wconf 84' lang='lat' dir='ltr'><strong>cessare</strong></span> <span class='ocrx_word' id='word_1_15' title='bbox 832 383 1091 458; x_wconf 89' lang='lat' dir='ltr'><strong>oportuit</strong></span> <span class='ocrx_word' id='word_1_16' title='bbox 1140 385 1383 458; x_wconf 86' lang='lat' dir='ltr'><strong>signum</strong></span> <span class='ocrx_word' id='word_1_17' title='bbox 1435 386 1846 458; x_wconf 83' lang='lat' dir='ltr'><strong>promissionis</strong></span> <span class='ocrx_word' id='word_1_18' title='bbox 1880 406 1891 437; x_wconf 91' lang='lat'><strong>:</strong></span> 
     </span>
    </p>
   </div>
   <div class='ocr_carea' id='block_1_4' title="bbox 237 453 1895 530">
    <p class='ocr_par' dir='ltr' id='par_1_4' title="bbox 237 453 1895 530">
     <span class='ocr_line' id='line_1_4' title="bbox 237 453 1895 530; baseline 0.004 -23"><span class='ocrx_word' id='word_1_19' title='bbox 237 453 321 530; x_wconf 81' lang='lat' dir='ltr'><strong>ita</strong></span> <span class='ocrx_word' id='word_1_20' title='bbox 355 457 557 530; x_wconf 78' lang='lat' dir='ltr'><strong>tamen</strong></span> <span class='ocrx_word' id='word_1_21' title='bbox 594 458 652 530; x_wconf 83' lang='lat' dir='ltr'><strong>ut</strong></span> <span class='ocrx_word' id='word_1_22' title='bbox 679 454 807 530; x_wconf 84' lang='lat' dir='ltr'><strong>ipse</strong></span> <span class='ocrx_word' id='word_1_23' title='bbox 831 454 1167 530; x_wconf 84' lang='lat' dir='ltr'><strong>promissus</strong></span> <span class='ocrx_word' id='word_1_24' title='bbox 1184 453 1510 530; x_wconf 79' lang='lat' dir='ltr'><strong>adveniens</strong></span> <span class='ocrx_word' id='word_1_25' title='bbox 1539 460 1772 530; x_wconf 81' lang='lat' dir='ltr'><strong>signum</strong></span> <span class='ocrx_word' id='word_1_26' title='bbox 1794 474 1895 530; x_wconf 90' lang='lat' dir='ltr'><strong>pa-</strong></span> 
     </span>
    </p>
   </div>
   <div class='ocr_carea' id='block_1_5' title="bbox 239 523 1897 601">
    <p class='ocr_par' dir='ltr' id='par_1_5' title="bbox 239 523 1897 601">
     <span class='ocr_line' id='line_1_5' title="bbox 239 523 1897 601; baseline 0.002 -21"><span class='ocrx_word' id='word_1_27' title='bbox 239 524 341 601; x_wconf 86' lang='lat' dir='ltr'><strong>tris</strong></span> <span class='ocrx_word' id='word_1_28' title='bbox 362 523 676 595; x_wconf 84' lang='lat' dir='ltr'><strong>acciperet,</strong></span> <span class='ocrx_word' id='word_1_29' title='bbox 704 528 764 579; x_wconf 91' lang='lat' dir='ltr'><strong>ut</strong></span> <span class='ocrx_word' id='word_1_30' title='bbox 780 523 1026 601; x_wconf 79' lang='lat' dir='ltr'><strong>sciretur</strong></span> <span class='ocrx_word' id='word_1_31' title='bbox 1052 528 1099 581; x_wconf 90' lang='lat' dir='ltr'><strong>is</strong></span> <span class='ocrx_word' id='word_1_32' title='bbox 1122 542 1274 592; x_wconf 91' lang='lat' dir='ltr'><strong>esse,</strong></span> <span class='ocrx_word' id='word_1_33' title='bbox 1295 523 1753 601; x_wconf 69' lang='lat' dir='ltr'><strong>quipromissus</strong></span> <span class='ocrx_word' id='word_1_34' title='bbox 1775 523 1897 584; x_wconf 67' lang='lat' dir='ltr'><strong>fue-</strong></span> 
     </span>
    </p>
   </div>
   <div class='ocr_carea' id='block_1_6' title="bbox 237 596 1897 671">
    <p class='ocr_par' dir='ltr' id='par_1_6' title="bbox 237 596 1897 671">
     <span class='ocr_line' id='line_1_6' title="bbox 237 596 1897 671; baseline 0.002 -20"><span class='ocrx_word' id='word_1_35' title='bbox 237 600 338 671; x_wconf 84' lang='lat' dir='ltr'><strong>rat</strong></span> <span class='ocrx_word' id='word_1_36' title='bbox 358 610 572 651; x_wconf 91' lang='lat' dir='ltr'><strong>omnes</strong></span> <span class='ocrx_word' id='word_1_37' title='bbox 604 601 808 671; x_wconf 84' lang='lat' dir='ltr'><strong>gentes</strong></span> <span class='ocrx_word' id='word_1_38' title='bbox 832 596 1161 671; x_wconf 82' lang='lat' dir='ltr'><strong>justiﬁcare</strong></span> <span class='ocrx_word' id='word_1_39' title='bbox 1210 596 1523 671; x_wconf 58' lang='lat' dir='ltr'><strong>per&#39;iid&#39;em</strong></span> <span class='ocrx_word' id='word_1_40' title='bbox 1559 602 1617 657; x_wconf 90' lang='lat' dir='ltr'><strong>in</strong></span> <span class='ocrx_word' id='word_1_41' title='bbox 1650 601 1897 657; x_wconf 88' lang='lat' dir='ltr'><strong>circum-</strong></span> 
     </span>
    </p>
   </div>
   <div class='ocr_carea' id='block_1_7' title="bbox 238 667 1897 752">
    <p class='ocr_par' dir='ltr' id='par_1_7' title="bbox 238 667 1897 752">
     <span class='ocr_line' id='line_1_7' title="bbox 238 667 1897 752; baseline 0.002 -29"><span class='ocrx_word' id='word_1_42' title='bbox 238 667 884 752; x_wconf 41' lang='lat' dir='ltr'><strong>cisione-cor‘dis..0uia</strong></span> <span class='ocrx_word' id='word_1_43' title='bbox 914 670 1073 752; x_wconf 80' lang='lat' dir='ltr'><strong>enim</strong></span> <span class='ocrx_word' id='word_1_44' title='bbox 1124 667 1275 752; x_wconf 76' lang='lat' dir='ltr'><strong>pafri</strong></span> <span class='ocrx_word' id='word_1_45' title='bbox 1298 670 1550 752; x_wconf 64' lang='lat' dir='ltr'><strong>Abrahae</strong></span> <span class='ocrx_word' id='word_1_46' title='bbox 1582 672 1897 752; x_wconf 81' lang='lat' dir='ltr'><strong>carnaliter</strong></span> 
     </span>
    </p>
   </div>
   <div class='ocr_carea' id='block_1_8' title="bbox 237 737 1895 815">
    <p class='ocr_par' dir='ltr' id='par_1_8' title="bbox 237 737 1895 815">
     <span class='ocr_line' id='line_1_8' title="bbox 237 737 1895 815; baseline 0.004 -23"><span class='ocrx_word' id='word_1_47' title='bbox 237 739 541 815; x_wconf 79' lang='lat' dir='ltr'><strong>nascentis</strong></span> <span class='ocrx_word' id='word_1_48' title='bbox 564 737 1558 815; x_wconf 76' lang='lat' dir='ltr'><strong>ﬁliisignacuiumcircumcisionis</strong></span> <span class='ocrx_word' id='word_1_49' title='bbox 1586 743 1895 815; x_wconf 84' lang='lat' dir='ltr'><strong>corporale</strong></span> 
     </span>
    </p>
   </div>
   <div class='ocr_carea' id='block_1_9' title="bbox 237 810 1897 892">
    <p class='ocr_par' dir='ltr' id='par_1_9' title="bbox 237 810 1897 892">
     <span class='ocr_line' id='line_1_9' title="bbox 237 810 1897 892; baseline 0.002 -26"><span class='ocrx_word' id='word_1_50' title='bbox 237 810 347 892; x_wconf 82' lang='lat' dir='ltr'><strong>fuit</strong></span> <span class='ocrx_word' id='word_1_51' title='bbox 382 826 408 892; x_wconf 84' lang='lat'><strong>;_</strong></span> <span class='ocrx_word' id='word_1_52' title='bbox 430 810 513 891; x_wconf 77' lang='lat' dir='ltr'><strong>ita</strong></span> <span class='ocrx_word' id='word_1_53' title='bbox 537 818 594 865; x_wconf 89' lang='lat' dir='ltr'><strong>et</strong></span> <span class='ocrx_word' id='word_1_54' title='bbox 623 825 829 892; x_wconf 85' lang='lat' dir='ltr'><strong>eorum</strong></span> <span class='ocrx_word' id='word_1_55' title='bbox 854 812 955 892; x_wconf 85' lang='lat' dir='ltr'><strong>qui</strong></span> <span class='ocrx_word' id='word_1_56' title='bbox 989 810 1744 892; x_wconf 35' lang='lat' dir='ltr'><strong>spirit-ualiternascuntur,</strong></span> <span class='ocrx_word' id='word_1_57' title='bbox 1780 815 1897 888; x_wconf 88' lang='lat' dir='ltr'><strong>spi-</strong></span> 
     </span>
    </p>
   </div>
   <div class='ocr_carea' id='block_1_10' title="bbox 237 881 1896 950">
    <p class='ocr_par' dir='ltr' id='par_1_10' title="bbox 237 881 1896 950">
     <span class='ocr_line' id='line_1_10' title="bbox 237 881 1896 950; baseline 0.004 -13"><span class='ocrx_word' id='word_1_58' title='bbox 237 881 446 937; x_wconf 89' lang='lat' dir='ltr'><strong>rituale</strong></span> <span class='ocrx_word' id='word_1_59' title='bbox 467 882 709 950; x_wconf 90' lang='lat' dir='ltr'><strong>signum</strong></span> <span class='ocrx_word' id='word_1_60' title='bbox 734 881 1207 940; x_wconf 83' lang='lat' dir='ltr'><strong>estcircumcisio</strong></span> <span class='ocrx_word' id='word_1_61' title='bbox 1221 886 1418 941; x_wconf 88' lang='lat' dir='ltr'><strong>cordis</strong></span> <span class='ocrx_word' id='word_1_62' title='bbox 1444 881 1896 950; x_wconf 80' lang='lat' dir='ltr'><strong>:ideoquereéte</strong></span> 
     </span>
    </p>
   </div>
   <div class='ocr_carea' id='block_1_11' title="bbox 236 951 1898 1078">
    <p class='ocr_par' dir='ltr' id='par_1_11' title="bbox 236 951 1898 1078">
     <span class='ocr_line' id='line_1_11' title="bbox 236 951 1898 1078; baseline 0.003 -70"><span class='ocrx_word' id='word_1_63' title='bbox 236 951 724 1078; x_wconf 50' lang='lat' dir='ltr'><strong>pogcitclllliristum</strong></span> <span class='ocrx_word' id='word_1_64' title='bbox 753 968 876 1009; x_wconf 91' lang='lat' dir='ltr'><strong>non</strong></span> <span class='ocrx_word' id='word_1_65' title='bbox 903 955 1103 1011; x_wconf 88' lang='lat' dir='ltr'><strong>adhuc</strong></span> <span class='ocrx_word' id='word_1_66' title='bbox 1150 957 1415 1027; x_wconf 79' lang='lat' dir='ltr'><strong>oportuit</strong></span> <span class='ocrx_word' id='word_1_67' title='bbox 1445 951 1756 1014; x_wconf 79' lang='lat' dir='ltr'><strong>carnaliter</strong></span> <span class='ocrx_word' id='word_1_68' title='bbox 1785 958 1898 1013; x_wconf 89' lang='lat' dir='ltr'><strong>cir-</strong></span> 
     </span>
     <span class='ocr_line' id='line_1_12' title="bbox 238 1041 519 1078; baseline -0.014 0"><span class='ocrx_word' id='word_1_69' title='bbox 238 1041 312 1078; x_wconf 92' lang='lat' dir='ltr'><strong>cu</strong></span> <span class='ocrx_word' id='word_1_70' title='bbox 506 1062 519 1074; x_wconf 93' lang='lat'><strong>.</strong></span> 
     </span>
    </p>
   </div>
   <div class='ocr_carea' id='block_1_12' title="bbox 238 1039 519 1081">
    <p class='ocr_par' dir='ltr' id='par_1_12' title="bbox 238 1039 519 1081">
     <span class='ocr_line' id='line_1_13' title="bbox 238 1039 519 1081; baseline -0.021 0"><span class='ocrx_word' id='word_1_71' title='bbox 238 1039 519 1081; x_wconf 79' lang='lat' dir='ltr'><strong>cumctui.</strong></span> 
     </span>
    </p>
   </div>
   <div class='ocr_carea' id='block_1_13' title="bbox 310 1093 1891 1170">
    <p class='ocr_par' dir='ltr' id='par_1_13' title="bbox 310 1093 1891 1170">
     <span class='ocr_line' id='line_1_14' title="bbox 310 1093 1891 1170; baseline 0.003 -21"><span class='ocrx_word' id='word_1_72' title='bbox 310 1093 1141 1170; x_wconf 25' lang='lat' dir='ltr'><strong>(a)_CircumcisioAusque_ad</strong></span> <span class='ocrx_word' id='word_1_73' title='bbox 1173 1096 1471 1154; x_wconf 80' lang='lat' dir='ltr'><strong>Christum</strong></span> <span class='ocrx_word' id='word_1_74' title='bbox 1499 1098 1728 1155; x_wconf 81' lang='lat' dir='ltr'><strong>indulta</strong></span> <span class='ocrx_word' id='word_1_75' title='bbox 1759 1104 1844 1153; x_wconf 89' lang='lat' dir='ltr'><strong>est</strong></span> <span class='ocrx_word' id='word_1_76' title='bbox 1874 1119 1891 1170; x_wconf 77' lang='lat'>;</span> 
     </span>
    </p>
   </div>
   <div class='ocr_carea' id='block_1_14' title="bbox 238 1166 1895 1242">
    <p class='ocr_par' dir='ltr' id='par_1_14' title="bbox 238 1166 1895 1242">
     <span class='ocr_line' id='line_1_15' title="bbox 238 1166 1895 1242; baseline 0.003 -21"><span class='ocrx_word' id='word_1_77' title='bbox 238 1167 542 1242; x_wconf 79' lang='lat' dir='ltr'><strong>Abraham</strong></span> <span class='ocrx_word' id='word_1_78' title='bbox 555 1166 1285 1242; x_wconf 69' lang='lat' dir='ltr'><strong>autemcircumcisionem</strong></span> <span class='ocrx_word' id='word_1_79' title='bbox 1299 1170 1358 1224; x_wconf 92' lang='lat' dir='ltr'><strong>in</strong></span> <span class='ocrx_word' id='word_1_80' title='bbox 1373 1170 1595 1226; x_wconf 88' lang='lat' dir='ltr'><strong>Christo</strong></span> <span class='ocrx_word' id='word_1_81' title='bbox 1610 1166 1895 1242; x_wconf 84' lang='lat' dir='ltr'><strong>promisso</strong></span> 
     </span>
    </p>
   </div>
   <div class='ocr_carea' id='block_1_15' title="bbox 237 1237 1894 1313">
    <p class='ocr_par' dir='ltr' id='par_1_15' title="bbox 237 1237 1894 1313">
     <span class='ocr_line' id='line_1_16' title="bbox 237 1237 1894 1313; baseline 0.002 -21"><span class='ocrx_word' id='word_1_82' title='bbox 237 1240 487 1313; x_wconf 71' lang='lat' dir='ltr'><strong>accepit,</strong></span> <span class='ocrx_word' id='word_1_83' title='bbox 524 1243 584 1293; x_wconf 93' lang='lat' dir='ltr'><strong>ut</strong></span> <span class='ocrx_word' id='word_1_84' title='bbox 614 1237 843 1293; x_wconf 84' lang='lat' dir='ltr'><strong>tamdiu</strong></span> <span class='ocrx_word' id='word_1_85' title='bbox 872 1239 1247 1313; x_wconf 86' lang='lat' dir='ltr'><strong>circumcisio</strong></span> <span class='ocrx_word' id='word_1_86' title='bbox 1289 1247 1564 1313; x_wconf 88' lang='lat' dir='ltr'><strong>curreret,</strong></span> <span class='ocrx_word' id='word_1_87' title='bbox 1600 1237 1894 1313; x_wconf 77' lang='lat' dir='ltr'><strong>quamdiu</strong></span> 
     </span>
    </p>
   </div>
   <div class='ocr_carea' id='block_1_16' title="bbox 238 1309 1894 1384">
    <p class='ocr_par' dir='ltr' id='par_1_16' title="bbox 238 1309 1894 1384">
     <span class='ocr_line' id='line_1_17' title="bbox 238 1309 1894 1384; baseline 0.002 -20"><span class='ocrx_word' id='word_1_88' title='bbox 238 1309 500 1384; x_wconf 80' lang='lat' dir='ltr'><strong>Christus</strong></span> <span class='ocrx_word' id='word_1_89' title='bbox 527 1313 871 1384; x_wconf 85' lang='lat' dir='ltr'><strong>nasceretur</strong></span> <span class='ocrx_word' id='word_1_90' title='bbox 895 1311 1229 1384; x_wconf 80' lang='lat' dir='ltr'><strong>promissus</strong></span> <span class='ocrx_word' id='word_1_91' title='bbox 1251 1312 1534 1384; x_wconf 75' lang='lat' dir='ltr'><strong>Abrahae,</strong></span> <span class='ocrx_word' id='word_1_92' title='bbox 1560 1309 1665 1384; x_wconf 78' lang='lat' dir='ltr'><strong>qui</strong></span> <span class='ocrx_word' id='word_1_93' title='bbox 1686 1328 1894 1369; x_wconf 90' lang='lat' dir='ltr'><strong>omnes</strong></span> 
     </span>
    </p>
   </div>
   <div class='ocr_carea' id='block_1_17' title="bbox 238 1380 1896 1453">
    <p class='ocr_par' dir='ltr' id='par_1_17' title="bbox 238 1380 1896 1453">
     <span class='ocr_line' id='line_1_18' title="bbox 238 1380 1896 1453; baseline 0.002 -17"><span class='ocrx_word' id='word_1_94' title='bbox 238 1387 446 1451; x_wconf 82' lang='lat' dir='ltr'><strong>gentes</strong></span> <span class='ocrx_word' id='word_1_95' title='bbox 472 1380 828 1453; x_wconf 84' lang='lat' dir='ltr'><strong>justiticaret</strong></span> <span class='ocrx_word' id='word_1_96' title='bbox 857 1380 1180 1453; x_wconf 80' lang='lat' dir='ltr'><strong>perﬁdam,</strong></span> <span class='ocrx_word' id='word_1_97' title='bbox 1214 1383 1367 1439; x_wconf 86' lang='lat' dir='ltr'><strong>sicut</strong></span> <span class='ocrx_word' id='word_1_98' title='bbox 1397 1380 1896 1453; x_wconf 71' lang='lat' dir='ltr'><strong>fueratjustiﬁca-</strong></span> 
     </span>
    </p>
   </div>
   <div class='ocr_carea' id='block_1_18' title="bbox 238 1451 1892 1527">
    <p class='ocr_par' dir='ltr' id='par_1_18' title="bbox 238 1451 1892 1527">
     <span class='ocr_line' id='line_1_19' title="bbox 238 1451 1892 1527; baseline 0.002 -21"><span class='ocrx_word' id='word_1_99' title='bbox 238 1460 331 1527; x_wconf 73' lang='lat' dir='ltr'><strong>tus</strong></span> <span class='ocrx_word' id='word_1_100' title='bbox 361 1451 685 1507; x_wconf 80' lang='lat' dir='ltr'><strong>Abraham.</strong></span> <span class='ocrx_word' id='word_1_101' title='bbox 720 1451 858 1527; x_wconf 85' lang='lat' dir='ltr'><strong>ideo</strong></span> <span class='ocrx_word' id='word_1_102' title='bbox 888 1452 1094 1527; x_wconf 82' lang='lat' dir='ltr'><strong>debuit</strong></span> <span class='ocrx_word' id='word_1_103' title='bbox 1118 1454 1482 1527; x_wconf 84' lang='lat' dir='ltr'><strong>circumcidi,</strong></span> <span class='ocrx_word' id='word_1_104' title='bbox 1520 1460 1579 1510; x_wconf 91' lang='lat' dir='ltr'><strong>ut</strong></span> <span class='ocrx_word' id='word_1_105' title='bbox 1603 1451 1729 1527; x_wconf 81' lang='lat' dir='ltr'><strong>ipse</strong></span> <span class='ocrx_word' id='word_1_106' title='bbox 1764 1471 1892 1527; x_wconf 87' lang='lat' dir='ltr'><strong>pro-</strong></span> 
     </span>
    </p>
   </div>
   <div class='ocr_carea' id='block_1_19' title="bbox 235 1522 1895 1605">
    <p class='ocr_par' dir='ltr' id='par_1_19' title="bbox 235 1522 1895 1605">
     <span class='ocr_line' id='line_1_20' title="bbox 235 1522 1895 1605; baseline 0.001 -25"><span class='ocrx_word' id='word_1_107' title='bbox 235 1522 481 1605; x_wconf 73' lang='lat' dir='ltr'><strong>baretur</strong></span> <span class='ocrx_word' id='word_1_108' title='bbox 514 1539 646 1605; x_wconf 83' lang='lat' dir='ltr'><strong>esse</strong></span> <span class='ocrx_word' id='word_1_109' title='bbox 696 1523 802 1594; x_wconf 92' lang='lat' dir='ltr'><strong>qui</strong></span> <span class='ocrx_word' id='word_1_110' title='bbox 833 1525 1163 1605; x_wconf 84' lang='lat' dir='ltr'><strong>promissus</strong></span> <span class='ocrx_word' id='word_1_111' title='bbox 1193 1525 1446 1605; x_wconf 53' lang='lat' dir='ltr'><strong>Abrahae</strong></span> <span class='ocrx_word' id='word_1_112' title='bbox 1490 1522 1643 1581; x_wconf 80' lang='lat' dir='ltr'><strong>esset</strong></span> <span class='ocrx_word' id='word_1_113' title='bbox 1676 1543 1688 1581; x_wconf 92' lang='lat'><strong>:</strong></span> <span class='ocrx_word' id='word_1_114' title='bbox 1722 1522 1895 1605; x_wconf 32' lang='lat' dir='ltr'><strong>ita-ut</strong></span> 
     </span>
    </p>
   </div>
   <div class='ocr_carea' id='block_1_20' title="bbox 236 1594 1895 1669">
    <p class='ocr_par' dir='ltr' id='par_1_20' title="bbox 236 1594 1895 1669">
     <span class='ocr_line' id='line_1_21' title="bbox 236 1594 1895 1669; baseline 0.002 -19"><span class='ocrx_word' id='word_1_115' title='bbox 236 1595 313 1651; x_wconf 90' lang='lat' dir='ltr'><strong>de</strong></span> <span class='ocrx_word' id='word_1_116' title='bbox 341 1599 551 1669; x_wconf 69' lang='lat' dir='ltr'><strong>caeteru</strong></span> <span class='ocrx_word' id='word_1_117' title='bbox 578 1594 947 1650; x_wconf 88' lang='lat' dir='ltr'><strong>circumcisio</strong></span> <span class='ocrx_word' id='word_1_118' title='bbox 963 1602 1247 1669; x_wconf 82' lang='lat' dir='ltr'><strong>cessaret,</strong></span> <span class='ocrx_word' id='word_1_119' title='bbox 1268 1597 1521 1669; x_wconf 90' lang='lat' dir='ltr'><strong>impleta</strong></span> <span class='ocrx_word' id='word_1_120' title='bbox 1552 1599 1895 1668; x_wconf 90' lang='lat' dir='ltr'><strong>promissio-</strong></span> 
     </span>
    </p>
   </div>
   <div class='ocr_carea' id='block_1_21' title="bbox 236 1666 1894 1741">
    <p class='ocr_par' dir='ltr' id='par_1_21' title="bbox 236 1666 1894 1741">
     <span class='ocr_line' id='line_1_22' title="bbox 236 1666 1894 1741; baseline 0.002 -19"><span class='ocrx_word' id='word_1_121' title='bbox 236 1682 338 1722; x_wconf 87' lang='lat' dir='ltr'><strong>ne.</strong></span> <span class='ocrx_word' id='word_1_122' title='bbox 372 1666 704 1741; x_wconf 80' lang='lat' dir='ltr'><strong>Baptismus</strong></span> <span class='ocrx_word' id='word_1_123' title='bbox 731 1672 931 1741; x_wconf 78' lang='lat' dir='ltr'><strong>autem</strong></span> <span class='ocrx_word' id='word_1_124' title='bbox 958 1683 1080 1722; x_wconf 92' lang='lat' dir='ltr'><strong>non</strong></span> <span class='ocrx_word' id='word_1_125' title='bbox 1098 1667 1304 1741; x_wconf 81' lang='lat' dir='ltr'><strong>debuit</strong></span> <span class='ocrx_word' id='word_1_126' title='bbox 1335 1666 1589 1734; x_wconf 72' lang='lat' dir='ltr'><strong>céssaré,</strong></span> <span class='ocrx_word' id='word_1_127' title='bbox 1616 1670 1758 1741; x_wconf 89' lang='lat' dir='ltr'><strong>quia</strong></span> <span class='ocrx_word' id='word_1_128' title='bbox 1782 1669 1894 1725; x_wconf 84' lang='lat' dir='ltr'><strong>for-</strong></span> 
     </span>
    </p>
   </div>
   <div class='ocr_carea' id='block_1_22' title="bbox 238 1736 1894 1813">
    <p class='ocr_par' dir='ltr' id='par_1_22' title="bbox 238 1736 1894 1813">
     <span class='ocr_line' id='line_1_23' title="bbox 238 1736 1894 1813; baseline 0.001 -20"><span class='ocrx_word' id='word_1_129' title='bbox 238 1754 342 1813; x_wconf 86' lang='lat' dir='ltr'><strong>ma</strong></span> <span class='ocrx_word' id='word_1_130' title='bbox 371 1736 848 1813; x_wconf 82' lang='lat' dir='ltr'><strong>renascibilitatis</strong></span> <span class='ocrx_word' id='word_1_131' title='bbox 879 1741 968 1813; x_wconf 74' lang='lat' dir='ltr'><strong>est</strong></span> <span class='ocrx_word' id='word_1_132' title='bbox 999 1754 1036 1813; x_wconf 68' lang='grc' dir='ltr'>ᾳ</span> <span class='ocrx_word' id='word_1_133' title='bbox 1061 1739 1290 1795; x_wconf 89' lang='lat' dir='ltr'><strong>Christo</strong></span> <span class='ocrx_word' id='word_1_134' title='bbox 1316 1748 1513 1811; x_wconf 75' lang='lat' dir='ltr'><strong>empta</strong></span> <span class='ocrx_word' id='word_1_135' title='bbox 1542 1756 1553 1795; x_wconf 93' lang='lat'>:</span> <span class='ocrx_word' id='word_1_136' title='bbox 1586 1736 1703 1796; x_wconf 80' lang='lat' dir='ltr'><strong>non</strong></span> <span class='ocrx_word' id='word_1_137' title='bbox 1729 1744 1894 1813; x_wconf 91' lang='lat' dir='ltr'><strong>prius</strong></span> 
     </span>
    </p>
   </div>
   <div class='ocr_carea' id='block_1_23' title="bbox 235 1808 1893 1880">
    <p class='ocr_par' dir='ltr' id='par_1_23' title="bbox 235 1808 1893 1880">
     <span class='ocr_line' id='line_1_24' title="bbox 235 1808 1893 1880; baseline 0.002 -16"><span class='ocrx_word' id='word_1_138' title='bbox 235 1811 401 1873; x_wconf 87' lang='lat' dir='ltr'><strong>data,</strong></span> <span class='ocrx_word' id='word_1_139' title='bbox 452 1816 507 1864; x_wconf 88' lang='lat' dir='ltr'><strong>et</strong></span> <span class='ocrx_word' id='word_1_140' title='bbox 555 1824 754 1880; x_wconf 89' lang='lat' dir='ltr'><strong>usque</strong></span> <span class='ocrx_word' id='word_1_141' title='bbox 776 1808 854 1864; x_wconf 89' lang='lat' dir='ltr'><strong>ad</strong></span> <span class='ocrx_word' id='word_1_142' title='bbox 886 1809 1185 1865; x_wconf 88' lang='lat' dir='ltr'><strong>Christum</strong></span> <span class='ocrx_word' id='word_1_143' title='bbox 1218 1808 1640 1867; x_wconf 82' lang='lat' dir='ltr'><strong>consummata</strong></span> <span class='ocrx_word' id='word_1_144' title='bbox 1674 1829 1687 1877; x_wconf 90' lang='lat'>;</span> <span class='ocrx_word' id='word_1_145' title='bbox 1724 1808 1826 1867; x_wconf 80' lang='lat' dir='ltr'><strong>sed</strong></span> <span class='ocrx_word' id='word_1_146' title='bbox 1858 1829 1893 1868; x_wconf 91' lang='lat' dir='ltr'><strong>a</strong></span> 
     </span>
    </p>
   </div>
   <div class='ocr_carea' id='block_1_24' title="bbox 234 1879 1891 1952">
    <p class='ocr_par' dir='ltr' id='par_1_24' title="bbox 234 1879 1891 1952">
     <span class='ocr_line' id='line_1_25' title="bbox 234 1879 1891 1952; baseline 0 -15"><span class='ocrx_word' id='word_1_147' title='bbox 234 1885 526 1952; x_wconf 8' lang='lat' dir='ltr'><strong>tempore?</strong></span> <span class='ocrx_word' id='word_1_148' title='bbox 552 1879 760 1937; x_wconf 85' lang='lat' dir='ltr'><strong>Christi</strong></span> <span class='ocrx_word' id='word_1_149' title='bbox 790 1881 1082 1951; x_wconf 90' lang='lat' dir='ltr'><strong>incipiens</strong></span> <span class='ocrx_word' id='word_1_150' title='bbox 1112 1887 1169 1937; x_wconf 93' lang='lat' dir='ltr'><strong>et</strong></span> <span class='ocrx_word' id='word_1_151' title='bbox 1198 1897 1439 1937; x_wconf 88' lang='lat' dir='ltr'><strong>cursum</strong></span> <span class='ocrx_word' id='word_1_152' title='bbox 1477 1900 1651 1938; x_wconf 90' lang='lat' dir='ltr'><strong>suum</strong></span> <span class='ocrx_word' id='word_1_153' title='bbox 1687 1890 1891 1939; x_wconf 90' lang='lat' dir='ltr'><strong>tenens</strong></span> 
     </span>
    </p>
   </div>
   <div class='ocr_carea' id='block_1_25' title="bbox 234 1951 1423 2024">
    <p class='ocr_par' dir='ltr' id='par_1_25' title="bbox 234 1951 1423 2024">
     <span class='ocr_line' id='line_1_26' title="bbox 234 1951 1423 2024; baseline 0.002 -16"><span class='ocrx_word' id='word_1_154' title='bbox 234 1951 431 2024; x_wconf 83' lang='lat' dir='ltr'><strong>usque</strong></span> <span class='ocrx_word' id='word_1_155' title='bbox 462 1951 533 2007; x_wconf 85' lang='lat' dir='ltr'><strong>ad</strong></span> <span class='ocrx_word' id='word_1_156' title='bbox 565 1953 1151 2024; x_wconf 86' lang='lat' dir='ltr'><strong>consummationem</strong></span> <span class='ocrx_word' id='word_1_157' title='bbox 1184 1953 1423 2010; x_wconf 91' lang='lat' dir='ltr'><strong>mundi.</strong></span> 
     </span>
    </p>
   </div>
   <div class='ocr_carea' id='block_1_26' title="bbox 308 2023 1892 2096">
    <p class='ocr_par' dir='ltr' id='par_1_26' title="bbox 308 2023 1892 2096">
     <span class='ocr_line' id='line_1_27' title="bbox 308 2023 1892 2096; baseline 0.001 -17"><span class='ocrx_word' id='word_1_158' title='bbox 308 2023 395 2079; x_wconf 86' lang='lat' dir='ltr'><strong>LI.</strong></span> <span class='ocrx_word' id='word_1_159' title='bbox 429 2053 496 2065; x_wconf 90' lang='lat'><strong><em>—</em></strong></span> <span class='ocrx_word' id='word_1_160' title='bbox 527 2023 841 2096; x_wconf 66' lang='lat' dir='ltr'><strong>Quomodo</strong></span> <span class='ocrx_word' id='word_1_161' title='bbox 867 2023 1248 2096; x_wconf 82' lang='lat' dir='ltr'><strong>intelligatur,</strong></span> <span class='ocrx_word' id='word_1_162' title='bbox 1280 2024 1443 2096; x_wconf 93' lang='lat' dir='ltr'><strong>quod</strong></span> <span class='ocrx_word' id='word_1_163' title='bbox 1460 2024 1892 2080; x_wconf 78' lang='lat' dir='ltr'><strong>dicentiMarise</strong></span> 
     </span>
    </p>
   </div>
   <div class='ocr_carea' id='block_1_27' title="bbox 233 2094 1894 2167">
    <p class='ocr_par' dir='ltr' id='par_1_27' title="bbox 233 2094 1894 2167">
     <span class='ocr_line' id='line_1_28' title="bbox 233 2094 1894 2167; baseline 0 -16"><span class='ocrx_word' id='word_1_164' title='bbox 233 2095 315 2151; x_wconf 85' lang='lat' dir='ltr'><strong>ad</strong></span> <span class='ocrx_word' id='word_1_165' title='bbox 384 2095 689 2167; x_wconf 80' lang='lat' dir='ltr'><strong>angelum,</strong></span> <span class='ocrx_word' id='word_1_166' title='bbox 720 2094 982 2167; x_wconf 15' lang='lat' dir='ltr'><strong>Etiundee</strong></span> <span class='ocrx_word' id='word_1_167' title='bbox 1022 2095 1128 2167; x_wconf 73' lang='lat' dir='ltr'><strong>hoc</strong></span> <span class='ocrx_word' id='word_1_168' title='bbox 1155 2094 1352 2163; x_wconf 63' lang='lat' dir='ltr'><strong>sciam,</strong></span> <span class='ocrx_word' id='word_1_169' title='bbox 1398 2098 1527 2167; x_wconf 87' lang='lat' dir='ltr'><strong>quia</strong></span> <span class='ocrx_word' id='word_1_170' title='bbox 1583 2097 1762 2150; x_wconf 79' lang='lat' dir='ltr'><strong>virum</strong></span> <span class='ocrx_word' id='word_1_171' title='bbox 1792 2114 1894 2151; x_wconf 82' lang='lat' dir='ltr'><strong>non</strong></span> 
     </span>
    </p>
   </div>
   <div class='ocr_carea' id='block_1_28' title="bbox 232 2164 1894 2239">
    <p class='ocr_par' dir='ltr' id='par_1_28' title="bbox 232 2164 1894 2239">
     <span class='ocr_line' id='line_1_29' title="bbox 232 2164 1894 2239; baseline -0.001 -17"><span class='ocrx_word' id='word_1_172' title='bbox 232 2164 526 2237; x_wconf 79' lang='lat' dir='ltr'><strong>cognosco?</strong></span> <span class='ocrx_word' id='word_1_173' title='bbox 566 2166 871 2239; x_wconf 82' lang='lat' dir='ltr'><strong>respondit</strong></span> <span class='ocrx_word' id='word_1_174' title='bbox 926 2164 1161 2222; x_wconf 89' lang='lat' dir='ltr'><strong>Gabriel</strong></span> <span class='ocrx_word' id='word_1_175' title='bbox 1193 2164 1460 2239; x_wconf 79' lang='lat' dir='ltr'><strong>angelus,</strong></span> <span class='ocrx_word' id='word_1_176' title='bbox 1502 2167 1745 2238; x_wconf 74' lang='lat' dir='ltr'><strong>Spiritus</strong></span> <span class='ocrx_word' id='word_1_177' title='bbox 1772 2184 1894 2239; x_wconf 78' lang='lat' dir='ltr'><strong>san-</strong></span> 
     </span>
    </p>
   </div>
   <div class='ocr_carea' id='block_1_29' title="bbox 232 2237 1895 2309">
    <p class='ocr_par' dir='ltr' id='par_1_29' title="bbox 232 2237 1895 2309">
     <span class='ocr_line' id='line_1_30' title="bbox 232 2237 1895 2309; baseline 0.001 -17"><span class='ocrx_word' id='word_1_178' title='bbox 232 2245 352 2292; x_wconf 78' lang='lat' dir='ltr'><strong>ctus</strong></span> <span class='ocrx_word' id='word_1_179' title='bbox 380 2238 714 2309; x_wconf 76' lang='lat' dir='ltr'><strong>superveniet</strong></span> <span class='ocrx_word' id='word_1_180' title='bbox 767 2237 824 2291; x_wconf 80' lang='lat' dir='ltr'><strong>in</strong></span> <span class='ocrx_word' id='word_1_181' title='bbox 856 2243 945 2309; x_wconf 81' lang='lat' dir='ltr'><strong>te,</strong></span> <span class='ocrx_word' id='word_1_182' title='bbox 984 2244 1032 2292; x_wconf 79' lang='lat' dir='ltr'><strong>et</strong></span> <span class='ocrx_word' id='word_1_183' title='bbox 1072 2239 1251 2293; x_wconf 81' lang='lat' dir='ltr'><strong>virtus</strong></span> <span class='ocrx_word' id='word_1_184' title='bbox 1289 2237 1567 2294; x_wconf 69' lang='lat' dir='ltr'><strong>Attissimi</strong></span> <span class='ocrx_word' id='word_1_185' title='bbox 1616 2238 1895 2294; x_wconf 83' lang='lat' dir='ltr'><strong>obumbra-</strong></span> 
     </span>
    </p>
   </div>
   <div class='ocr_carea' id='block_1_30' title="bbox 236 2308 1016 2380">
    <p class='ocr_par' dir='ltr' id='par_1_30' title="bbox 236 2308 1016 2380">
     <span class='ocr_line' id='line_1_31' title="bbox 236 2308 1016 2380; baseline 0.001 -16"><span class='ocrx_word' id='word_1_186' title='bbox 236 2310 315 2364; x_wconf 74' lang='lat' dir='ltr'><strong>bit</strong></span> <span class='ocrx_word' id='word_1_187' title='bbox 355 2308 455 2380; x_wconf 81' lang='lat' dir='ltr'><strong>tibi</strong></span> <span class='ocrx_word' id='word_1_188' title='bbox 484 2311 639 2376; x_wconf 85' lang='lat' dir='ltr'><strong>(Luc.</strong></span> <span class='ocrx_word' id='word_1_189' title='bbox 671 2322 714 2372; x_wconf 84' lang='grc' dir='ltr'><strong>Ι,</strong></span> <span class='ocrx_word' id='word_1_190' title='bbox 749 2311 836 2374; x_wconf 76' lang='grc'><strong>34,</strong></span> <span class='ocrx_word' id='word_1_191' title='bbox 868 2308 958 2380; x_wconf 83' lang='grc'><strong>35)</strong></span> <span class='ocrx_word' id='word_1_192' title='bbox 987 2309 1016 2365; x_wconf 68' lang='grc' dir='ltr'><em>ἳ</em></span> 
     </span>
    </p>
   </div>
   <div class='ocr_carea' id='block_1_31' title="bbox 308 2379 1894 2452">
    <p class='ocr_par' dir='ltr' id='par_1_31' title="bbox 308 2379 1894 2452">
     <span class='ocr_line' id='line_1_32' title="bbox 308 2379 1894 2452; baseline 0.001 -17"><span class='ocrx_word' id='word_1_193' title='bbox 308 2379 651 2452; x_wconf 81' lang='lat' dir='ltr'><strong>Ambigenti</strong></span> <span class='ocrx_word' id='word_1_194' title='bbox 665 2380 854 2436; x_wconf 66' lang='lat' dir='ltr'><strong>Mariae</strong></span> <span class='ocrx_word' id='word_1_195' title='bbox 875 2380 950 2435; x_wconf 91' lang='lat' dir='ltr'><strong>de</strong></span> <span class='ocrx_word' id='word_1_196' title='bbox 976 2380 1764 2452; x_wconf 85' lang='lat' dir='ltr'><strong>conceptu,possibilitatem</strong></span> <span class='ocrx_word' id='word_1_197' title='bbox 1792 2398 1894 2436; x_wconf 88' lang='lat' dir='ltr'><strong>an-</strong></span> 
     </span>
    </p>
   </div>
   <div class='ocr_carea' id='block_1_32' title="bbox 234 2450 1892 2532">
    <p class='ocr_par' dir='ltr' id='par_1_32' title="bbox 234 2450 1892 2532">
     <span class='ocr_line' id='line_1_33' title="bbox 234 2450 1892 2532; baseline 0.001 -27"><span class='ocrx_word' id='word_1_198' title='bbox 234 2451 406 2532; x_wconf 83' lang='lat' dir='ltr'><strong>gelus</strong></span> <span class='ocrx_word' id='word_1_199' title='bbox 439 2452 764 2532; x_wconf 65' lang='lat' dir='ltr'><strong>praedic_at_,_</strong></span> <span class='ocrx_word' id='word_1_200' title='bbox 786 2451 1012 2532; x_wconf 79' lang='lat' dir='ltr'><strong>dicens,</strong></span> <span class='ocrx_word' id='word_1_201' title='bbox 1044 2450 1531 2532; x_wconf 71' lang='lat' dir='ltr'><strong>Spiri&#39;tus_sanctus</strong></span> <span class='ocrx_word' id='word_1_202' title='bbox 1551 2454 1892 2532; x_wconf 50' lang='lat' dir='ltr'><strong>superveni};</strong></span> 
     </span>
    </p>
   </div>
   <div class='ocr_carea' id='block_1_33' title="bbox 235 2522 1890 2596">
    <p class='ocr_par' dir='ltr' id='par_1_33' title="bbox 235 2522 1890 2596">
     <span class='ocr_line' id='line_1_34' title="bbox 235 2522 1890 2596; baseline 0.002 -20"><span class='ocrx_word' id='word_1_203' title='bbox 235 2522 298 2576; x_wconf 84' lang='lat' dir='ltr'><strong>in</strong></span> <span class='ocrx_word' id='word_1_204' title='bbox 321 2528 375 2596; x_wconf 66' lang='lat' dir='ltr'><strong>te</strong></span> <span class='ocrx_word' id='word_1_205' title='bbox 399 2541 419 2587; x_wconf 92' lang='lat'><em>;</em></span> <span class='ocrx_word' id='word_1_206' title='bbox 440 2522 560 2596; x_wconf 78' lang='lat' dir='ltr'><strong>hoc</strong></span> <span class='ocrx_word' id='word_1_207' title='bbox 587 2528 693 2591; x_wconf 88' lang='lat' dir='ltr'><strong>est,</strong></span> <span class='ocrx_word' id='word_1_208' title='bbox 722 2522 1238 2596; x_wconf 89' lang='lat' dir='ltr'><strong>Nedubites,quia</strong></span> <span class='ocrx_word' id='word_1_209' title='bbox 1255 2523 1451 2579; x_wconf 90' lang='lat' dir='ltr'><strong>virum</strong></span> <span class='ocrx_word' id='word_1_210' title='bbox 1471 2526 1701 2578; x_wconf 88' lang='lat' dir='ltr'><strong>nescis:</strong></span> <span class='ocrx_word' id='word_1_211' title='bbox 1727 2524 1890 2596; x_wconf 91' lang='lat' dir='ltr'><strong>quod</strong></span> 
     </span>
    </p>
   </div>
   <div class='ocr_carea' id='block_1_34' title="bbox 233 2594 1890 2667">
    <p class='ocr_par' dir='ltr' id='par_1_34' title="bbox 233 2594 1890 2667">
     <span class='ocr_line' id='line_1_35' title="bbox 233 2594 1890 2667; baseline -0.001 -17"><span class='ocrx_word' id='word_1_212' title='bbox 233 2595 395 2650; x_wconf 86' lang='lat' dir='ltr'><strong>enim</strong></span> <span class='ocrx_word' id='word_1_213' title='bbox 427 2594 548 2650; x_wconf 83' lang='lat' dir='ltr'><strong>dixi</strong></span> <span class='ocrx_word' id='word_1_214' title='bbox 577 2596 721 2667; x_wconf 87' lang='lat' dir='ltr'><strong>quia</strong></span> <span class='ocrx_word' id='word_1_215' title='bbox 762 2595 1083 2666; x_wconf 91' lang='lat' dir='ltr'><strong>concipies,</strong></span> <span class='ocrx_word' id='word_1_216' title='bbox 1123 2596 1371 2665; x_wconf 88' lang='lat' dir='ltr'><strong>Spiritus</strong></span> <span class='ocrx_word' id='word_1_217' title='bbox 1403 2600 1647 2650; x_wconf 85' lang='lat' dir='ltr'><strong>sanctus</strong></span> <span class='ocrx_word' id='word_1_218' title='bbox 1681 2594 1890 2666; x_wconf 79' lang='lat' dir='ltr'><strong>super-</strong></span> 
     </span>
    </p>
   </div>
   <div class='ocr_carea' id='block_1_35' title="bbox 231 2667 1885 2748">
    <p class='ocr_par' dir='ltr' id='par_1_35' title="bbox 231 2667 1885 2748">
     <span class='ocr_line' id='line_1_36' title="bbox 231 2667 1885 2748; baseline 0 0"><span class='ocrx_word' id='word_1_219' title='bbox 231 2668 484 2748; x_wconf 65' lang='lat' dir='ltr'><strong>rsmsss</strong></span> <span class='ocrx_word' id='word_1_220' title='bbox 514 2667 573 2748; x_wconf 67' lang='lat' dir='ltr'><strong>is</strong></span> <span class='ocrx_word' id='word_1_221' title='bbox 597 2672 731 2748; x_wconf 52' lang='grc' dir='ltr'><strong>..ιρι</strong></span> <span class='ocrx_word' id='word_1_222' title='bbox 761 2667 1107 2748; x_wconf 56' lang='grc' dir='ltr'><strong>οριξτδυίρμτ</strong></span> <span class='ocrx_word' id='word_1_223' title='bbox 1130 2672 1199 2748; x_wconf 78' lang='grc' dir='ltr'><strong>,ιιι</strong></span> <span class='ocrx_word' id='word_1_224' title='bbox 1245 2667 1710 2748; x_wconf 39' lang='lat' dir='ltr'><strong>emungens</strong></span> <span class='ocrx_word' id='word_1_225' title='bbox 1742 2668 1885 2748; x_wconf 70' lang='lat' dir='ltr'><strong>viro:</strong></span> 
     </span>
    </p>
   </div>
   <div class='ocr_carea' id='block_1_36' title="bbox 227 2736 1886 2808">
    <p class='ocr_par' dir='ltr' id='par_1_36' title="bbox 227 2736 1886 2808">
     <span class='ocr_line' id='line_1_37' title="bbox 227 2736 1886 2808; baseline 0 -17"><span class='ocrx_word' id='word_1_226' title='bbox 227 2738 308 2791; x_wconf 77' lang='lat' dir='ltr'><strong>Et</strong></span> <span class='ocrx_word' id='word_1_227' title='bbox 333 2738 510 2793; x_wconf 73' lang='lat' dir='ltr'><strong>virtus</strong></span> <span class='ocrx_word' id='word_1_228' title='bbox 527 2736 827 2803; x_wconf 75' lang='lat' dir='ltr'><strong>Altissimi,</strong></span> <span class='ocrx_word' id='word_1_229' title='bbox 857 2736 1070 2808; x_wconf 90' lang='lat' dir='ltr'><strong>inquit,</strong></span> <span class='ocrx_word' id='word_1_230' title='bbox 1093 2736 1435 2792; x_wconf 74' lang='lat' dir='ltr'><strong>obumbrabit</strong></span> <span class='ocrx_word' id='word_1_231' title='bbox 1463 2736 1585 2791; x_wconf 86' lang='lat' dir='ltr'><strong>tibi.</strong></span> <span class='ocrx_word' id='word_1_232' title='bbox 1603 2737 1886 2793; x_wconf 85' lang='lat' dir='ltr'><strong>Altissimi</strong></span> 
     </span>
    </p>
   </div>
   <div class='ocr_carea' id='block_1_37' title="bbox 227 2808 1886 2879">
    <p class='ocr_par' dir='ltr' id='par_1_37' title="bbox 227 2808 1886 2879">
     <span class='ocr_line' id='line_1_38' title="bbox 227 2808 1886 2879; baseline 0 -16"><span class='ocrx_word' id='word_1_233' title='bbox 227 2810 416 2863; x_wconf 79' lang='lat' dir='ltr'><strong>virtus</strong></span> <span class='ocrx_word' id='word_1_234' title='bbox 446 2810 571 2864; x_wconf 90' lang='lat' dir='ltr'><strong>sine</strong></span> <span class='ocrx_word' id='word_1_235' title='bbox 602 2808 788 2865; x_wconf 91' lang='lat' dir='ltr'><strong>dubio</strong></span> <span class='ocrx_word' id='word_1_236' title='bbox 814 2809 1077 2864; x_wconf 91' lang='lat' dir='ltr'><strong>Christus</strong></span> <span class='ocrx_word' id='word_1_237' title='bbox 1102 2815 1190 2863; x_wconf 89' lang='lat' dir='ltr'><strong>est</strong></span> <span class='ocrx_word' id='word_1_238' title='bbox 1218 2822 1230 2860; x_wconf 89' lang='lat'>:</span> <span class='ocrx_word' id='word_1_239' title='bbox 1260 2809 1372 2864; x_wconf 93' lang='lat' dir='ltr'><strong>hoc</strong></span> <span class='ocrx_word' id='word_1_240' title='bbox 1400 2809 1553 2863; x_wconf 88' lang='lat' dir='ltr'><strong>enim</strong></span> <span class='ocrx_word' id='word_1_241' title='bbox 1589 2809 1666 2863; x_wconf 91' lang='lat' dir='ltr'><strong>ad</strong></span> <span class='ocrx_word' id='word_1_242' title='bbox 1696 2810 1886 2879; x_wconf 90' lang='lat' dir='ltr'><strong>ipsius</strong></span> 
     </span>
    </p>
   </div>
   <div class='ocr_carea' id='block_1_38' title="bbox 225 2879 1888 2952">
    <p class='ocr_par' dir='ltr' id='par_1_38' title="bbox 225 2879 1888 2952">
     <span class='ocr_line' id='line_1_39' title="bbox 225 2879 1888 2952; baseline 0 -18"><span class='ocrx_word' id='word_1_243' title='bbox 225 2894 553 2951; x_wconf 89' lang='lat' dir='ltr'><strong>personam</strong></span> <span class='ocrx_word' id='word_1_244' title='bbox 568 2880 1281 2952; x_wconf 89' lang='lat' dir='ltr'><strong>pertinet.Superveniens</strong></span> <span class='ocrx_word' id='word_1_245' title='bbox 1294 2894 1436 2948; x_wconf 91' lang='lat' dir='ltr'><strong>ergo</strong></span> <span class='ocrx_word' id='word_1_246' title='bbox 1451 2879 1696 2950; x_wconf 90' lang='lat' dir='ltr'><strong>Spiritus</strong></span> <span class='ocrx_word' id='word_1_247' title='bbox 1712 2896 1888 2952; x_wconf 88' lang='lat' dir='ltr'><strong>sanc-</strong></span> 
     </span>
    </p>
   </div>
   <div class='ocr_carea' id='block_1_39' title="bbox 229 2951 1887 3024">
    <p class='ocr_par' dir='ltr' id='par_1_39' title="bbox 229 2951 1887 3024">
     <span class='ocr_line' id='line_1_40' title="bbox 229 2951 1887 3024; baseline -0.001 -17"><span class='ocrx_word' id='word_1_248' title='bbox 229 2959 328 3024; x_wconf 86' lang='lat' dir='ltr'><strong>tus</strong></span> <span class='ocrx_word' id='word_1_249' title='bbox 358 2952 418 3006; x_wconf 90' lang='lat' dir='ltr'><strong>in</strong></span> <span class='ocrx_word' id='word_1_250' title='bbox 472 2951 793 3024; x_wconf 79' lang='lat' dir='ltr'><strong>Virginem,</strong></span> <span class='ocrx_word' id='word_1_251' title='bbox 822 2951 1221 3008; x_wconf 77' lang='lat' dir='ltr'><strong>sanctificavit</strong></span> <span class='ocrx_word' id='word_1_252' title='bbox 1250 2967 1383 3007; x_wconf 90' lang='lat' dir='ltr'><strong>eam</strong></span> <span class='ocrx_word' id='word_1_253' title='bbox 1412 2966 1591 3024; x_wconf 86' lang='lat' dir='ltr'><strong>opere</strong></span> <span class='ocrx_word' id='word_1_254' title='bbox 1623 2966 1734 3005; x_wconf 88' lang='lat' dir='ltr'><strong>suo</strong></span> <span class='ocrx_word' id='word_1_255' title='bbox 1765 2951 1887 3024; x_wconf 63' lang='lat' dir='ltr'><strong>etii-</strong></span> 
     </span>
    </p>
   </div>
   <div class='ocr_carea' id='block_1_40' title="bbox 225 3022 1885 3104">
    <p class='ocr_par' dir='ltr' id='par_1_40' title="bbox 225 3022 1885 3104">
     <span class='ocr_line' id='line_1_41' title="bbox 225 3022 1885 3104; baseline -0.002 -26"><span class='ocrx_word' id='word_1_256' title='bbox 225 3023 395 3104; x_wconf 81' lang='lat' dir='ltr'><strong>ciens</strong></span> <span class='ocrx_word' id='word_1_257' title='bbox 414 3022 941 3104; x_wconf 60' lang='lat' dir='ltr'><strong>cprpus__sanctlim</strong></span> <span class='ocrx_word' id='word_1_258' title='bbox 972 3040 1160 3104; x_wconf 36' lang='lat' dir='ltr'><strong>ex‘ea,</strong></span> <span class='ocrx_word' id='word_1_259' title='bbox 1190 3024 1248 3104; x_wconf 78' lang='lat' dir='ltr'><strong>iu</strong></span> <span class='ocrx_word' id='word_1_260' title='bbox 1272 3039 1393 3104; x_wconf 88' lang='lat' dir='ltr'><strong>quo</strong></span> <span class='ocrx_word' id='word_1_261' title='bbox 1422 3023 1619 3104; x_wconf 74' lang='lat' dir='ltr'><strong>Virtus</strong></span> <span class='ocrx_word' id='word_1_262' title='bbox 1645 3038 1775 3104; x_wconf 75' lang='lat' dir='ltr'><strong>quae</strong></span> 
     </span>
    </p>
   </div>
   <div class='ocr_carea' id='block_1_41' title="bbox 225 3092 1883 3164">
    <p class='ocr_par' dir='ltr' id='par_1_41' title="bbox 225 3092 1883 3164">
     <span class='ocr_line' id='line_1_42' title="bbox 225 3092 1883 3164; baseline -0.001 -16"><span class='ocrx_word' id='word_1_263' title='bbox 225 3095 382 3148; x_wconf 87' lang='lat' dir='ltr'><strong>citur</strong></span> <span class='ocrx_word' id='word_1_264' title='bbox 436 3092 536 3150; x_wconf 88' lang='lat' dir='ltr'><strong>Dei</strong></span> <span class='ocrx_word' id='word_1_265' title='bbox 569 3095 764 3161; x_wconf 88' lang='lat' dir='ltr'><strong>Filius,</strong></span> <span class='ocrx_word' id='word_1_266' title='bbox 799 3098 1167 3152; x_wconf 91' lang='lat' dir='ltr'><strong>nasceretur.</strong></span> <span class='ocrx_word' id='word_1_267' title='bbox 1202 3092 1380 3164; x_wconf 83' lang='lat' dir='ltr'><strong>Cujus</strong></span> <span class='ocrx_word' id='word_1_268' title='bbox 1411 3092 1795 3149; x_wconf 85' lang='lat' dir='ltr'><strong>Obumbratio</strong></span> <span class='ocrx_word' id='word_1_269' title='bbox 1826 3094 1883 3147; x_wconf 90' lang='lat' dir='ltr'><strong>in</strong></span> 
     </span>
    </p>
   </div>
   <div class='ocr_carea' id='block_1_42' title="bbox 222 3164 1884 3235">
    <p class='ocr_par' dir='ltr' id='par_1_42' title="bbox 222 3164 1884 3235">
     <span class='ocr_line' id='line_1_43' title="bbox 222 3164 1884 3235; baseline -0.002 -14"><span class='ocrx_word' id='word_1_270' title='bbox 222 3164 532 3235; x_wconf 82' lang='lat' dir='ltr'><strong>Virginem</strong></span> <span class='ocrx_word' id='word_1_271' title='bbox 578 3167 707 3222; x_wconf 65' lang='lat' dir='ltr'><strong>haec</strong></span> <span class='ocrx_word' id='word_1_272' title='bbox 737 3172 843 3232; x_wconf 89' lang='lat' dir='ltr'><strong>est,</strong></span> <span class='ocrx_word' id='word_1_273' title='bbox 877 3171 941 3221; x_wconf 90' lang='lat' dir='ltr'><strong>ut</strong></span> <span class='ocrx_word' id='word_1_274' title='bbox 993 3167 1067 3221; x_wconf 92' lang='lat' dir='ltr'><strong>de</strong></span> <span class='ocrx_word' id='word_1_275' title='bbox 1118 3165 1519 3221; x_wconf 89' lang='lat' dir='ltr'><strong>immensitate</strong></span> <span class='ocrx_word' id='word_1_276' title='bbox 1560 3165 1884 3220; x_wconf 87' lang='lat' dir='ltr'><strong>divinitatis</strong></span> 
     </span>
    </p>
   </div>
   <div class='ocr_carea' id='block_1_43' title="bbox 221 3236 1884 3309">
    <p class='ocr_par' dir='ltr' id='par_1_43' title="bbox 221 3236 1884 3309">
     <span class='ocr_line' id='line_1_44' title="bbox 221 3236 1884 3309; baseline -0.001 -17"><span class='ocrx_word' id='word_1_277' title='bbox 221 3236 457 3309; x_wconf 87' lang='lat' dir='ltr'><strong>aliquid</strong></span> <span class='ocrx_word' id='word_1_278' title='bbox 514 3243 669 3293; x_wconf 90' lang='lat' dir='ltr'><strong>esset</strong></span> <span class='ocrx_word' id='word_1_279' title='bbox 732 3238 793 3309; x_wconf 90' lang='lat' dir='ltr'><strong>in</strong></span> <span class='ocrx_word' id='word_1_280' title='bbox 826 3243 991 3293; x_wconf 89' lang='lat' dir='ltr'><strong>utero</strong></span> <span class='ocrx_word' id='word_1_281' title='bbox 1026 3237 1301 3309; x_wconf 88' lang='lat' dir='ltr'><strong>Virginis,</strong></span> <span class='ocrx_word' id='word_1_282' title='bbox 1357 3241 1652 3309; x_wconf 84' lang='lat' dir='ltr'><strong>quantum</strong></span> <span class='ocrx_word' id='word_1_283' title='bbox 1686 3240 1884 3309; x_wconf 88' lang='lat' dir='ltr'><strong>posset</strong></span> 
     </span>
    </p>
   </div>
   <div class='ocr_carea' id='block_1_44' title="bbox 219 3306 1883 3380">
    <p class='ocr_par' dir='ltr' id='par_1_44' title="bbox 219 3306 1883 3380">
     <span class='ocr_line' id='line_1_45' title="bbox 219 3306 1883 3380; baseline -0.001 -17"><span class='ocrx_word' id='word_1_284' title='bbox 219 3306 442 3380; x_wconf 76' lang='lat' dir='ltr'><strong>capere</strong></span> <span class='ocrx_word' id='word_1_285' title='bbox 472 3313 684 3364; x_wconf 91' lang='lat' dir='ltr'><strong>natura</strong></span> <span class='ocrx_word' id='word_1_286' title='bbox 731 3308 1022 3374; x_wconf 89' lang='lat' dir='ltr'><strong>humana,</strong></span> <span class='ocrx_word' id='word_1_287' title='bbox 1053 3306 1216 3380; x_wconf 79' lang='lat' dir='ltr'><strong>quOd</strong></span> <span class='ocrx_word' id='word_1_288' title='bbox 1260 3306 1436 3380; x_wconf 77' lang='lat' dir='ltr'><strong>quasi</strong></span> <span class='ocrx_word' id='word_1_289' title='bbox 1462 3323 1538 3380; x_wconf 5' lang='lat' dir='ltr'><strong>es,</strong></span> <span class='ocrx_word' id='word_1_290' title='bbox 1564 3306 1883 3380; x_wconf 86' lang='lat' dir='ltr'><strong>splendore</strong></span> 
     </span>
    </p>
   </div>
   <div class='ocr_carea' id='block_1_45' title="bbox 218 3379 1881 3450">
    <p class='ocr_par' dir='ltr' id='par_1_45' title="bbox 218 3379 1881 3450">
     <span class='ocr_line' id='line_1_46' title="bbox 218 3379 1881 3450; baseline -0.002 -14"><span class='ocrx_word' id='word_1_291' title='bbox 218 3379 608 3436; x_wconf 85' lang='lat' dir='ltr'><strong>Obumbratio</strong></span> <span class='ocrx_word' id='word_1_292' title='bbox 634 3379 949 3445; x_wconf 89' lang='lat' dir='ltr'><strong>diceretur,</strong></span> <span class='ocrx_word' id='word_1_293' title='bbox 977 3379 1159 3434; x_wconf 87' lang='lat' dir='ltr'><strong>virtus</strong></span> <span class='ocrx_word' id='word_1_294' title='bbox 1185 3379 1551 3450; x_wconf 87' lang='lat' dir='ltr'><strong>Deiesset(b)</strong></span> <span class='ocrx_word' id='word_1_295' title='bbox 1578 3395 1590 3444; x_wconf 92' lang='lat'><strong>;</strong></span> <span class='ocrx_word' id='word_1_296' title='bbox 1620 3395 1756 3450; x_wconf 63' lang='lat' dir='ltr'><strong>qua;</strong></span> <span class='ocrx_word' id='word_1_297' title='bbox 1784 3379 1881 3433; x_wconf 90' lang='lat' dir='ltr'><strong>Dei</strong></span> 
     </span>
    </p>
   </div>
   <div class='ocr_carea' id='block_1_46' title="bbox 218 3449 1883 3522">
    <p class='ocr_par' dir='ltr' id='par_1_46' title="bbox 218 3449 1883 3522">
     <span class='ocr_line' id='line_1_47' title="bbox 218 3449 1883 3522; baseline -0.001 -15"><span class='ocrx_word' id='word_1_298' title='bbox 218 3451 433 3515; x_wconf 85' lang='lat' dir='ltr'><strong>virtus,</strong></span> <span class='ocrx_word' id='word_1_299' title='bbox 462 3466 695 3507; x_wconf 87' lang='lat' dir='ltr'><strong>necnon</strong></span> <span class='ocrx_word' id='word_1_300' title='bbox 718 3457 774 3507; x_wconf 91' lang='lat' dir='ltr'><strong>et</strong></span> <span class='ocrx_word' id='word_1_301' title='bbox 799 3454 970 3506; x_wconf 88' lang='lat' dir='ltr'><strong>Deus.</strong></span> <span class='ocrx_word' id='word_1_302' title='bbox 1001 3451 1151 3506; x_wconf 87' lang='lat' dir='ltr'><strong>Nihil</strong></span> <span class='ocrx_word' id='word_1_303' title='bbox 1172 3450 1334 3506; x_wconf 92' lang='lat' dir='ltr'><strong>enim</strong></span> <span class='ocrx_word' id='word_1_304' title='bbox 1348 3451 1421 3505; x_wconf 92' lang='lat' dir='ltr'><strong>de</strong></span> <span class='ocrx_word' id='word_1_305' title='bbox 1439 3449 1555 3505; x_wconf 90' lang='lat' dir='ltr'><strong>Deo</strong></span> <span class='ocrx_word' id='word_1_306' title='bbox 1582 3449 1691 3518; x_wconf 75' lang='lat' dir='ltr'><strong>est,</strong></span> <span class='ocrx_word' id='word_1_307' title='bbox 1716 3449 1883 3522; x_wconf 91' lang='lat' dir='ltr'><strong>quod</strong></span> 
     </span>
    </p>
   </div>
   <div class='ocr_carea' id='block_1_47' title="bbox 217 3522 1882 3593">
    <p class='ocr_par' dir='ltr' id='par_1_47' title="bbox 217 3522 1882 3593">
     <span class='ocr_line' id='line_1_48' title="bbox 217 3522 1882 3593; baseline -0.001 -15"><span class='ocrx_word' id='word_1_308' title='bbox 217 3538 346 3579; x_wconf 91' lang='lat' dir='ltr'><strong>non</strong></span> <span class='ocrx_word' id='word_1_309' title='bbox 379 3522 615 3579; x_wconf 90' lang='lat' dir='ltr'><strong>dicatur</strong></span> <span class='ocrx_word' id='word_1_310' title='bbox 648 3524 826 3578; x_wconf 83' lang='lat' dir='ltr'><strong>Deus.</strong></span> <span class='ocrx_word' id='word_1_311' title='bbox 864 3525 1010 3578; x_wconf 88' lang='lat' dir='ltr'><strong>Nam</strong></span> <span class='ocrx_word' id='word_1_312' title='bbox 1032 3522 1144 3577; x_wconf 90' lang='lat' dir='ltr'><strong>hoc</strong></span> <span class='ocrx_word' id='word_1_313' title='bbox 1170 3538 1524 3593; x_wconf 90' lang='lat' dir='ltr'><strong>corporeum</strong></span> <span class='ocrx_word' id='word_1_314' title='bbox 1576 3529 1685 3586; x_wconf 89' lang='lat' dir='ltr'><strong>est,</strong></span> <span class='ocrx_word' id='word_1_315' title='bbox 1724 3527 1785 3576; x_wconf 89' lang='lat' dir='ltr'><strong>ut</strong></span> <span class='ocrx_word' id='word_1_316' title='bbox 1811 3523 1882 3576; x_wconf 89' lang='lat' dir='ltr'><strong>sit</strong></span> 
     </span>
    </p>
   </div>
   <div class='ocr_carea' id='block_1_48' title="bbox 218 3592 1882 3665">
    <p class='ocr_par' dir='ltr' id='par_1_48' title="bbox 218 3592 1882 3665">
     <span class='ocr_line' id='line_1_49' title="bbox 218 3592 1882 3665; baseline -0.001 -16"><span class='ocrx_word' id='word_1_317' title='bbox 218 3595 283 3649; x_wconf 89' lang='lat' dir='ltr'><strong>in</strong></span> <span class='ocrx_word' id='word_1_318' title='bbox 315 3609 496 3650; x_wconf 90' lang='lat' dir='ltr'><strong>carne</strong></span> <span class='ocrx_word' id='word_1_319' title='bbox 523 3593 749 3665; x_wconf 89' lang='lat' dir='ltr'><strong>aliquid</strong></span> <span class='ocrx_word' id='word_1_320' title='bbox 779 3599 835 3649; x_wconf 93' lang='lat' dir='ltr'><strong>et</strong></span> <span class='ocrx_word' id='word_1_321' title='bbox 860 3609 1001 3648; x_wconf 85' lang='lat' dir='ltr'><strong>caro</strong></span> <span class='ocrx_word' id='word_1_322' title='bbox 1031 3594 1146 3649; x_wconf 91' lang='lat' dir='ltr'><strong>dici</strong></span> <span class='ocrx_word' id='word_1_323' title='bbox 1186 3592 1307 3650; x_wconf 83' lang='lat' dir='ltr'><strong>non</strong></span> <span class='ocrx_word' id='word_1_324' title='bbox 1335 3594 1544 3665; x_wconf 90' lang='lat' dir='ltr'><strong>possit,</strong></span> <span class='ocrx_word' id='word_1_325' title='bbox 1579 3599 1640 3648; x_wconf 92' lang='lat' dir='ltr'><strong>ut</strong></span> <span class='ocrx_word' id='word_1_326' title='bbox 1672 3592 1794 3665; x_wconf 93' lang='lat' dir='ltr'><strong>pili,</strong></span> <span class='ocrx_word' id='word_1_327' title='bbox 1827 3597 1882 3647; x_wconf 93' lang='lat' dir='ltr'><strong>et</strong></span> 
     </span>
    </p>
   </div>
   <div class='ocr_carea' id='block_1_49' title="bbox 218 3665 1023 3728">
    <p class='ocr_par' dir='ltr' id='par_1_49' title="bbox 218 3665 1023 3728">
     <span class='ocr_line' id='line_1_50' title="bbox 218 3665 1023 3728; baseline -0.004 -6"><span class='ocrx_word' id='word_1_328' title='bbox 218 3681 388 3728; x_wconf 88' lang='lat' dir='ltr'><strong>ossa,</strong></span> <span class='ocrx_word' id='word_1_329' title='bbox 420 3672 476 3720; x_wconf 91' lang='lat' dir='ltr'><strong>et</strong></span> <span class='ocrx_word' id='word_1_330' title='bbox 507 3665 673 3720; x_wconf 89' lang='lat' dir='ltr'><strong>nervi</strong></span> <span class='ocrx_word' id='word_1_331' title='bbox 704 3670 760 3722; x_wconf 89' lang='lat' dir='ltr'><strong>et</strong></span> <span class='ocrx_word' id='word_1_332' title='bbox 789 3671 1023 3720; x_wconf 67' lang='lat' dir='ltr'><strong>caetera.</strong></span> 
     </span>
    </p>
   </div>
   <div class='ocr_carea' id='block_1_50' title="bbox 294 3733 1879 3807">
    <p class='ocr_par' dir='ltr' id='par_1_50' title="bbox 294 3733 1879 3807">
     <span class='ocr_line' id='line_1_51' title="bbox 294 3733 1879 3807; baseline -0.003 -15"><span class='ocrx_word' id='word_1_333' title='bbox 294 3736 371 3807; x_wconf 80' lang='grc' dir='ltr'><strong>(ο)</strong></span> <span class='ocrx_word' id='word_1_334' title='bbox 400 3736 738 3807; x_wconf 79' lang='lat' dir='ltr'><strong>Ambigenti</strong></span> <span class='ocrx_word' id='word_1_335' title='bbox 771 3737 959 3792; x_wconf 65' lang='lat' dir='ltr'><strong>Mariae</strong></span> <span class='ocrx_word' id='word_1_336' title='bbox 986 3736 1060 3791; x_wconf 90' lang='lat' dir='ltr'><strong>de</strong></span> <span class='ocrx_word' id='word_1_337' title='bbox 1091 3739 1402 3807; x_wconf 90' lang='lat' dir='ltr'><strong>conceptu,</strong></span> <span class='ocrx_word' id='word_1_338' title='bbox 1427 3740 1536 3807; x_wconf 85' lang='lat' dir='ltr'><strong>etc.</strong></span> <span class='ocrx_word' id='word_1_339' title='bbox 1563 3735 1757 3807; x_wconf 89' lang='lat' dir='ltr'><strong>Virtus</strong></span> <span class='ocrx_word' id='word_1_340' title='bbox 1780 3733 1879 3807; x_wconf 79' lang='lat' dir='ltr'><strong>A1-</strong></span> 
     </span>
    </p>
   </div>
   <div class='ocr_carea' id='block_1_51' title="bbox 213 3806 1879 3876">
    <p class='ocr_par' dir='ltr' id='par_1_51' title="bbox 213 3806 1879 3876">
     <span class='ocr_line' id='line_1_52' title="bbox 213 3806 1879 3876; baseline -0.004 -11"><span class='ocrx_word' id='word_1_341' title='bbox 213 3807 437 3865; x_wconf 80' lang='lat' dir='ltr'><strong>tissimi</strong></span> <span class='ocrx_word' id='word_1_342' title='bbox 494 3806 621 3863; x_wconf 85' lang='lat' dir='ltr'><strong>sine</strong></span> <span class='ocrx_word' id='word_1_343' title='bbox 648 3806 833 3863; x_wconf 87' lang='lat' dir='ltr'><strong>dubio</strong></span> <span class='ocrx_word' id='word_1_344' title='bbox 885 3808 1151 3863; x_wconf 88' lang='lat' dir='ltr'><strong>Christus</strong></span> <span class='ocrx_word' id='word_1_345' title='bbox 1196 3815 1302 3861; x_wconf 89' lang='lat' dir='ltr'><strong>est.</strong></span> <span class='ocrx_word' id='word_1_346' title='bbox 1362 3806 1450 3861; x_wconf 89' lang='lat' dir='ltr'><strong>Ad</strong></span> <span class='ocrx_word' id='word_1_347' title='bbox 1481 3806 1667 3876; x_wconf 90' lang='lat' dir='ltr'><strong>ipsius</strong></span> <span class='ocrx_word' id='word_1_348' title='bbox 1719 3806 1879 3860; x_wconf 87' lang='lat' dir='ltr'><strong>enim</strong></span> 
     </span>
    </p>
   </div>
   <div class='ocr_carea' id='block_1_52' title="bbox 262 3876 1880 3951">
    <p class='ocr_par' dir='ltr' id='par_1_52' title="bbox 262 3876 1880 3951">
     <span class='ocr_line' id='line_1_53' title="bbox 262 3876 1880 3951; baseline -0.002 -17"><span class='ocrx_word' id='word_1_349' title='bbox 262 3894 542 3951; x_wconf 87' lang='lat' dir='ltr'><strong>ersonam</strong></span> <span class='ocrx_word' id='word_1_350' title='bbox 571 3881 823 3951; x_wconf 90' lang='lat' dir='ltr'><strong>pertinet</strong></span> <span class='ocrx_word' id='word_1_351' title='bbox 852 3878 1075 3935; x_wconf 90' lang='lat' dir='ltr'><strong>dictum</strong></span> <span class='ocrx_word' id='word_1_352' title='bbox 1107 3878 1222 3951; x_wconf 87' lang='lat' dir='ltr'><strong>hoc</strong></span> <span class='ocrx_word' id='word_1_353' title='bbox 1253 3896 1268 3949; x_wconf 86' lang='lat'>;</span> <span class='ocrx_word' id='word_1_354' title='bbox 1302 3878 1541 3951; x_wconf 79' lang='lat' dir='ltr'><strong>signum</strong></span> <span class='ocrx_word' id='word_1_355' title='bbox 1566 3878 1725 3951; x_wconf 86' lang='lat' dir='ltr'><strong>enim</strong></span> <span class='ocrx_word' id='word_1_356' title='bbox 1758 3876 1880 3951; x_wconf 71' lang='lat' dir='ltr'><strong>Filii</strong></span> 
     </span>
    </p>
   </div>
   <div class='ocr_carea' id='block_1_53' title="bbox 215 3896 1878 4019">
    <p class='ocr_par' dir='ltr' id='par_1_53' title="bbox 215 3896 1878 4019">
     <span class='ocr_line' id='line_1_54' title="bbox 262 3896 1878 3951; baseline -0.002 -17"><span class='ocrx_word' id='word_1_357' title='bbox 262 3896 542 3935; x_wconf 87' lang='lat' dir='ltr'><strong>ersonam</strong></span> <span class='ocrx_word' id='word_1_358' title='bbox 571 3896 823 3951; x_wconf 78' lang='lat' dir='ltr'><strong>pertinet</strong></span> <span class='ocrx_word' id='word_1_359' title='bbox 852 3896 1075 3935; x_wconf 79' lang='grc' dir='ltr'><strong>αιοιυω</strong></span> <span class='ocrx_word' id='word_1_360' title='bbox 1107 3896 1222 3933; x_wconf 90' lang='lat' dir='ltr'><strong>noc</strong></span> <span class='ocrx_word' id='word_1_361' title='bbox 1253 3896 1268 3949; x_wconf 85' lang='lat'>;</span> <span class='ocrx_word' id='word_1_362' title='bbox 1302 3896 1541 3946; x_wconf 75' lang='lat' dir='ltr'><strong>Signum</strong></span> <span class='ocrx_word' id='word_1_363' title='bbox 1566 3896 1725 3932; x_wconf 80' lang='lat' dir='ltr'><strong>enim</strong></span> <span class='ocrx_word' id='word_1_364' title='bbox 1761 3896 1878 3933; x_wconf 85' lang='lat' dir='ltr'><strong>ruu</strong></span> 
     </span>
     <span class='ocr_line' id='line_1_55' title="bbox 215 3896 1878 4019; baseline -0.002 -14"><span class='ocrx_word' id='word_1_365' title='bbox 215 3896 342 4019; x_wconf 73' lang='lat' dir='ltr'><strong>Bei,</strong></span> <span class='ocrx_word' id='word_1_366' title='bbox 370 3950 486 4006; x_wconf 87' lang='lat' dir='ltr'><strong>hoc</strong></span> <span class='ocrx_word' id='word_1_367' title='bbox 519 3955 611 4005; x_wconf 85' lang='lat' dir='ltr'><strong>est</strong></span> <span class='ocrx_word' id='word_1_368' title='bbox 639 3967 776 4006; x_wconf 90' lang='lat' dir='ltr'><strong>cum</strong></span> <span class='ocrx_word' id='word_1_369' title='bbox 802 3951 1035 4016; x_wconf 90' lang='lat' dir='ltr'><strong>dicitur,</strong></span> <span class='ocrx_word' id='word_1_370' title='bbox 1066 3950 1258 4004; x_wconf 89' lang='lat' dir='ltr'><strong>Virtus</strong></span> <span class='ocrx_word' id='word_1_371' title='bbox 1308 3950 1430 4004; x_wconf 91' lang='lat' dir='ltr'><strong>Dei.</strong></span> <span class='ocrx_word' id='word_1_372' title='bbox 1465 3949 1640 4004; x_wconf 84' lang='lat' dir='ltr'><strong>Juxta</strong></span> <span class='ocrx_word' id='word_1_373' title='bbox 1668 3948 1878 4003; x_wconf 84' lang='lat' dir='ltr'><strong>divini-</strong></span> 
     </span>
    </p>
   </div>
   <div class='ocr_carea' id='block_1_54' title="bbox 216 4020 1877 4091">
    <p class='ocr_par' dir='ltr' id='par_1_54' title="bbox 216 4020 1877 4091">
     <span class='ocr_line' id='line_1_56' title="bbox 216 4020 1877 4091; baseline -0.003 -14"><span class='ocrx_word' id='word_1_374' title='bbox 216 4028 402 4077; x_wconf 90' lang='lat' dir='ltr'><strong>tatem</strong></span> <span class='ocrx_word' id='word_1_375' title='bbox 436 4037 569 4078; x_wconf 84' lang='lat' dir='ltr'><strong>vero</strong></span> <span class='ocrx_word' id='word_1_376' title='bbox 598 4028 653 4077; x_wconf 89' lang='lat' dir='ltr'><strong>et</strong></span> <span class='ocrx_word' id='word_1_377' title='bbox 684 4024 847 4078; x_wconf 88' lang='lat' dir='ltr'><strong>Pater</strong></span> <span class='ocrx_word' id='word_1_378' title='bbox 896 4023 1080 4076; x_wconf 90' lang='lat' dir='ltr'><strong>virtus</strong></span> <span class='ocrx_word' id='word_1_379' title='bbox 1129 4026 1237 4087; x_wconf 90' lang='lat' dir='ltr'><strong>est,</strong></span> <span class='ocrx_word' id='word_1_380' title='bbox 1271 4026 1325 4076; x_wconf 91' lang='lat' dir='ltr'><strong>et</strong></span> <span class='ocrx_word' id='word_1_381' title='bbox 1356 4026 1591 4075; x_wconf 87' lang='lat' dir='ltr'><strong>sanctus</strong></span> <span class='ocrx_word' id='word_1_382' title='bbox 1623 4020 1877 4091; x_wconf 87' lang='lat' dir='ltr'><strong>Spiritus</strong></span> 
     </span>
    </p>
   </div>
   <div class='ocr_carea' id='block_1_55' title="bbox 213 4093 1879 4163">
    <p class='ocr_par' dir='ltr' id='par_1_55' title="bbox 213 4093 1879 4163">
     <span class='ocr_line' id='line_1_57' title="bbox 213 4093 1879 4163; baseline -0.002 -14"><span class='ocrx_word' id='word_1_383' title='bbox 213 4094 410 4149; x_wconf 84' lang='lat' dir='ltr'><strong>virtus</strong></span> <span class='ocrx_word' id='word_1_384' title='bbox 444 4098 550 4159; x_wconf 86' lang='lat' dir='ltr'><strong>est,</strong></span> <span class='ocrx_word' id='word_1_385' title='bbox 584 4098 639 4149; x_wconf 88' lang='lat' dir='ltr'><strong>et</strong></span> <span class='ocrx_word' id='word_1_386' title='bbox 666 4094 843 4149; x_wconf 89' lang='lat' dir='ltr'><strong>trium</strong></span> <span class='ocrx_word' id='word_1_387' title='bbox 899 4093 1114 4149; x_wconf 82' lang='lat' dir='ltr'><strong>horum</strong></span> <span class='ocrx_word' id='word_1_388' title='bbox 1167 4107 1287 4146; x_wconf 86' lang='lat' dir='ltr'><strong>una</strong></span> <span class='ocrx_word' id='word_1_389' title='bbox 1341 4093 1546 4157; x_wconf 90' lang='lat' dir='ltr'><strong>virtus,</strong></span> <span class='ocrx_word' id='word_1_390' title='bbox 1579 4093 1721 4163; x_wconf 91' lang='lat' dir='ltr'><strong>quia</strong></span> <span class='ocrx_word' id='word_1_391' title='bbox 1762 4107 1879 4145; x_wconf 85' lang='lat' dir='ltr'><strong>una</strong></span> 
     </span>
    </p>
   </div>
   <div class='ocr_carea' id='block_1_56' title="bbox 216 4164 1878 4236">
    <p class='ocr_par' dir='ltr' id='par_1_56' title="bbox 216 4164 1878 4236">
     <span class='ocr_line' id='line_1_58' title="bbox 216 4164 1878 4236; baseline -0.001 -17"><span class='ocrx_word' id='word_1_392' title='bbox 216 4164 563 4236; x_wconf 84' lang='lat' dir='ltr'><strong>substantia</strong></span> <span class='ocrx_word' id='word_1_393' title='bbox 594 4168 702 4219; x_wconf 90' lang='lat' dir='ltr'><strong>est.</strong></span> <span class='ocrx_word' id='word_1_394' title='bbox 733 4164 1011 4236; x_wconf 82' lang='lat' dir='ltr'><strong>Spiritus</strong></span> <span class='ocrx_word' id='word_1_395' title='bbox 1068 4168 1314 4236; x_wconf 85' lang='lat' dir='ltr'><strong>sanctus</strong></span> <span class='ocrx_word' id='word_1_396' title='bbox 1346 4177 1489 4236; x_wconf 89' lang='lat' dir='ltr'><strong>ergo</strong></span> <span class='ocrx_word' id='word_1_397' title='bbox 1521 4179 1779 4236; x_wconf 84' lang='lat' dir='ltr'><strong>carnem</strong></span> <span class='ocrx_word' id='word_1_398' title='bbox 1808 4178 1878 4236; x_wconf 60' lang='grc' dir='ltr'><strong>βξ</strong></span> 
     </span>
    </p>
   </div>
   <div class='ocr_carea' id='block_1_57' title="bbox 211 4233 1879 4307">
    <p class='ocr_par' dir='ltr' id='par_1_57' title="bbox 211 4233 1879 4307">
     <span class='ocr_line' id='line_1_59' title="bbox 211 4233 1879 4307; baseline -0.002 -16"><span class='ocrx_word' id='word_1_399' title='bbox 211 4235 457 4307; x_wconf 85' lang='lat' dir='ltr'><strong>Virgine</strong></span> <span class='ocrx_word' id='word_1_400' title='bbox 488 4236 622 4292; x_wconf 84' lang='lat' dir='ltr'><strong>fecit</strong></span> <span class='ocrx_word' id='word_1_401' title='bbox 652 4233 941 4293; x_wconf 74' lang='lat' dir='ltr'><strong>Salvatori</strong></span> <span class='ocrx_word' id='word_1_402' title='bbox 988 4251 1015 4307; x_wconf 12' lang='lat'><strong>:7</strong></span> <span class='ocrx_word' id='word_1_403' title='bbox 1037 4235 1223 4291; x_wconf 87' lang='lat' dir='ltr'><strong>virtus</strong></span> <span class='ocrx_word' id='word_1_404' title='bbox 1254 4233 1531 4289; x_wconf 87' lang='lat' dir='ltr'><strong>Altissimi</strong></span> <span class='ocrx_word' id='word_1_405' title='bbox 1556 4241 1784 4307; x_wconf 87' lang='lat' dir='ltr'><strong>autem,</strong></span> <span class='ocrx_word' id='word_1_406' title='bbox 1821 4233 1879 4288; x_wconf 92' lang='lat' dir='ltr'><strong>id</strong></span> 
     </span>
    </p>
   </div>
   <div class='ocr_carea' id='block_1_58' title="bbox 212 4306 1881 4373">
    <p class='ocr_par' dir='ltr' id='par_1_58' title="bbox 212 4306 1881 4373">
     <span class='ocr_line' id='line_1_60' title="bbox 212 4306 1881 4373; baseline -0.002 -10"><span class='ocrx_word' id='word_1_407' title='bbox 212 4314 305 4363; x_wconf 85' lang='lat' dir='ltr'><strong>est</strong></span> <span class='ocrx_word' id='word_1_408' title='bbox 332 4306 625 4373; x_wconf 83' lang='lat' dir='ltr'><strong>Christus,</strong></span> <span class='ocrx_word' id='word_1_409' title='bbox 660 4306 1046 4363; x_wconf 86' lang='lat' dir='ltr'><strong>obumbravit</strong></span> <span class='ocrx_word' id='word_1_410' title='bbox 1089 4322 1225 4361; x_wconf 91' lang='lat' dir='ltr'><strong>eam</strong></span> <span class='ocrx_word' id='word_1_411' title='bbox 1277 4307 1517 4360; x_wconf 88' lang='lat' dir='ltr'><strong>veniens</strong></span> <span class='ocrx_word' id='word_1_412' title='bbox 1548 4306 1610 4359; x_wconf 91' lang='lat' dir='ltr'><strong>in</strong></span> <span class='ocrx_word' id='word_1_413' title='bbox 1641 4321 1881 4360; x_wconf 89' lang='lat' dir='ltr'><strong>carnem</strong></span> 
     </span>
    </p>
   </div>
   <div class='ocr_carea' id='block_1_59' title="bbox 212 4376 1883 4448">
    <p class='ocr_par' dir='ltr' id='par_1_59' title="bbox 212 4376 1883 4448">
     <span class='ocr_line' id='line_1_61' title="bbox 212 4376 1883 4448; baseline -0.002 -14"><span class='ocrx_word' id='word_1_414' title='bbox 212 4379 442 4435; x_wconf 85' lang='lat' dir='ltr'><strong>factam</strong></span> <span class='ocrx_word' id='word_1_415' title='bbox 471 4396 507 4435; x_wconf 90' lang='lat' dir='ltr'><strong>a</strong></span> <span class='ocrx_word' id='word_1_416' title='bbox 532 4378 771 4448; x_wconf 91' lang='lat' dir='ltr'><strong>Spiritu,</strong></span> <span class='ocrx_word' id='word_1_417' title='bbox 806 4384 870 4434; x_wconf 94' lang='lat' dir='ltr'><strong>ut</strong></span> <span class='ocrx_word' id='word_1_418' title='bbox 899 4380 957 4434; x_wconf 91' lang='lat' dir='ltr'><strong>in</strong></span> <span class='ocrx_word' id='word_1_419' title='bbox 990 4393 1239 4448; x_wconf 89' lang='lat' dir='ltr'><strong>corpore</strong></span> <span class='ocrx_word' id='word_1_420' title='bbox 1256 4381 1312 4432; x_wconf 89' lang='lat' dir='ltr'><strong>et</strong></span> <span class='ocrx_word' id='word_1_421' title='bbox 1340 4376 1544 4433; x_wconf 88' lang='lat' dir='ltr'><strong>anima</strong></span> <span class='ocrx_word' id='word_1_422' title='bbox 1569 4376 1771 4432; x_wconf 89' lang='lat' dir='ltr'><strong>lateret</strong></span> <span class='ocrx_word' id='word_1_423' title='bbox 1802 4378 1883 4430; x_wconf 89' lang='lat' dir='ltr'><strong>Fi-</strong></span> 
     </span>
    </p>
   </div>
   <div class='ocr_carea' id='block_1_60' title="bbox 211 4449 1881 4521">
    <p class='ocr_par' dir='ltr' id='par_1_60' title="bbox 211 4449 1881 4521">
     <span class='ocr_line' id='line_1_62' title="bbox 211 4449 1881 4521; baseline -0.002 -15"><span class='ocrx_word' id='word_1_424' title='bbox 211 4450 298 4506; x_wconf 91' lang='lat' dir='ltr'><strong>ilii</strong></span> <span class='ocrx_word' id='word_1_425' title='bbox 334 4452 543 4521; x_wconf 83' lang='lat' dir='ltr'><strong>virtus.</strong></span> <span class='ocrx_word' id='word_1_426' title='bbox 575 4449 784 4506; x_wconf 89' lang='lat' dir='ltr'><strong>Latere</strong></span> <span class='ocrx_word' id='word_1_427' title='bbox 812 4456 1011 4505; x_wconf 91' lang='lat' dir='ltr'><strong>autem</strong></span> <span class='ocrx_word' id='word_1_428' title='bbox 1075 4450 1225 4521; x_wconf 87' lang='lat' dir='ltr'><strong>ejus,</strong></span> <span class='ocrx_word' id='word_1_429' title='bbox 1255 4455 1347 4521; x_wconf 83' lang='lat' dir='ltr'><strong>est</strong></span> <span class='ocrx_word' id='word_1_430' title='bbox 1376 4449 1465 4521; x_wconf 88' lang='lat' dir='ltr'><strong>ad</strong></span> <span class='ocrx_word' id='word_1_431' title='bbox 1495 4453 1881 4521; x_wconf 28' lang='lat' dir='ltr'><strong>tempus‘non</strong></span> 
     </span>
    </p>
   </div>
   <div class='ocr_carea' id='block_1_61' title="bbox 214 4518 1881 4592">
    <p class='ocr_par' dir='ltr' id='par_1_61' title="bbox 214 4518 1881 4592">
     <span class='ocr_line' id='line_1_63' title="bbox 214 4518 1881 4592; baseline -0.002 -15"><span class='ocrx_word' id='word_1_432' title='bbox 214 4521 493 4590; x_wconf 88' lang='lat' dir='ltr'><strong>intelligi.</strong></span> <span class='ocrx_word' id='word_1_433' title='bbox 520 4520 913 4577; x_wconf 89' lang='lat' dir='ltr'><strong>Obumbratio</strong></span> <span class='ocrx_word' id='word_1_434' title='bbox 933 4518 1133 4576; x_wconf 85' lang='lat' dir='ltr'><strong>autem</strong></span> <span class='ocrx_word' id='word_1_435' title='bbox 1165 4518 1311 4592; x_wconf 91' lang='lat' dir='ltr'><strong>quid</strong></span> <span class='ocrx_word' id='word_1_436' title='bbox 1335 4520 1567 4592; x_wconf 83' lang='lat' dir='ltr'><strong>penitus</strong></span> <span class='ocrx_word' id='word_1_437' title='bbox 1595 4518 1881 4592; x_wconf 45' lang='lat' dir='ltr'><strong>inteliigaj</strong></span> 
     </span>
    </p>
   </div>
   <div class='ocr_carea' id='block_1_62' title="bbox 216 4589 1881 4660">
    <p class='ocr_par' dir='ltr' id='par_1_62' title="bbox 216 4589 1881 4660">
     <span class='ocr_line' id='line_1_64' title="bbox 216 4589 1881 4660; baseline -0.004 -10"><span class='ocrx_word' id='word_1_438' title='bbox 216 4597 339 4658; x_wconf 86' lang='lat' dir='ltr'><strong>tur,</strong></span> <span class='ocrx_word' id='word_1_439' title='bbox 374 4589 880 4649; x_wconf 88' lang='lat' dir='ltr'><strong>considerandum</strong></span> <span class='ocrx_word' id='word_1_440' title='bbox 912 4596 1021 4647; x_wconf 90' lang='lat' dir='ltr'><strong>est.</strong></span> <span class='ocrx_word' id='word_1_441' title='bbox 1069 4589 1398 4646; x_wconf 47' lang='lat' dir='ltr'><strong>Vis—autem</strong></span> <span class='ocrx_word' id='word_1_442' title='bbox 1426 4590 1605 4660; x_wconf 87' lang='lat' dir='ltr'><strong>hujus</strong></span> <span class='ocrx_word' id='word_1_443' title='bbox 1636 4590 1798 4645; x_wconf 83' lang='lat' dir='ltr'><strong>verbi</strong></span> <span class='ocrx_word' id='word_1_444' title='bbox 1831 4589 1881 4644; x_wconf 91' lang='lat' dir='ltr'><strong>si</strong></span> 
     </span>
    </p>
   </div>
   <div class='ocr_carea' id='block_1_63' title="bbox 217 4661 1884 4737">
    <p class='ocr_par' dir='ltr' id='par_1_63' title="bbox 217 4661 1884 4737">
     <span class='ocr_line' id='line_1_65' title="bbox 217 4661 1884 4737; baseline -0.003 -17"><span class='ocrx_word' id='word_1_445' title='bbox 217 4667 616 4737; x_wconf 81' lang='lat' dir='ltr'><strong>exprimatur,</strong></span> <span class='ocrx_word' id='word_1_446' title='bbox 646 4662 1024 4737; x_wconf 84' lang='lat' dir='ltr'><strong>Obumbratio</strong></span> <span class='ocrx_word' id='word_1_447' title='bbox 1053 4663 1281 4737; x_wconf 83' lang='lat' dir='ltr'><strong>virtutis</strong></span> <span class='ocrx_word' id='word_1_448' title='bbox 1317 4664 1434 4727; x_wconf 90' lang='lat' dir='ltr'><strong>Dei,</strong></span> <span class='ocrx_word' id='word_1_449' title='bbox 1465 4662 1754 4732; x_wconf 91' lang='lat' dir='ltr'><strong>impetitio</strong></span> <span class='ocrx_word' id='word_1_450' title='bbox 1782 4661 1884 4737; x_wconf 81' lang='lat' dir='ltr'><strong>ali-</strong></span> 
     </span>
    </p>
   </div>
   <div class='ocr_carea' id='block_1_64' title="bbox 216 4732 1883 4808">
    <p class='ocr_par' dir='ltr' id='par_1_64' title="bbox 216 4732 1883 4808">
     <span class='ocr_line' id='line_1_66' title="bbox 216 4732 1883 4808; baseline -0.003 -16"><span class='ocrx_word' id='word_1_451' title='bbox 216 4732 344 4808; x_wconf 69' lang='lat' dir='ltr'><strong>qua</strong></span> <span class='ocrx_word' id='word_1_452' title='bbox 379 4736 744 4806; x_wconf 86' lang='lat' dir='ltr'><strong>intelligitur,</strong></span> <span class='ocrx_word' id='word_1_453' title='bbox 780 4740 842 4791; x_wconf 92' lang='lat' dir='ltr'><strong>ut</strong></span> <span class='ocrx_word' id='word_1_454' title='bbox 880 4735 1022 4808; x_wconf 91' lang='lat' dir='ltr'><strong>dum</strong></span> <span class='ocrx_word' id='word_1_455' title='bbox 1056 4733 1456 4808; x_wconf 75' lang='lat' dir='ltr'><strong>obumbratur</strong></span> <span class='ocrx_word' id='word_1_456' title='bbox 1504 4749 1745 4808; x_wconf 75' lang='lat' dir='ltr'><strong>corpus,</strong></span> <span class='ocrx_word' id='word_1_457' title='bbox 1776 4732 1883 4787; x_wconf 83' lang='lat' dir='ltr'><strong>ali-</strong></span> 
     </span>
    </p>
   </div>
   <div class='ocr_carea' id='block_1_65' title="bbox 216 4804 1878 4880">
    <p class='ocr_par' dir='ltr' id='par_1_65' title="bbox 216 4804 1878 4880">
     <span class='ocr_line' id='line_1_67' title="bbox 216 4804 1878 4880; baseline -0.002 -18"><span class='ocrx_word' id='word_1_458' title='bbox 216 4804 371 4880; x_wconf 77' lang='lat' dir='ltr'><strong>quid</strong></span> <span class='ocrx_word' id='word_1_459' title='bbox 395 4804 635 4880; x_wconf 81' lang='lat' dir='ltr'><strong>sumere</strong></span> <span class='ocrx_word' id='word_1_460' title='bbox 656 4821 729 4862; x_wconf 85' lang='lat' dir='ltr'><strong>ex</strong></span> <span class='ocrx_word' id='word_1_461' title='bbox 757 4808 856 4861; x_wconf 90' lang='lat' dir='ltr'><strong>Dei</strong></span> <span class='ocrx_word' id='word_1_462' title='bbox 881 4807 1092 4880; x_wconf 83' lang='lat' dir='ltr'><strong>virtute</strong></span> <span class='ocrx_word' id='word_1_463' title='bbox 1116 4805 1502 4880; x_wconf 69' lang='lat' dir='ltr'><strong>dignoscitur.</strong></span> <span class='ocrx_word' id='word_1_464' title='bbox 1536 4804 1655 4880; x_wconf 77' lang='lat' dir='ltr'><strong>iloc</strong></span> <span class='ocrx_word' id='word_1_465' title='bbox 1681 4810 1878 4880; x_wconf 79' lang='lat' dir='ltr'><strong>autem</strong></span> 
     </span>
    </p>
   </div>
   <div class='ocr_carea' id='block_1_66' title="bbox 217 4875 1879 4950">
    <p class='ocr_par' dir='ltr' id='par_1_66' title="bbox 217 4875 1879 4950">
     <span class='ocr_line' id='line_1_68' title="bbox 217 4875 1879 4950; baseline -0.005 -14"><span class='ocrx_word' id='word_1_466' title='bbox 217 4875 454 4950; x_wconf 70' lang='lat' dir='ltr'><strong>aliquid</strong></span> <span class='ocrx_word' id='word_1_467' title='bbox 484 4882 798 4943; x_wconf 87' lang='lat' dir='ltr'><strong>totumest,</strong></span> <span class='ocrx_word' id='word_1_468' title='bbox 829 4877 966 4950; x_wconf 88' lang='lat' dir='ltr'><strong>quia</strong></span> <span class='ocrx_word' id='word_1_469' title='bbox 998 4892 1115 4932; x_wconf 92' lang='lat' dir='ltr'><strong>non</strong></span> <span class='ocrx_word' id='word_1_470' title='bbox 1139 4875 1335 4949; x_wconf 83' lang='lat' dir='ltr'><strong>potest</strong></span> <span class='ocrx_word' id='word_1_471' title='bbox 1358 4876 1557 4950; x_wconf 83' lang='lat' dir='ltr'><strong>partiri</strong></span> <span class='ocrx_word' id='word_1_472' title='bbox 1582 4875 1879 4930; x_wconf 87' lang='lat' dir='ltr'><strong>divinitas.</strong></span> 
     </span>
    </p>
   </div>
   <div class='ocr_carea' id='block_1_67' title="bbox 221 4950 1884 5022">
    <p class='ocr_par' dir='ltr' id='par_1_67' title="bbox 221 4950 1884 5022">
     <span class='ocr_line' id='line_1_69' title="bbox 221 4950 1884 5022; baseline -0.005 -14"><span class='ocrx_word' id='word_1_473' title='bbox 221 4951 509 5022; x_wconf 90' lang='lat' dir='ltr'><strong>Sequitur</strong></span> <span class='ocrx_word' id='word_1_474' title='bbox 562 4950 785 5022; x_wconf 85' lang='lat' dir='ltr'><strong>itaque,</strong></span> <span class='ocrx_word' id='word_1_475' title='bbox 827 4950 1136 5022; x_wconf 58' lang='lat' dir='ltr'><strong>Ereptqu</strong></span> <span class='ocrx_word' id='word_1_476' title='bbox 1156 4956 1204 5002; x_wconf 83' lang='lat' dir='ltr'><strong>et</strong></span> <span class='ocrx_word' id='word_1_477' title='bbox 1229 4950 1383 5022; x_wconf 23' lang='lat' dir='ltr'><strong>Aquod</strong></span> <span class='ocrx_word' id='word_1_478' title='bbox 1426 4954 1682 5022; x_wconf 70' lang='lat' dir='ltr'><strong>nascetur</strong></span> <span class='ocrx_word' id='word_1_479' title='bbox 1717 4962 1803 5022; x_wconf 54' lang='grc' dir='ltr'><strong>ἐφ</strong></span> <span class='ocrx_word' id='word_1_480' title='bbox 1837 4950 1884 5022; x_wconf 75' lang='lat' dir='ltr'><strong>te</strong></span> 
     </span>
    </p>
   </div>
   <div class='ocr_carea' id='block_1_68' title="bbox 216 5018 1884 5089">
    <p class='ocr_par' dir='ltr' id='par_1_68' title="bbox 216 5018 1884 5089">
     <span class='ocr_line' id='line_1_70' title="bbox 216 5018 1884 5089; baseline -0.004 -11"><span class='ocrx_word' id='word_1_481' title='bbox 216 5018 488 5087; x_wconf 70' lang='lat' dir='ltr'><strong>sanctum,</strong></span> <span class='ocrx_word' id='word_1_482' title='bbox 516 5018 799 5077; x_wconf 69' lang='lat' dir='ltr'><strong>vocabitur</strong></span> <span class='ocrx_word' id='word_1_483' title='bbox 818 5018 1006 5075; x_wconf 74' lang='lat' dir='ltr'><strong>Filius</strong></span> <span class='ocrx_word' id='word_1_484' title='bbox 1035 5019 1156 5087; x_wconf 83' lang='lat' dir='ltr'><strong>Dei.</strong></span> <span class='ocrx_word' id='word_1_485' title='bbox 1214 5019 1384 5084; x_wconf 86' lang='lat' dir='ltr'><strong>Quod</strong></span> <span class='ocrx_word' id='word_1_486' title='bbox 1417 5020 1577 5073; x_wconf 90' lang='lat' dir='ltr'><strong>enim</strong></span> <span class='ocrx_word' id='word_1_487' title='bbox 1607 5019 1680 5072; x_wconf 90' lang='lat' dir='ltr'><strong>de</strong></span> <span class='ocrx_word' id='word_1_488' title='bbox 1710 5018 1884 5089; x_wconf 92' lang='lat' dir='ltr'><strong>Spiri-</strong></span> 
     </span>
    </p>
   </div>
   <div class='ocr_carea' id='block_1_69' title="bbox 218 5089 1883 5160">
    <p class='ocr_par' dir='ltr' id='par_1_69' title="bbox 218 5089 1883 5160">
     <span class='ocr_line' id='line_1_71' title="bbox 218 5089 1883 5160; baseline -0.002 -12"><span class='ocrx_word' id='word_1_489' title='bbox 218 5098 281 5148; x_wconf 90' lang='lat' dir='ltr'><strong>tu</strong></span> <span class='ocrx_word' id='word_1_490' title='bbox 316 5100 529 5149; x_wconf 89' lang='lat' dir='ltr'><strong>sancto</strong></span> <span class='ocrx_word' id='word_1_491' title='bbox 554 5098 762 5148; x_wconf 90' lang='lat' dir='ltr'><strong>natum</strong></span> <span class='ocrx_word' id='word_1_492' title='bbox 794 5095 899 5160; x_wconf 88' lang='lat' dir='ltr'><strong>est,</strong></span> <span class='ocrx_word' id='word_1_493' title='bbox 936 5091 995 5147; x_wconf 92' lang='lat' dir='ltr'><strong>in</strong></span> <span class='ocrx_word' id='word_1_494' title='bbox 1020 5108 1083 5147; x_wconf 83' lang='lat' dir='ltr'><strong>se</strong></span> <span class='ocrx_word' id='word_1_495' title='bbox 1110 5090 1340 5145; x_wconf 90' lang='lat' dir='ltr'><strong>habens</strong></span> <span class='ocrx_word' id='word_1_496' title='bbox 1361 5089 1883 5146; x_wconf 89' lang='lat' dir='ltr'><strong>obumbrationem</strong></span> 
     </span>
    </p>
   </div>
   <div class='ocr_carea' id='block_1_70' title="bbox 218 5161 1882 5236">
    <p class='ocr_par' dir='ltr' id='par_1_70' title="bbox 218 5161 1882 5236">
     <span class='ocr_line' id='line_1_72' title="bbox 218 5161 1882 5236; baseline -0.002 -17"><span class='ocrx_word' id='word_1_497' title='bbox 218 5165 459 5220; x_wconf 83' lang='lat' dir='ltr'><strong>virtutis</strong></span> <span class='ocrx_word' id='word_1_498' title='bbox 484 5164 756 5236; x_wconf 68' lang='lat' dir='ltr'><strong>Dei,quas</strong></span> <span class='ocrx_word' id='word_1_499' title='bbox 787 5167 876 5218; x_wconf 89' lang='lat' dir='ltr'><strong>est</strong></span> <span class='ocrx_word' id='word_1_500' title='bbox 902 5161 1226 5236; x_wconf 17' lang='lat' dir='ltr'><strong>FililisDeei,</strong></span> <span class='ocrx_word' id='word_1_501' title='bbox 1250 5162 1376 5217; x_wconf 91' lang='lat' dir='ltr'><strong>sine</strong></span> <span class='ocrx_word' id='word_1_502' title='bbox 1397 5161 1582 5236; x_wconf 85' lang='lat' dir='ltr'><strong>dubio</strong></span> <span class='ocrx_word' id='word_1_503' title='bbox 1607 5165 1882 5217; x_wconf 87' lang='lat' dir='ltr'><strong>sanctum</strong></span> 
     </span>
    </p>
   </div>
   <div class='ocr_carea' id='block_1_71' title="bbox 219 5232 1884 5306">
    <p class='ocr_par' dir='ltr' id='par_1_71' title="bbox 219 5232 1884 5306">
     <span class='ocr_line' id='line_1_73' title="bbox 219 5232 1884 5306; baseline -0.004 -14"><span class='ocrx_word' id='word_1_504' title='bbox 219 5243 433 5293; x_wconf 87' lang='lat' dir='ltr'><strong>natum</strong></span> <span class='ocrx_word' id='word_1_505' title='bbox 449 5241 555 5294; x_wconf 90' lang='lat' dir='ltr'><strong>est.</strong></span> <span class='ocrx_word' id='word_1_506' title='bbox 572 5232 965 5306; x_wconf 69' lang='lat' dir='ltr'><strong>idestcorpus</strong></span> <span class='ocrx_word' id='word_1_507' title='bbox 984 5234 1249 5306; x_wconf 69' lang='lat' dir='ltr'><strong>Filiipei.</strong></span> <span class='ocrx_word' id='word_1_508' title='bbox 1272 5234 1466 5306; x_wconf 87' lang='lat' dir='ltr'><strong>Sancti</strong></span> <span class='ocrx_word' id='word_1_509' title='bbox 1481 5232 1637 5287; x_wconf 90' lang='lat' dir='ltr'><strong>enim</strong></span> <span class='ocrx_word' id='word_1_510' title='bbox 1670 5248 1884 5303; x_wconf 86' lang='lat' dir='ltr'><strong>corpus</strong></span> 
     </span>
    </p>
   </div>
   <div class='ocr_carea' id='block_1_72' title="bbox 222 5304 1880 5375">
    <p class='ocr_par' dir='ltr' id='par_1_72' title="bbox 222 5304 1880 5375">
     <span class='ocr_line' id='line_1_74' title="bbox 222 5304 1880 5375; baseline -0.004 -11"><span class='ocrx_word' id='word_1_511' title='bbox 222 5313 506 5364; x_wconf 88' lang='lat' dir='ltr'><strong>sanctum</strong></span> <span class='ocrx_word' id='word_1_512' title='bbox 533 5312 638 5363; x_wconf 89' lang='lat' dir='ltr'><strong>est.</strong></span> <span class='ocrx_word' id='word_1_513' title='bbox 666 5304 919 5363; x_wconf 84' lang='lat' dir='ltr'><strong>Sanctus</strong></span> <span class='ocrx_word' id='word_1_514' title='bbox 950 5321 1091 5375; x_wconf 85' lang='lat' dir='ltr'><strong>ergo</strong></span> <span class='ocrx_word' id='word_1_515' title='bbox 1118 5304 1293 5359; x_wconf 88' lang='lat' dir='ltr'><strong>Filius</strong></span> <span class='ocrx_word' id='word_1_516' title='bbox 1320 5305 1419 5359; x_wconf 91' lang='lat' dir='ltr'><strong>Dei</strong></span> <span class='ocrx_word' id='word_1_517' title='bbox 1448 5306 1505 5359; x_wconf 91' lang='lat' dir='ltr'><strong>in</strong></span> <span class='ocrx_word' id='word_1_518' title='bbox 1537 5310 1744 5358; x_wconf 88' lang='lat' dir='ltr'><strong>sancto</strong></span> <span class='ocrx_word' id='word_1_519' title='bbox 1763 5318 1880 5358; x_wconf 89' lang='lat' dir='ltr'><strong>cor-</strong></span> 
     </span>
    </p>
   </div>
   <div class='ocr_carea' id='block_1_73' title="bbox 288 5409 1888 5475">
    <p class='ocr_par' dir='ltr' id='par_1_73' title="bbox 288 5409 1888 5475">
     <span class='ocr_line' id='line_1_75' title="bbox 288 5409 1888 5475; baseline -0.004 -13"><span class='ocrx_word' id='word_1_520' title='bbox 288 5414 360 5475; x_wconf 85' lang='lat' dir='ltr'><strong>(a)</strong></span> <span class='ocrx_word' id='word_1_521' title='bbox 419 5413 652 5472; x_wconf 67' lang='lat' dir='ltr'><strong>Qumstio</strong></span> <span class='ocrx_word' id='word_1_522' title='bbox 711 5412 898 5463; x_wconf 82' lang='lat' dir='ltr'><strong>eadem</strong></span> <span class='ocrx_word' id='word_1_523' title='bbox 934 5426 999 5462; x_wconf 85' lang='lat' dir='ltr'><strong>ex</strong></span> <span class='ocrx_word' id='word_1_524' title='bbox 1051 5413 1174 5460; x_wconf 85' lang='lat' dir='ltr'><strong>Mss.</strong></span> <span class='ocrx_word' id='word_1_525' title='bbox 1212 5409 1447 5475; x_wconf 75' lang='lat' dir='ltr'><strong>secundi</strong></span> <span class='ocrx_word' id='word_1_526' title='bbox 1468 5410 1695 5472; x_wconf 84' lang='lat' dir='ltr'><strong>generis,</strong></span> <span class='ocrx_word' id='word_1_527' title='bbox 1751 5410 1888 5475; x_wconf 89' lang='lat' dir='ltr'><strong>inter</strong></span> 
     </span>
    </p>
   </div>
   <div class='ocr_carea' id='block_1_74' title="bbox 221 5472 1821 5540">
    <p class='ocr_par' dir='ltr' id='par_1_74' title="bbox 221 5472 1821 5540">
     <span class='ocr_line' id='line_1_76' title="bbox 221 5472 1821 5540; baseline -0.005 -13"><span class='ocrx_word' id='word_1_528' title='bbox 221 5472 604 5540; x_wconf 26' lang='lat' dir='ltr'><strong>po‘st&#39;vulgatas</strong></span> <span class='ocrx_word' id='word_1_529' title='bbox 634 5490 697 5540; x_wconf 85' lang='lat' dir='ltr'><strong>ex</strong></span> <span class='ocrx_word' id='word_1_530' title='bbox 722 5477 870 5540; x_wconf 82' lang='lat' dir='ltr'><strong>Novo</strong></span> <span class='ocrx_word' id='word_1_531' title='bbox 892 5476 1033 5540; x_wconf 72' lang='lat' dir='ltr'><strong>Test.</strong></span> <span class='ocrx_word' id='word_1_532' title='bbox 1066 5474 1252 5524; x_wconf 88' lang='lat' dir='ltr'><strong>ordine</strong></span> <span class='ocrx_word' id='word_1_533' title='bbox 1285 5472 1821 5540; x_wconf 78' lang='lat' dir='ltr'><strong>vigesi_ma_secunda.</strong></span> 
     </span>
    </p>
   </div>
   <div class='ocr_carea' id='block_1_75' title="bbox 288 5534 1889 5612">
    <p class='ocr_par' dir='ltr' id='par_1_75' title="bbox 288 5534 1889 5612">
     <span class='ocr_line' id='line_1_77' title="bbox 288 5534 1889 5612; baseline -0.006 -22"><span class='ocrx_word' id='word_1_534' title='bbox 288 5540 361 5612; x_wconf 67' lang='grc' dir='ltr'><strong>(ρ)</strong></span> <span class='ocrx_word' id='word_1_535' title='bbox 394 5534 570 5612; x_wconf 60' lang='grc' dir='ltr'><strong>Εᾷτιθ,</strong></span> <span class='ocrx_word' id='word_1_536' title='bbox 607 5538 931 5588; x_wconf 74' lang='lat' dir='ltr'><strong>Obumbratio</strong></span> <span class='ocrx_word' id='word_1_537' title='bbox 980 5537 1234 5587; x_wconf 77' lang='lat' dir='ltr'><strong>diceretur</strong></span> <span class='ocrx_word' id='word_1_538' title='bbox 1274 5534 1486 5584; x_wconf 60' lang='lat' dir='ltr'><strong>virtutis</strong></span> <span class='ocrx_word' id='word_1_539' title='bbox 1523 5534 1630 5589; x_wconf 83' lang='lat' dir='ltr'><strong>Dei,</strong></span> <span class='ocrx_word' id='word_1_540' title='bbox 1673 5539 1889 5597; x_wconf 72' lang='lat' dir='ltr'><strong>essetque</strong></span> 
     </span>
    </p>
   </div>
   <div class='ocr_carea' id='block_1_76' title="bbox 228 5601 1890 5726">
    <p class='ocr_par' dir='ltr' id='par_1_76' title="bbox 228 5601 1890 5726">
     <span class='ocr_line' id='line_1_78' title="bbox 228 5601 1890 5726; baseline -0.004 -13"><span class='ocrx_word' id='word_1_541' title='bbox 228 5601 615 5726; x_wconf 41' lang='lat' dir='ltr'><strong>Delitfgiitgstio</strong></span> <span class='ocrx_word' id='word_1_542' title='bbox 638 5662 827 5714; x_wconf 86' lang='lat' dir='ltr'><strong>eadem</strong></span> <span class='ocrx_word' id='word_1_543' title='bbox 857 5676 920 5712; x_wconf 83' lang='lat' dir='ltr'><strong>ex</strong></span> <span class='ocrx_word' id='word_1_544' title='bbox 946 5662 1074 5726; x_wconf 82' lang='lat' dir='ltr'><strong>Mss.</strong></span> <span class='ocrx_word' id='word_1_545' title='bbox 1106 5659 1579 5726; x_wconf 74' lang='lat' dir='ltr'><strong>secundigeneris,</strong></span> <span class='ocrx_word' id='word_1_546' title='bbox 1613 5658 1751 5708; x_wconf 88' lang='lat' dir='ltr'><strong>inter</strong></span> <span class='ocrx_word' id='word_1_547' title='bbox 1768 5660 1890 5722; x_wconf 88' lang='lat' dir='ltr'><strong>post</strong></span> 
     </span>
    </p>
   </div>
   <div class='ocr_carea' id='block_1_77' title="bbox 230 5723 1669 5792">
    <p class='ocr_par' dir='ltr' id='par_1_77' title="bbox 230 5723 1669 5792">
     <span class='ocr_line' id='line_1_79' title="bbox 230 5723 1669 5792; baseline -0.006 -15"><span class='ocrx_word' id='word_1_548' title='bbox 230 5723 483 5792; x_wconf 73' lang='lat' dir='ltr'><strong>vulgatus</strong></span> <span class='ocrx_word' id='word_1_549' title='bbox 513 5740 579 5777; x_wconf 84' lang='lat' dir='ltr'><strong>ex</strong></span> <span class='ocrx_word' id='word_1_550' title='bbox 605 5726 750 5777; x_wconf 86' lang='lat' dir='ltr'><strong>Novs</strong></span> <span class='ocrx_word' id='word_1_551' title='bbox 773 5726 914 5777; x_wconf 88' lang='lat' dir='ltr'><strong>Test.</strong></span> <span class='ocrx_word' id='word_1_552' title='bbox 947 5725 1131 5777; x_wconf 81' lang='lat' dir='ltr'><strong>ardine</strong></span> <span class='ocrx_word' id='word_1_553' title='bbox 1164 5723 1438 5788; x_wconf 87' lang='lat' dir='ltr'><strong>trigesima</strong></span> <span class='ocrx_word' id='word_1_554' title='bbox 1465 5725 1669 5772; x_wconf 87' lang='lat' dir='ltr'><strong>octava.</strong></span> 
     </span>
    </p>
   </div>
   <div class='ocr_carea' id='block_1_78' title="bbox 1775 187 2153 247">
    <p class='ocr_par' dir='ltr' id='par_1_78' title="bbox 1775 187 2153 247">
     <span class='ocr_line' id='line_1_80' title="bbox 1775 187 2153 247; baseline 0.003 -1"><span class='ocrx_word' id='word_1_555' title='bbox 1775 187 2153 247; x_wconf 84' lang='lat' dir='ltr'><strong>APPENDIX.</strong></span> 
     </span>
    </p>
   </div>
   <div class='ocr_carea' id='block_1_79' title="bbox 3514 206 3657 262">
    <p class='ocr_par' dir='ltr' id='par_1_79' title="bbox 3514 206 3657 262">
     <span class='ocr_line' id='line_1_81' title="bbox 3514 206 3657 262; baseline 0 0"><span class='ocrx_word' id='word_1_556' title='bbox 3514 206 3657 262; x_wconf 69' lang='grc'><strong>2254</strong></span> 
     </span>
    </p>
   </div>
   <div class='ocr_carea' id='block_1_80' title="bbox 2002 314 3658 389">
    <p class='ocr_par' dir='ltr' id='par_1_80' title="bbox 2002 314 3658 389">
     <span class='ocr_line' id='line_1_82' title="bbox 2002 314 3658 389; baseline 0.011 -19"><span class='ocrx_word' id='word_1_557' title='bbox 2002 330 2146 388; x_wconf 90' lang='lat' dir='ltr'><strong>pore</strong></span> <span class='ocrx_word' id='word_1_558' title='bbox 2170 319 2356 389; x_wconf 84' lang='lat' dir='ltr'><strong>natus</strong></span> <span class='ocrx_word' id='word_1_559' title='bbox 2387 321 2492 373; x_wconf 90' lang='lat' dir='ltr'><strong>est.</strong></span> <span class='ocrx_word' id='word_1_560' title='bbox 2529 314 2621 375; x_wconf 92' lang='lat' dir='ltr'><strong>Sic</strong></span> <span class='ocrx_word' id='word_1_561' title='bbox 2669 323 2723 377; x_wconf 91' lang='lat' dir='ltr'><strong>et</strong></span> <span class='ocrx_word' id='word_1_562' title='bbox 2761 320 2925 377; x_wconf 91' lang='lat' dir='ltr'><strong>enim</strong></span> <span class='ocrx_word' id='word_1_563' title='bbox 2954 321 3028 378; x_wconf 90' lang='lat' dir='ltr'><strong>de</strong></span> <span class='ocrx_word' id='word_1_564' title='bbox 3061 338 3239 380; x_wconf 91' lang='lat' dir='ltr'><strong>carne</strong></span> <span class='ocrx_word' id='word_1_565' title='bbox 3271 327 3479 385; x_wconf 90' lang='lat' dir='ltr'><strong>Christi</strong></span> <span class='ocrx_word' id='word_1_566' title='bbox 3511 331 3658 389; x_wconf 83' lang='lat' dir='ltr'><strong>dixit</strong></span> 
     </span>
    </p>
   </div>
   <div class='ocr_carea' id='block_1_81' title="bbox 2004 387 3657 472">
    <p class='ocr_par' dir='ltr' id='par_1_81' title="bbox 2004 387 3657 472">
     <span class='ocr_line' id='line_1_83' title="bbox 2004 387 3657 472; baseline 0.012 -32"><span class='ocrx_word' id='word_1_567' title='bbox 2004 387 2209 472; x_wconf 61' lang='lat' dir='ltr'><strong>David,</strong></span> <span class='ocrx_word' id='word_1_568' title='bbox 2237 390 2358 442; x_wconf 81' lang='lat' dir='ltr'><strong>Non</strong></span> <span class='ocrx_word' id='word_1_569' title='bbox 2397 389 2549 472; x_wconf 59' lang='lat' dir='ltr'><strong>dabis</strong></span> <span class='ocrx_word' id='word_1_570' title='bbox 2568 398 2812 472; x_wconf 65' lang='lat' dir='ltr'><strong>sanctum</strong></span> <span class='ocrx_word' id='word_1_571' title='bbox 2853 400 3004 448; x_wconf 80' lang='lat' dir='ltr'><strong>tuum</strong></span> <span class='ocrx_word' id='word_1_572' title='bbox 3045 397 3235 451; x_wconf 83' lang='lat' dir='ltr'><strong>videre</strong></span> <span class='ocrx_word' id='word_1_573' title='bbox 3258 387 3657 472; x_wconf 62' lang='lat' dir='ltr'><strong>corruptionem</strong></span> 
     </span>
    </p>
   </div>
   <div class='ocr_carea' id='block_1_82' title="bbox 2004 460 3656 584">
    <p class='ocr_par' dir='ltr' id='par_1_82' title="bbox 2004 460 3656 584">
     <span class='ocr_line' id='line_1_84' title="bbox 2004 460 3656 584; baseline 0.012 -72"><span class='ocrx_word' id='word_1_574' title='bbox 2004 460 2187 584; x_wconf 50' lang='grc' dir='ltr'><strong>ἓξῖεαῐξ.</strong></span> <span class='ocrx_word' id='word_1_575' title='bbox 2223 476 2361 530; x_wconf 80' lang='lat' dir='ltr'><strong>XVII,</strong></span> <span class='ocrx_word' id='word_1_576' title='bbox 2394 461 2448 533; x_wconf 84' lang='lat'><strong>9)</strong></span> <span class='ocrx_word' id='word_1_577' title='bbox 2479 479 2491 516; x_wconf 89' lang='lat'><strong>:</strong></span> <span class='ocrx_word' id='word_1_578' title='bbox 2522 468 2582 517; x_wconf 92' lang='lat' dir='ltr'><strong>ut</strong></span> <span class='ocrx_word' id='word_1_579' title='bbox 2620 464 2680 517; x_wconf 92' lang='lat' dir='ltr'><strong>in</strong></span> <span class='ocrx_word' id='word_1_580' title='bbox 2730 480 2979 535; x_wconf 89' lang='lat' dir='ltr'><strong>corpore</strong></span> <span class='ocrx_word' id='word_1_581' title='bbox 3030 475 3238 524; x_wconf 87' lang='lat' dir='ltr'><strong>sancto</strong></span> <span class='ocrx_word' id='word_1_582' title='bbox 3268 469 3397 540; x_wconf 88' lang='lat' dir='ltr'><strong>ipse</strong></span> <span class='ocrx_word' id='word_1_583' title='bbox 3420 460 3656 542; x_wconf 69' lang='lat' dir='ltr'><strong>signiﬁ-</strong></span> 
     </span>
     <span class='ocr_line' id='line_1_85' title="bbox 2098 548 2187 584; baseline 0 0"><span class='ocrx_word' id='word_1_584' title='bbox 2098 548 2133 584; x_wconf 92' lang='lat' dir='ltr'><strong>u</strong></span> <span class='ocrx_word' id='word_1_585' title='bbox 2174 573 2187 584; x_wconf 92' lang='lat'><strong>.</strong></span> 
     </span>
    </p>
   </div>
   <div class='ocr_carea' id='block_1_83' title="bbox 2002 546 2187 587">
    <p class='ocr_par' dir='ltr' id='par_1_83' title="bbox 2002 546 2187 587">
     <span class='ocr_line' id='line_1_86' title="bbox 2002 546 2187 587; baseline 0.011 -2"><span class='ocrx_word' id='word_1_586' title='bbox 2002 546 2187 587; x_wconf 72' lang='lat' dir='ltr'><strong>CBIUI&#39;.</strong></span> 
     </span>
    </p>
   </div>
   <div class='ocr_carea' id='block_1_84' title="bbox 2005 602 3654 682">
    <p class='ocr_par' dir='ltr' id='par_1_84' title="bbox 2005 602 3654 682">
     <span class='ocr_line' id='line_1_87' title="bbox 2005 602 3654 682; baseline 0.01 -28"><span class='ocrx_word' id='word_1_587' title='bbox 2005 670 2015 681; x_wconf 30' lang='lat' dir='ltr'>O</span> <span class='ocrx_word' id='word_1_588' title='bbox 2044 602 2185 682; x_wconf 50' lang='lat' dir='ltr'><strong>‘Lll.</strong></span> <span class='ocrx_word' id='word_1_589' title='bbox 2209 632 2291 682; x_wconf 55' lang='grc' dir='ltr'><strong>ἶ</strong></span> <span class='ocrx_word' id='word_1_590' title='bbox 2333 603 2391 682; x_wconf 83' lang='lat' dir='ltr'><strong>Si</strong></span> <span class='ocrx_word' id='word_1_591' title='bbox 2418 602 2500 682; x_wconf 81' lang='lat' dir='ltr'><strong>de</strong></span> <span class='ocrx_word' id='word_1_592' title='bbox 2525 603 2746 682; x_wconf 86' lang='lat' dir='ltr'><strong>Spiritu</strong></span> <span class='ocrx_word' id='word_1_593' title='bbox 2790 611 2995 682; x_wconf 88' lang='lat' dir='ltr'><strong>sancto</strong></span> <span class='ocrx_word' id='word_1_594' title='bbox 3027 614 3202 682; x_wconf 81' lang='lat' dir='ltr'><strong>natus</strong></span> <span class='ocrx_word' id='word_1_595' title='bbox 3232 615 3319 665; x_wconf 91' lang='lat' dir='ltr'><strong>est</strong></span> <span class='ocrx_word' id='word_1_596' title='bbox 3374 612 3654 682; x_wconf 86' lang='lat' dir='ltr'><strong>Christus,</strong></span> 
     </span>
    </p>
   </div>
   <div class='ocr_carea' id='block_1_85' title="bbox 2001 670 3655 746">
    <p class='ocr_par' dir='ltr' id='par_1_85' title="bbox 2001 670 3655 746">
     <span class='ocr_line' id='line_1_88' title="bbox 2001 670 3655 746; baseline 0.01 -20"><span class='ocrx_word' id='word_1_597' title='bbox 2001 670 2061 726; x_wconf 92' lang='lat' dir='ltr'><strong>id</strong></span> <span class='ocrx_word' id='word_1_598' title='bbox 2088 678 2179 746; x_wconf 80' lang='lat' dir='ltr'><strong>est</strong></span> <span class='ocrx_word' id='word_1_599' title='bbox 2209 672 2419 746; x_wconf 73' lang='lat' dir='ltr'><strong>effectu</strong></span> <span class='ocrx_word' id='word_1_600' title='bbox 2450 670 2579 745; x_wconf 78' lang='lat' dir='ltr'><strong>ejus</strong></span> <span class='ocrx_word' id='word_1_601' title='bbox 2609 692 2680 731; x_wconf 86' lang='lat' dir='ltr'><strong>ex</strong></span> <span class='ocrx_word' id='word_1_602' title='bbox 2704 679 2880 733; x_wconf 85' lang='lat' dir='ltr'><strong>Maria</strong></span> <span class='ocrx_word' id='word_1_603' title='bbox 2896 694 3034 734; x_wconf 89' lang='lat' dir='ltr'><strong>caro</strong></span> <span class='ocrx_word' id='word_1_604' title='bbox 3056 679 3266 746; x_wconf 84' lang='lat' dir='ltr'><strong>factus,</strong></span> <span class='ocrx_word' id='word_1_605' title='bbox 3297 700 3402 738; x_wconf 92' lang='lat' dir='ltr'><strong>cur</strong></span> <span class='ocrx_word' id='word_1_606' title='bbox 3427 670 3655 743; x_wconf 76' lang='lat' dir='ltr'><strong>dictum</strong></span> 
     </span>
    </p>
   </div>
   <div class='ocr_carea' id='block_1_86' title="bbox 2002 743 3655 828">
    <p class='ocr_par' dir='ltr' id='par_1_86' title="bbox 2002 743 3655 828">
     <span class='ocr_line' id='line_1_89' title="bbox 2002 743 3655 828; baseline 0.01 -31"><span class='ocrx_word' id='word_1_607' title='bbox 2002 748 2113 828; x_wconf 76' lang='lat' dir='ltr'><strong>est,</strong></span> <span class='ocrx_word' id='word_1_608' title='bbox 2145 743 2446 828; x_wconf 33' lang='lat' dir='ltr'><strong>Sapientia;</strong></span> <span class='ocrx_word' id='word_1_609' title='bbox 2481 743 2615 827; x_wconf 68' lang='lat' dir='ltr'><strong>quin</strong></span> <span class='ocrx_word' id='word_1_610' title='bbox 2652 748 2853 828; x_wconf 77' lang='lat' dir='ltr'><strong>utique</strong></span> <span class='ocrx_word' id='word_1_611' title='bbox 2916 752 3176 807; x_wconf 89' lang='lat' dir='ltr'><strong>Christus</strong></span> <span class='ocrx_word' id='word_1_612' title='bbox 3227 743 3331 819; x_wconf 83' lang='lat' dir='ltr'><strong>est,</strong></span> <span class='ocrx_word' id='word_1_613' title='bbox 3364 757 3655 828; x_wconf 74' lang='lat' dir='ltr'><strong>aediﬁcavit</strong></span> 
     </span>
    </p>
   </div>
   <div class='ocr_carea' id='block_1_87' title="bbox 2000 814 2814 888">
    <p class='ocr_par' dir='ltr' id='par_1_87' title="bbox 2000 814 2814 888">
     <span class='ocr_line' id='line_1_90' title="bbox 2000 814 2814 888; baseline 0.007 -21"><span class='ocrx_word' id='word_1_614' title='bbox 2000 814 2111 888; x_wconf 77' lang='lat' dir='ltr'><strong>sibi</strong></span> <span class='ocrx_word' id='word_1_615' title='bbox 2137 815 2348 871; x_wconf 85' lang='lat' dir='ltr'><strong>domum</strong></span> <span class='ocrx_word' id='word_1_616' title='bbox 2381 814 2565 888; x_wconf 71' lang='grc' dir='ltr'><strong>(Ρτ-ὁυ.</strong></span> <span class='ocrx_word' id='word_1_617' title='bbox 2599 824 2677 881; x_wconf 86' lang='lat' dir='ltr'><strong>ix,</strong></span> <span class='ocrx_word' id='word_1_618' title='bbox 2710 814 2814 886; x_wconf 62' lang='lat' dir='ltr'><strong>tl?</strong></span> 
     </span>
    </p>
   </div>
   <div class='ocr_carea' id='block_1_88' title="bbox 2074 887 3657 967">
    <p class='ocr_par' dir='ltr' id='par_1_88' title="bbox 2074 887 3657 967">
     <span class='ocr_line' id='line_1_91' title="bbox 2074 887 3657 967; baseline 0.009 -28"><span class='ocrx_word' id='word_1_619' title='bbox 2074 887 2331 967; x_wconf 77' lang='lat' dir='ltr'><strong>Quaestio</strong></span> <span class='ocrx_word' id='word_1_620' title='bbox 2363 887 2474 967; x_wconf 77' lang='lat' dir='ltr'><strong>ista</strong></span> <span class='ocrx_word' id='word_1_621' title='bbox 2500 890 2996 967; x_wconf 74' lang='lat' dir='ltr'><strong>geminaratione</strong></span> <span class='ocrx_word' id='word_1_622' title='bbox 3029 898 3223 967; x_wconf 87' lang='lat' dir='ltr'><strong>potest</strong></span> <span class='ocrx_word' id='word_1_623' title='bbox 3249 895 3513 967; x_wconf 89' lang='lat' dir='ltr'><strong>intelligi.</strong></span> <span class='ocrx_word' id='word_1_624' title='bbox 3537 900 3657 954; x_wconf 86' lang='lat' dir='ltr'><strong>Pri-</strong></span> 
     </span>
    </p>
   </div>
   <div class='ocr_carea' id='block_1_89' title="bbox 2002 958 3657 1037">
    <p class='ocr_par' dir='ltr' id='par_1_89' title="bbox 2002 958 3657 1037">
     <span class='ocr_line' id='line_1_92' title="bbox 2002 958 3657 1037; baseline 0.009 -26"><span class='ocrx_word' id='word_1_625' title='bbox 2002 972 2172 1037; x_wconf 86' lang='lat' dir='ltr'><strong>mum</strong></span> <span class='ocrx_word' id='word_1_626' title='bbox 2193 958 2351 1037; x_wconf 81' lang='lat' dir='ltr'><strong>enim</strong></span> <span class='ocrx_word' id='word_1_627' title='bbox 2383 960 2600 1037; x_wconf 83' lang='lat' dir='ltr'><strong>domus</strong></span> <span class='ocrx_word' id='word_1_628' title='bbox 2630 962 2839 1017; x_wconf 89' lang='lat' dir='ltr'><strong>Christi</strong></span> <span class='ocrx_word' id='word_1_629' title='bbox 2862 958 3115 1037; x_wconf 75' lang='lat' dir='ltr'><strong>Ecclesia</strong></span> <span class='ocrx_word' id='word_1_630' title='bbox 3134 971 3241 1029; x_wconf 91' lang='lat' dir='ltr'><strong>est,</strong></span> <span class='ocrx_word' id='word_1_631' title='bbox 3272 958 3657 1037; x_wconf 65' lang='lat' dir='ltr'><strong>quernaediﬁ-</strong></span> 
     </span>
    </p>
   </div>
   <div class='ocr_carea' id='block_1_90' title="bbox 2002 1030 3657 1108">
    <p class='ocr_par' dir='ltr' id='par_1_90' title="bbox 2002 1030 3657 1108">
     <span class='ocr_line' id='line_1_93' title="bbox 2002 1030 3657 1108; baseline 0.008 -26"><span class='ocrx_word' id='word_1_632' title='bbox 2002 1030 2608 1108; x_wconf 33' lang='lat' dir='ltr'><strong>cavit.sibi__sa_n_guine</strong></span> <span class='ocrx_word' id='word_1_633' title='bbox 2642 1049 2773 1108; x_wconf 85' lang='lat' dir='ltr'><strong>suo.</strong></span> <span class='ocrx_word' id='word_1_634' title='bbox 2802 1035 3210 1108; x_wconf 87' lang='lat' dir='ltr'><strong>Deindeetiam</strong></span> <span class='ocrx_word' id='word_1_635' title='bbox 3244 1030 3435 1108; x_wconf 77' lang='lat' dir='ltr'><strong>potest</strong></span> <span class='ocrx_word' id='word_1_636' title='bbox 3456 1046 3511 1095; x_wconf 92' lang='lat' dir='ltr'><strong>et</strong></span> <span class='ocrx_word' id='word_1_637' title='bbox 3533 1055 3657 1096; x_wconf 91' lang='lat' dir='ltr'><strong>cor-</strong></span> 
     </span>
    </p>
   </div>
   <div class='ocr_carea' id='block_1_91' title="bbox 2001 1101 3654 1183">
    <p class='ocr_par' dir='ltr' id='par_1_91' title="bbox 2001 1101 3654 1183">
     <span class='ocr_line' id='line_1_94' title="bbox 2001 1101 3654 1183; baseline 0.009 -30"><span class='ocrx_word' id='word_1_638' title='bbox 2001 1115 2114 1180; x_wconf 79' lang='lat' dir='ltr'><strong>pus</strong></span> <span class='ocrx_word' id='word_1_639' title='bbox 2128 1101 2177 1171; x_wconf 90' lang='lat' dir='ltr'><strong>ej</strong></span> <span class='ocrx_word' id='word_1_640' title='bbox 2191 1101 2385 1183; x_wconf 64' lang='lat' dir='ltr'><strong>usdici</strong></span> <span class='ocrx_word' id='word_1_641' title='bbox 2411 1104 2848 1183; x_wconf 79' lang='lat' dir='ltr'><strong>domusipsius,</strong></span> <span class='ocrx_word' id='word_1_642' title='bbox 2868 1101 3261 1183; x_wconf 74' lang='lat' dir='ltr'><strong>sicutdicitur</strong></span> <span class='ocrx_word' id='word_1_643' title='bbox 3280 1116 3335 1183; x_wconf 80' lang='lat' dir='ltr'><strong>et</strong></span> <span class='ocrx_word' id='word_1_644' title='bbox 3365 1112 3654 1183; x_wconf 88' lang='lat' dir='ltr'><strong>templum</strong></span> 
     </span>
    </p>
   </div>
   <div class='ocr_carea' id='block_1_92' title="bbox 2001 1173 3657 1245">
    <p class='ocr_par' dir='ltr' id='par_1_92' title="bbox 2001 1173 3657 1245">
     <span class='ocr_line' id='line_1_95' title="bbox 2001 1173 3657 1245; baseline 0.008 -20"><span class='ocrx_word' id='word_1_645' title='bbox 2001 1173 2155 1245; x_wconf 80' lang='lat' dir='ltr'><strong>ejus.</strong></span> <span class='ocrx_word' id='word_1_646' title='bbox 2212 1173 2268 1226; x_wconf 92' lang='lat' dir='ltr'><strong>Si</strong></span> <span class='ocrx_word' id='word_1_647' title='bbox 2288 1173 2453 1245; x_wconf 86' lang='lat' dir='ltr'><strong>enim</strong></span> <span class='ocrx_word' id='word_1_648' title='bbox 2515 1181 2755 1245; x_wconf 87' lang='lat' dir='ltr'><strong>propter</strong></span> <span class='ocrx_word' id='word_1_649' title='bbox 2785 1175 3212 1233; x_wconf 89' lang='lat' dir='ltr'><strong>habitationem</strong></span> <span class='ocrx_word' id='word_1_650' title='bbox 3261 1173 3657 1238; x_wconf 55' lang='lat' dir='ltr'><strong>dicitur&#39;tem-</strong></span> 
     </span>
    </p>
   </div>
   <div class='ocr_carea' id='block_1_93' title="bbox 2000 1241 3656 1323">
    <p class='ocr_par' dir='ltr' id='par_1_93' title="bbox 2000 1241 3656 1323">
     <span class='ocr_line' id='line_1_96' title="bbox 2000 1241 3656 1323; baseline 0.007 -27"><span class='ocrx_word' id='word_1_651' title='bbox 2000 1241 2167 1321; x_wconf 84' lang='lat' dir='ltr'><strong>plum</strong></span> <span class='ocrx_word' id='word_1_652' title='bbox 2202 1244 2328 1323; x_wconf 57' lang='lat' dir='ltr'><strong>Dei,</strong></span> <span class='ocrx_word' id='word_1_653' title='bbox 2354 1260 2474 1299; x_wconf 92' lang='lat' dir='ltr'><strong>non</strong></span> <span class='ocrx_word' id='word_1_654' title='bbox 2508 1241 3099 1323; x_wconf 65' lang='lat' dir='ltr'><strong>absurdediceturet</strong></span> <span class='ocrx_word' id='word_1_655' title='bbox 3128 1249 3368 1320; x_wconf 91' lang='lat' dir='ltr'><strong>domus,</strong></span> <span class='ocrx_word' id='word_1_656' title='bbox 3396 1254 3543 1308; x_wconf 92' lang='lat' dir='ltr'><strong>sicut</strong></span> <span class='ocrx_word' id='word_1_657' title='bbox 3570 1254 3656 1308; x_wconf 89' lang='lat' dir='ltr'><strong>le-</strong></span> 
     </span>
    </p>
   </div>
   <div class='ocr_carea' id='block_1_94' title="bbox 2001 1314 3655 1389">
    <p class='ocr_par' dir='ltr' id='par_1_94' title="bbox 2001 1314 3655 1389">
     <span class='ocr_line' id='line_1_97' title="bbox 2001 1314 3655 1389; baseline 0.008 -22"><span class='ocrx_word' id='word_1_658' title='bbox 2001 1314 2199 1383; x_wconf 88' lang='lat' dir='ltr'><strong>gimus</strong></span> <span class='ocrx_word' id='word_1_659' title='bbox 2226 1314 2283 1368; x_wconf 91' lang='lat' dir='ltr'><strong>in</strong></span> <span class='ocrx_word' id='word_1_660' title='bbox 2308 1314 2481 1384; x_wconf 90' lang='lat' dir='ltr'><strong>Lege.</strong></span> <span class='ocrx_word' id='word_1_661' title='bbox 2508 1317 2619 1371; x_wconf 90' lang='lat' dir='ltr'><strong>Sed</strong></span> <span class='ocrx_word' id='word_1_662' title='bbox 2643 1316 2691 1370; x_wconf 90' lang='lat' dir='ltr'><strong>si</strong></span> <span class='ocrx_word' id='word_1_663' title='bbox 2714 1316 2927 1372; x_wconf 75' lang='lat' dir='ltr'><strong>effectu</strong></span> <span class='ocrx_word' id='word_1_664' title='bbox 2948 1320 3197 1389; x_wconf 89' lang='lat' dir='ltr'><strong>Spiritus</strong></span> <span class='ocrx_word' id='word_1_665' title='bbox 3223 1314 3410 1377; x_wconf 76' lang='lat' dir='ltr'><strong>sancti</strong></span> <span class='ocrx_word' id='word_1_666' title='bbox 3433 1324 3655 1379; x_wconf 88' lang='lat' dir='ltr'><strong>factum</strong></span> 
     </span>
    </p>
   </div>
   <div class='ocr_carea' id='block_1_95' title="bbox 2000 1388 3656 1467">
    <p class='ocr_par' dir='ltr' id='par_1_95' title="bbox 2000 1388 3656 1467">
     <span class='ocr_line' id='line_1_98' title="bbox 2000 1388 3656 1467; baseline 0.006 -27"><span class='ocrx_word' id='word_1_667' title='bbox 2000 1389 2092 1467; x_wconf 80' lang='lat' dir='ltr'><strong>est</strong></span> <span class='ocrx_word' id='word_1_668' title='bbox 2121 1401 2356 1456; x_wconf 88' lang='lat' dir='ltr'><strong>corpus,</strong></span> <span class='ocrx_word' id='word_1_669' title='bbox 2387 1393 2441 1441; x_wconf 93' lang='lat' dir='ltr'><strong>et</strong></span> <span class='ocrx_word' id='word_1_670' title='bbox 2471 1388 2720 1467; x_wconf 59' lang='lat' dir='ltr'><strong>domum</strong></span> <span class='ocrx_word' id='word_1_671' title='bbox 2741 1388 3046 1467; x_wconf 75' lang='lat' dir='ltr'><strong>possediCi</strong></span> <span class='ocrx_word' id='word_1_672' title='bbox 3076 1392 3656 1467; x_wconf 86' lang='lat' dir='ltr'><strong>arbitramur.quare</strong></span> 
     </span>
    </p>
   </div>
   <div class='ocr_carea' id='block_1_96' title="bbox 2001 1455 3657 1533">
    <p class='ocr_par' dir='ltr' id='par_1_96' title="bbox 2001 1455 3657 1533">
     <span class='ocr_line' id='line_1_99' title="bbox 2001 1455 3657 1533; baseline 0.006 -23"><span class='ocrx_word' id='word_1_673' title='bbox 2001 1455 2079 1533; x_wconf 85' lang='lat' dir='ltr'><strong>ad</strong></span> <span class='ocrx_word' id='word_1_674' title='bbox 2110 1455 2432 1533; x_wconf 69' lang='lat' dir='ltr'><strong>personam</strong></span> <span class='ocrx_word' id='word_1_675' title='bbox 2487 1458 2696 1513; x_wconf 90' lang='lat' dir='ltr'><strong>Christi</strong></span> <span class='ocrx_word' id='word_1_676' title='bbox 2730 1455 2978 1533; x_wconf 79' lang='lat' dir='ltr'><strong>relatum</strong></span> <span class='ocrx_word' id='word_1_677' title='bbox 3036 1468 3141 1526; x_wconf 91' lang='lat' dir='ltr'><strong>est,</strong></span> <span class='ocrx_word' id='word_1_678' title='bbox 3177 1455 3657 1533; x_wconf 42' lang='lat' dir='ltr'><strong>quaeriturfFac-</strong></span> 
     </span>
    </p>
   </div>
   <div class='ocr_carea' id='block_1_97' title="bbox 2002 1526 3656 1606">
    <p class='ocr_par' dir='ltr' id='par_1_97' title="bbox 2002 1526 3656 1606">
     <span class='ocr_line' id='line_1_100' title="bbox 2002 1526 3656 1606; baseline 0.005 -24"><span class='ocrx_word' id='word_1_679' title='bbox 2002 1526 2125 1606; x_wconf 81' lang='lat' dir='ltr'><strong>tum</strong></span> <span class='ocrx_word' id='word_1_680' title='bbox 2179 1526 2324 1606; x_wconf 85' lang='lat' dir='ltr'><strong>Filii,</strong></span> <span class='ocrx_word' id='word_1_681' title='bbox 2358 1528 2582 1606; x_wconf 57' lang='lat' dir='ltr'><strong>factum</strong></span> <span class='ocrx_word' id='word_1_682' title='bbox 2630 1531 2836 1606; x_wconf 77' lang='lat' dir='ltr'><strong>Patris</strong></span> <span class='ocrx_word' id='word_1_683' title='bbox 2864 1538 2994 1606; x_wconf 38' lang='lat' dir='ltr'><strong>est,‘</strong></span> <span class='ocrx_word' id='word_1_684' title='bbox 3017 1533 3160 1603; x_wconf 88' lang='lat' dir='ltr'><strong>quia</strong></span> <span class='ocrx_word' id='word_1_685' title='bbox 3193 1526 3502 1606; x_wconf 78' lang='lat' dir='ltr'><strong>utriusque</strong></span> <span class='ocrx_word' id='word_1_686' title='bbox 3534 1552 3656 1591; x_wconf 88' lang='lat' dir='ltr'><strong>una</strong></span> 
     </span>
    </p>
   </div>
   <div class='ocr_carea' id='block_1_98' title="bbox 2001 1600 3656 1680">
    <p class='ocr_par' dir='ltr' id='par_1_98' title="bbox 2001 1600 3656 1680">
     <span class='ocr_line' id='line_1_101' title="bbox 2001 1600 3656 1680; baseline 0.006 -28"><span class='ocrx_word' id='word_1_687' title='bbox 2001 1600 2321 1680; x_wconf 65' lang='lat' dir='ltr'><strong>viriusest.</strong></span> <span class='ocrx_word' id='word_1_688' title='bbox 2564 1601 2747 1680; x_wconf 84' lang='lat' dir='ltr'><strong>modo</strong></span> <span class='ocrx_word' id='word_1_689' title='bbox 2766 1602 2942 1657; x_wconf 89' lang='lat' dir='ltr'><strong>etiam</strong></span> <span class='ocrx_word' id='word_1_690' title='bbox 2972 1600 3193 1659; x_wconf 82' lang='lat' dir='ltr'><strong>factum</strong></span> <span class='ocrx_word' id='word_1_691' title='bbox 3219 1600 3475 1680; x_wconf 79' lang='lat' dir='ltr'><strong>Spiritus</strong></span> <span class='ocrx_word' id='word_1_692' title='bbox 3490 1623 3656 1662; x_wconf 90' lang='lat' dir='ltr'><strong>sanc-</strong></span> 
     </span>
    </p>
   </div>
   <div class='ocr_carea' id='block_1_99' title="bbox 2002 1670 3654 1744">
    <p class='ocr_par' dir='ltr' id='par_1_99' title="bbox 2002 1670 3654 1744">
     <span class='ocr_line' id='line_1_102' title="bbox 2002 1670 3654 1744; baseline 0.005 -19"><span class='ocrx_word' id='word_1_693' title='bbox 2002 1670 2058 1744; x_wconf 90' lang='lat' dir='ltr'><strong>ti,</strong></span> <span class='ocrx_word' id='word_1_694' title='bbox 2093 1670 2319 1744; x_wconf 83' lang='lat' dir='ltr'><strong>factum</strong></span> <span class='ocrx_word' id='word_1_695' title='bbox 2351 1672 2470 1727; x_wconf 82' lang='lat' dir='ltr'><strong>Filii</strong></span> <span class='ocrx_word' id='word_1_696' title='bbox 2504 1672 2605 1726; x_wconf 91' lang='lat' dir='ltr'><strong>Dei</strong></span> <span class='ocrx_word' id='word_1_697' title='bbox 2637 1677 2743 1737; x_wconf 90' lang='lat' dir='ltr'><strong>est,</strong></span> <span class='ocrx_word' id='word_1_698' title='bbox 2773 1680 3016 1744; x_wconf 87' lang='lat' dir='ltr'><strong>propter</strong></span> <span class='ocrx_word' id='word_1_699' title='bbox 3044 1670 3273 1731; x_wconf 58' lang='lat' dir='ltr'><strong>naturai</strong></span> <span class='ocrx_word' id='word_1_700' title='bbox 3305 1683 3361 1732; x_wconf 92' lang='lat' dir='ltr'><strong>et</strong></span> <span class='ocrx_word' id='word_1_701' title='bbox 3387 1678 3654 1735; x_wconf 89' lang='lat' dir='ltr'><strong>volunta-</strong></span> 
     </span>
    </p>
   </div>
   <div class='ocr_carea' id='block_1_100' title="bbox 2002 1741 3647 1814">
    <p class='ocr_par' dir='ltr' id='par_1_100' title="bbox 2002 1741 3647 1814">
     <span class='ocr_line' id='line_1_103' title="bbox 2002 1741 3647 1814; baseline 0.005 -18"><span class='ocrx_word' id='word_1_702' title='bbox 2002 1741 2077 1814; x_wconf 87' lang='lat' dir='ltr'><strong>tis</strong></span> <span class='ocrx_word' id='word_1_703' title='bbox 2112 1741 2417 1814; x_wconf 87' lang='lat' dir='ltr'><strong>unitatem.</strong></span> <span class='ocrx_word' id='word_1_704' title='bbox 2476 1744 2608 1798; x_wconf 88' lang='lat' dir='ltr'><strong>Sive</strong></span> <span class='ocrx_word' id='word_1_705' title='bbox 2636 1741 2793 1798; x_wconf 83' lang='lat' dir='ltr'><strong>enim</strong></span> <span class='ocrx_word' id='word_1_706' title='bbox 2826 1741 2998 1800; x_wconf 79' lang='lat' dir='ltr'><strong>Pater</strong></span> <span class='ocrx_word' id='word_1_707' title='bbox 3056 1746 3250 1813; x_wconf 85' lang='lat' dir='ltr'><strong>faciat,</strong></span> <span class='ocrx_word' id='word_1_708' title='bbox 3286 1748 3410 1803; x_wconf 90' lang='lat' dir='ltr'><strong>sive</strong></span> <span class='ocrx_word' id='word_1_709' title='bbox 3446 1749 3647 1814; x_wconf 86' lang='lat' dir='ltr'><strong>Filius.</strong></span> 
     </span>
    </p>
   </div>
   <div class='ocr_carea' id='block_1_101' title="bbox 2000 1812 3656 1889">
    <p class='ocr_par' dir='ltr' id='par_1_101' title="bbox 2000 1812 3656 1889">
     <span class='ocr_line' id='line_1_104' title="bbox 2000 1812 3656 1889; baseline 0.007 -24"><span class='ocrx_word' id='word_1_710' title='bbox 2000 1812 2402 1889; x_wconf 26' lang='lat' dir='ltr'><strong>sive‘Spiritus</strong></span> <span class='ocrx_word' id='word_1_711' title='bbox 2428 1821 2690 1889; x_wconf 79' lang='lat' dir='ltr'><strong>sanctus,</strong></span> <span class='ocrx_word' id='word_1_712' title='bbox 2714 1816 2963 1889; x_wconf 85' lang='lat' dir='ltr'><strong>Trinitas</strong></span> <span class='ocrx_word' id='word_1_713' title='bbox 2985 1822 3072 1872; x_wconf 88' lang='lat' dir='ltr'><strong>est</strong></span> <span class='ocrx_word' id='word_1_714' title='bbox 3098 1834 3232 1888; x_wconf 85' lang='lat' dir='ltr'><strong>quae</strong></span> <span class='ocrx_word' id='word_1_715' title='bbox 3257 1827 3568 1889; x_wconf 89' lang='lat' dir='ltr'><strong>operatur:</strong></span> <span class='ocrx_word' id='word_1_716' title='bbox 3599 1812 3656 1877; x_wconf 84' lang='lat' dir='ltr'><strong>et</strong></span> 
     </span>
    </p>
   </div>
   <div class='ocr_carea' id='block_1_102' title="bbox 2000 1884 3534 1959">
    <p class='ocr_par' dir='ltr' id='par_1_102' title="bbox 2000 1884 3534 1959">
     <span class='ocr_line' id='line_1_105' title="bbox 2000 1884 3534 1959; baseline 0.006 -22"><span class='ocrx_word' id='word_1_717' title='bbox 2000 1884 2289 1959; x_wconf 66' lang='lat' dir='ltr'><strong>quidquid</strong></span> <span class='ocrx_word' id='word_1_718' title='bbox 2323 1886 2469 1959; x_wconf 87' lang='lat' dir='ltr'><strong>Tres</strong></span> <span class='ocrx_word' id='word_1_719' title='bbox 2486 1885 2748 1959; x_wconf 76' lang='lat' dir='ltr'><strong>fecerint,</strong></span> <span class='ocrx_word' id='word_1_720' title='bbox 2788 1888 2893 1959; x_wconf 87' lang='lat' dir='ltr'><strong>Dei</strong></span> <span class='ocrx_word' id='word_1_721' title='bbox 2918 1888 3095 1943; x_wconf 89' lang='lat' dir='ltr'><strong>unius</strong></span> <span class='ocrx_word' id='word_1_722' title='bbox 3122 1884 3213 1944; x_wconf 84' lang='lat' dir='ltr'><strong>est</strong></span> <span class='ocrx_word' id='word_1_723' title='bbox 3242 1884 3534 1959; x_wconf 82' lang='lat' dir='ltr'><strong>operatio.</strong></span> 
     </span>
    </p>
   </div>
   <div class='ocr_carea' id='block_1_103' title="bbox 2070 1955 3656 2031">
    <p class='ocr_par' dir='ltr' id='par_1_103' title="bbox 2070 1955 3656 2031">
     <span class='ocr_line' id='line_1_106' title="bbox 2070 1955 3656 2031; baseline 0.003 -22"><span class='ocrx_word' id='word_1_724' title='bbox 2070 1955 2146 2031; x_wconf 64' lang='grc' dir='ltr'><strong>(α)</strong></span> <span class='ocrx_word' id='word_1_725' title='bbox 2175 1955 2591 2031; x_wconf 55' lang='lat' dir='ltr'><strong>Factumjilii,</strong></span> <span class='ocrx_word' id='word_1_726' title='bbox 2612 1957 2835 2031; x_wconf 77' lang='lat' dir='ltr'><strong>factum</strong></span> <span class='ocrx_word' id='word_1_727' title='bbox 2866 1958 3055 2031; x_wconf 85' lang='lat' dir='ltr'><strong>Patris</strong></span> <span class='ocrx_word' id='word_1_728' title='bbox 3086 1966 3172 2014; x_wconf 92' lang='lat' dir='ltr'><strong>est</strong></span> <span class='ocrx_word' id='word_1_729' title='bbox 3198 1977 3210 2025; x_wconf 92' lang='lat'>;</span> <span class='ocrx_word' id='word_1_730' title='bbox 3242 1955 3384 2031; x_wconf 80' lang='lat' dir='ltr'><strong>quia</strong></span> <span class='ocrx_word' id='word_1_731' title='bbox 3409 1976 3527 2017; x_wconf 90' lang='lat' dir='ltr'><strong>una</strong></span> <span class='ocrx_word' id='word_1_732' title='bbox 3548 1962 3656 2015; x_wconf 88' lang='lat' dir='ltr'><strong>vir-</strong></span> 
     </span>
    </p>
   </div>
   <div class='ocr_carea' id='block_1_104' title="bbox 1999 2026 3647 2101">
    <p class='ocr_par' dir='ltr' id='par_1_104' title="bbox 1999 2026 3647 2101">
     <span class='ocr_line' id='line_1_107' title="bbox 1999 2026 3647 2101; baseline 0.004 -22"><span class='ocrx_word' id='word_1_733' title='bbox 1999 2031 2090 2101; x_wconf 68' lang='lat' dir='ltr'><strong>ius</strong></span> <span class='ocrx_word' id='word_1_734' title='bbox 2124 2026 2307 2101; x_wconf 78' lang='lat' dir='ltr'><strong>Patris</strong></span> <span class='ocrx_word' id='word_1_735' title='bbox 2336 2033 2392 2101; x_wconf 86' lang='lat' dir='ltr'><strong>et</strong></span> <span class='ocrx_word' id='word_1_736' title='bbox 2424 2027 2543 2101; x_wconf 80' lang='lat' dir='ltr'><strong>Filii</strong></span> <span class='ocrx_word' id='word_1_737' title='bbox 2584 2033 2703 2101; x_wconf 77' lang='lat' dir='ltr'><strong>est.</strong></span> <span class='ocrx_word' id='word_1_738' title='bbox 2739 2028 2835 2083; x_wconf 89' lang='lat' dir='ltr'><strong>Sic</strong></span> <span class='ocrx_word' id='word_1_739' title='bbox 2882 2030 3106 2085; x_wconf 86' lang='lat' dir='ltr'><strong>factum</strong></span> <span class='ocrx_word' id='word_1_740' title='bbox 3160 2026 3408 2101; x_wconf 74' lang='lat' dir='ltr'><strong>Spiritus</strong></span> <span class='ocrx_word' id='word_1_741' title='bbox 3436 2033 3647 2097; x_wconf 89' lang='lat' dir='ltr'><strong>sancti,</strong></span> 
     </span>
    </p>
   </div>
   <div class='ocr_carea' id='block_1_105' title="bbox 1998 2095 3649 2181">
    <p class='ocr_par' dir='ltr' id='par_1_105' title="bbox 1998 2095 3649 2181">
     <span class='ocr_line' id='line_1_108' title="bbox 1998 2095 3649 2181; baseline 0.004 -30"><span class='ocrx_word' id='word_1_742' title='bbox 1998 2095 2219 2152; x_wconf 88' lang='lat' dir='ltr'><strong>factum</strong></span> <span class='ocrx_word' id='word_1_743' title='bbox 2236 2097 2446 2154; x_wconf 87' lang='lat' dir='ltr'><strong>Christi</strong></span> <span class='ocrx_word' id='word_1_744' title='bbox 2468 2106 2587 2181; x_wconf 44' lang='grc' dir='ltr'><strong>θεέ)</strong></span> <span class='ocrx_word' id='word_1_745' title='bbox 2605 2100 3036 2181; x_wconf 41' lang='lat' dir='ltr'><strong>quiahdeipsius</strong></span> <span class='ocrx_word' id='word_1_746' title='bbox 3050 2095 3649 2181; x_wconf 74' lang='lat' dir='ltr'><strong>accepit.S_ecundum</strong></span> 
     </span>
    </p>
   </div>
   <div class='ocr_carea' id='block_1_106' title="bbox 1998 2171 3652 2243">
    <p class='ocr_par' dir='ltr' id='par_1_106' title="bbox 1998 2171 3652 2243">
     <span class='ocr_line' id='line_1_109' title="bbox 1998 2171 3652 2243; baseline 0.005 -21"><span class='ocrx_word' id='word_1_747' title='bbox 1998 2184 2311 2243; x_wconf 89' lang='lat' dir='ltr'><strong>personam</strong></span> <span class='ocrx_word' id='word_1_748' title='bbox 2334 2185 2476 2243; x_wconf 90' lang='lat' dir='ltr'><strong>ergo</strong></span> <span class='ocrx_word' id='word_1_749' title='bbox 2498 2171 2707 2226; x_wconf 86' lang='lat' dir='ltr'><strong>effectu</strong></span> <span class='ocrx_word' id='word_1_750' title='bbox 2737 2171 2986 2243; x_wconf 88' lang='lat' dir='ltr'><strong>Spiritus</strong></span> <span class='ocrx_word' id='word_1_751' title='bbox 3010 2171 3209 2228; x_wconf 81' lang='lat' dir='ltr'><strong>sancti</strong></span> <span class='ocrx_word' id='word_1_752' title='bbox 3226 2174 3486 2228; x_wconf 90' lang='lat' dir='ltr'><strong>Christus</strong></span> <span class='ocrx_word' id='word_1_753' title='bbox 3514 2189 3652 2230; x_wconf 91' lang='lat' dir='ltr'><strong>caro</strong></span> 
     </span>
    </p>
   </div>
   <div class='ocr_carea' id='block_1_107' title="bbox 1999 2242 3654 2300">
    <p class='ocr_par' dir='ltr' id='par_1_107' title="bbox 1999 2242 3654 2300">
     <span class='ocr_line' id='line_1_110' title="bbox 1999 2242 3654 2300; baseline 0.004 -6"><span class='ocrx_word' id='word_1_754' title='bbox 1999 2242 2187 2295; x_wconf 88' lang='lat' dir='ltr'><strong>factus</strong></span> <span class='ocrx_word' id='word_1_755' title='bbox 2217 2247 2324 2300; x_wconf 89' lang='lat' dir='ltr'><strong>est.</strong></span> <span class='ocrx_word' id='word_1_756' title='bbox 2354 2242 2412 2296; x_wconf 90' lang='lat' dir='ltr'><strong>id</strong></span> <span class='ocrx_word' id='word_1_757' title='bbox 2445 2247 2532 2297; x_wconf 92' lang='lat' dir='ltr'><strong>est</strong></span> <span class='ocrx_word' id='word_1_758' title='bbox 2557 2244 2741 2298; x_wconf 91' lang='lat' dir='ltr'><strong>homo</strong></span> <span class='ocrx_word' id='word_1_759' title='bbox 2782 2242 2987 2298; x_wconf 88' lang='lat' dir='ltr'><strong>natus:</strong></span> <span class='ocrx_word' id='word_1_760' title='bbox 3023 2245 3355 2299; x_wconf 89' lang='lat' dir='ltr'><strong>secundum</strong></span> <span class='ocrx_word' id='word_1_761' title='bbox 3383 2244 3654 2300; x_wconf 86' lang='lat' dir='ltr'><strong>divinita-</strong></span> 
     </span>
    </p>
   </div>
   <div class='ocr_carea' id='block_1_108' title="bbox 2000 2312 3655 2385">
    <p class='ocr_par' dir='ltr' id='par_1_108' title="bbox 2000 2312 3655 2385">
     <span class='ocr_line' id='line_1_111' title="bbox 2000 2312 3655 2385; baseline 0.004 -20"><span class='ocrx_word' id='word_1_762' title='bbox 2000 2317 2115 2385; x_wconf 90' lang='lat' dir='ltr'><strong>t_em</strong></span> <span class='ocrx_word' id='word_1_763' title='bbox 2162 2318 2359 2367; x_wconf 91' lang='lat' dir='ltr'><strong>autem</strong></span> <span class='ocrx_word' id='word_1_764' title='bbox 2415 2312 2676 2369; x_wconf 86' lang='lat' dir='ltr'><strong>Christus</strong></span> <span class='ocrx_word' id='word_1_765' title='bbox 2728 2318 3011 2385; x_wconf 88' lang='lat' dir='ltr'><strong>operatus</strong></span> <span class='ocrx_word' id='word_1_766' title='bbox 3050 2321 3138 2370; x_wconf 90' lang='lat' dir='ltr'><strong>est</strong></span> <span class='ocrx_word' id='word_1_767' title='bbox 3189 2315 3247 2371; x_wconf 92' lang='lat' dir='ltr'><strong>in</strong></span> <span class='ocrx_word' id='word_1_768' title='bbox 3307 2316 3556 2385; x_wconf 88' lang='lat' dir='ltr'><strong>Virgine,</strong></span> <span class='ocrx_word' id='word_1_769' title='bbox 3592 2321 3655 2371; x_wconf 91' lang='lat' dir='ltr'><strong>ut</strong></span> 
     </span>
    </p>
   </div>
   <div class='ocr_carea' id='block_1_109' title="bbox 1997 2381 3640 2455">
    <p class='ocr_par' dir='ltr' id='par_1_109' title="bbox 1997 2381 3640 2455">
     <span class='ocr_line' id='line_1_112' title="bbox 1997 2381 3640 2455; baseline 0.003 -19"><span class='ocrx_word' id='word_1_770' title='bbox 1997 2381 2161 2455; x_wconf 85' lang='lat' dir='ltr'><strong>ﬁeret</strong></span> <span class='ocrx_word' id='word_1_771' title='bbox 2198 2399 2358 2438; x_wconf 90' lang='lat' dir='ltr'><strong>caro.</strong></span> <span class='ocrx_word' id='word_1_772' title='bbox 2405 2385 2554 2449; x_wconf 89' lang='lat' dir='ltr'><strong>Quia</strong></span> <span class='ocrx_word' id='word_1_773' title='bbox 2584 2381 2832 2455; x_wconf 77' lang='lat' dir='ltr'><strong>Spiritus</strong></span> <span class='ocrx_word' id='word_1_774' title='bbox 2864 2387 3051 2441; x_wconf 90' lang='lat' dir='ltr'><strong>sancti</strong></span> <span class='ocrx_word' id='word_1_775' title='bbox 3083 2391 3141 2441; x_wconf 92' lang='lat' dir='ltr'><strong>et</strong></span> <span class='ocrx_word' id='word_1_776' title='bbox 3170 2387 3379 2443; x_wconf 86' lang='lat' dir='ltr'><strong>Christi</strong></span> <span class='ocrx_word' id='word_1_777' title='bbox 3406 2381 3640 2442; x_wconf 77' lang='lat' dir='ltr'><strong>unadi-</strong></span> 
     </span>
    </p>
   </div>
   <div class='ocr_carea' id='block_1_110' title="bbox 1998 2454 3652 2579">
    <p class='ocr_par' dir='ltr' id='par_1_110' title="bbox 1998 2454 3652 2579">
     <span class='ocr_line' id='line_1_113' title="bbox 1998 2454 3652 2579; baseline 0.004 -74"><span class='ocrx_word' id='word_1_778' title='bbox 1998 2454 2210 2579; x_wconf 53' lang='lat' dir='ltr'><strong>Eitrliitats</strong></span> <span class='ocrx_word' id='word_1_779' title='bbox 2236 2460 2323 2579; x_wconf 55' lang='lat' dir='ltr'><strong>es:</strong></span> <span class='ocrx_word' id='word_1_780' title='bbox 2366 2475 2377 2519; x_wconf 87' lang='lat'><strong>;</strong></span> <span class='ocrx_word' id='word_1_781' title='bbox 2411 2471 2481 2511; x_wconf 92' lang='lat' dir='ltr'><strong>ac</strong></span> <span class='ocrx_word' id='word_1_782' title='bbox 2512 2454 2754 2527; x_wconf 13' lang='lat' dir='ltr'><strong>perihoc</strong></span> <span class='ocrx_word' id='word_1_783' title='bbox 2798 2473 2951 2527; x_wconf 91' lang='lat' dir='ltr'><strong>opus</strong></span> <span class='ocrx_word' id='word_1_784' title='bbox 2982 2458 3234 2529; x_wconf 88' lang='lat' dir='ltr'><strong>Spiritus</strong></span> <span class='ocrx_word' id='word_1_785' title='bbox 3265 2459 3471 2521; x_wconf 89' lang='lat' dir='ltr'><strong>sancti,</strong></span> <span class='ocrx_word' id='word_1_786' title='bbox 3500 2472 3652 2530; x_wconf 89' lang='lat' dir='ltr'><strong>opus</strong></span> 
     </span>
     <span class='ocr_line' id='line_1_114' title="bbox 2086 2541 2347 2579; baseline 0.011 -2"><span class='ocrx_word' id='word_1_787' title='bbox 2086 2541 2162 2577; x_wconf 82' lang='lat' dir='ltr'><strong>ris</strong></span> <span class='ocrx_word' id='word_1_788' title='bbox 2191 2542 2206 2578; x_wconf 83' lang='lat'><strong>1</strong></span> <span class='ocrx_word' id='word_1_789' title='bbox 2237 2542 2299 2579; x_wconf 91' lang='lat' dir='ltr'><strong>es</strong></span> <span class='ocrx_word' id='word_1_790' title='bbox 2336 2570 2347 2579; x_wconf 91' lang='lat'><strong>.</strong></span> 
     </span>
    </p>
   </div>
   <div class='ocr_carea' id='block_1_111' title="bbox 2086 2531 2347 2581">
    <p class='ocr_par' dir='ltr' id='par_1_111' title="bbox 2086 2531 2347 2581">
     <span class='ocr_line' id='line_1_115' title="bbox 2086 2531 2347 2581; baseline 0.011 -4"><span class='ocrx_word' id='word_1_791' title='bbox 2086 2531 2206 2578; x_wconf 90' lang='lat' dir='ltr'><strong>risti</strong></span> <span class='ocrx_word' id='word_1_792' title='bbox 2237 2531 2347 2581; x_wconf 91' lang='lat' dir='ltr'><strong>est.</strong></span> 
     </span>
    </p>
   </div>
   <div class='ocr_carea' id='block_1_112' title="bbox 2071 2596 3650 2669">
    <p class='ocr_par' dir='ltr' id='par_1_112' title="bbox 2071 2596 3650 2669">
     <span class='ocr_line' id='line_1_116' title="bbox 2071 2596 3650 2669; baseline 0.003 -20"><span class='ocrx_word' id='word_1_793' title='bbox 2071 2596 2198 2649; x_wconf 87' lang='lat' dir='ltr'><strong>Lill.</strong></span> <span class='ocrx_word' id='word_1_794' title='bbox 2234 2627 2299 2636; x_wconf 89' lang='lat'>—</span> <span class='ocrx_word' id='word_1_795' title='bbox 2351 2596 2661 2669; x_wconf 16' lang='lat' dir='ltr'><strong>Sieomnia</strong></span> <span class='ocrx_word' id='word_1_796' title='bbox 2708 2599 2937 2653; x_wconf 90' lang='lat' dir='ltr'><strong>ratione</strong></span> <span class='ocrx_word' id='word_1_797' title='bbox 2971 2598 3127 2655; x_wconf 84' lang='lat' dir='ltr'><strong>facta</strong></span> <span class='ocrx_word' id='word_1_798' title='bbox 3172 2606 3330 2663; x_wconf 86' lang='lat' dir='ltr'><strong>sunt,</strong></span> <span class='ocrx_word' id='word_1_799' title='bbox 3384 2599 3529 2669; x_wconf 89' lang='lat' dir='ltr'><strong>quid</strong></span> <span class='ocrx_word' id='word_1_800' title='bbox 3560 2604 3650 2654; x_wconf 91' lang='lat' dir='ltr'><strong>est</strong></span> 
     </span>
    </p>
   </div>
   <div class='ocr_carea' id='block_1_113' title="bbox 1996 2666 3651 2793">
    <p class='ocr_par' dir='ltr' id='par_1_113' title="bbox 1996 2666 3651 2793">
     <span class='ocr_line' id='line_1_117' title="bbox 1996 2666 3651 2793; baseline 0.004 -73"><span class='ocrx_word' id='word_1_801' title='bbox 1996 2670 2058 2791; x_wconf 54' lang='grc' dir='ltr'><strong>ἓξ</strong></span> <span class='ocrx_word' id='word_1_802' title='bbox 2090 2672 2301 2793; x_wconf 50' lang='lat' dir='ltr'><strong>oetavPO</strong></span> <span class='ocrx_word' id='word_1_803' title='bbox 2347 2666 2631 2724; x_wconf 89' lang='lat' dir='ltr'><strong>calendas</strong></span> <span class='ocrx_word' id='word_1_804' title='bbox 2655 2669 2967 2740; x_wconf 91' lang='lat' dir='ltr'><strong>januarias</strong></span> <span class='ocrx_word' id='word_1_805' title='bbox 3024 2670 3290 2727; x_wconf 90' lang='lat' dir='ltr'><strong>Salvator</strong></span> <span class='ocrx_word' id='word_1_806' title='bbox 3319 2666 3495 2726; x_wconf 78' lang='lat' dir='ltr'><strong>natus</strong></span> <span class='ocrx_word' id='word_1_807' title='bbox 3522 2687 3651 2727; x_wconf 91' lang='lat' dir='ltr'><strong>esse</strong></span> 
     </span>
     <span class='ocr_line' id='line_1_118' title="bbox 2040 2753 2227 2792; baseline 0.011 -2"><span class='ocrx_word' id='word_1_808' title='bbox 2040 2753 2129 2791; x_wconf 80' lang='lat' dir='ltr'><strong>ica</strong></span> <span class='ocrx_word' id='word_1_809' title='bbox 2161 2753 2227 2792; x_wconf 91' lang='lat' dir='ltr'><strong>ur</strong></span> 
     </span>
    </p>
   </div>
   <div class='ocr_carea' id='block_1_114' title="bbox 2040 2744 2227 2792">
    <p class='ocr_par' dir='ltr' id='par_1_114' title="bbox 2040 2744 2227 2792">
     <span class='ocr_line' id='line_1_119' title="bbox 2040 2744 2227 2792; baseline 0.011 -2"><span class='ocrx_word' id='word_1_810' title='bbox 2040 2744 2227 2792; x_wconf 82' lang='lat' dir='ltr'><strong>icatur</strong></span> 
     </span>
    </p>
   </div>
   <div class='ocr_carea' id='block_1_115' title="bbox 2067 2808 3651 2881">
    <p class='ocr_par' dir='ltr' id='par_1_115' title="bbox 2067 2808 3651 2881">
     <span class='ocr_line' id='line_1_120' title="bbox 2067 2808 3651 2881; baseline 0.003 -18"><span class='ocrx_word' id='word_1_811' title='bbox 2067 2811 2248 2864; x_wconf 88' lang='lat' dir='ltr'><strong>Nemo</strong></span> <span class='ocrx_word' id='word_1_812' title='bbox 2271 2808 2355 2863; x_wconf 92' lang='lat' dir='ltr'><strong>sic</strong></span> <span class='ocrx_word' id='word_1_813' title='bbox 2388 2810 2600 2880; x_wconf 90' lang='lat' dir='ltr'><strong>poterit</strong></span> <span class='ocrx_word' id='word_1_814' title='bbox 2628 2810 2915 2875; x_wconf 89' lang='lat' dir='ltr'><strong>hebetari,</strong></span> <span class='ocrx_word' id='word_1_815' title='bbox 2950 2816 3014 2867; x_wconf 93' lang='lat' dir='ltr'><strong>ut</strong></span> <span class='ocrx_word' id='word_1_816' title='bbox 3039 2818 3211 2881; x_wconf 90' lang='lat' dir='ltr'><strong>neget</strong></span> <span class='ocrx_word' id='word_1_817' title='bbox 3233 2813 3438 2868; x_wconf 89' lang='lat' dir='ltr'><strong>omnia</strong></span> <span class='ocrx_word' id='word_1_818' title='bbox 3460 2812 3651 2868; x_wconf 89' lang='lat' dir='ltr'><strong>facere</strong></span> 
     </span>
    </p>
   </div>
   <div class='ocr_carea' id='block_1_116' title="bbox 2000 2878 3650 2952">
    <p class='ocr_par' dir='ltr' id='par_1_116' title="bbox 2000 2878 3650 2952">
     <span class='ocr_line' id='line_1_121' title="bbox 2000 2878 3650 2952; baseline 0.002 -19"><span class='ocrx_word' id='word_1_819' title='bbox 2000 2878 2179 2952; x_wconf 62' lang='lat' dir='ltr'><strong>L‘eum</strong></span> <span class='ocrx_word' id='word_1_820' title='bbox 2213 2896 2349 2934; x_wconf 90' lang='lat' dir='ltr'><strong>cum</strong></span> <span class='ocrx_word' id='word_1_821' title='bbox 2384 2878 2631 2936; x_wconf 79' lang='lat' dir='ltr'><strong>ratione.</strong></span> <span class='ocrx_word' id='word_1_822' title='bbox 2657 2883 2796 2937; x_wconf 88' lang='lat' dir='ltr'><strong>Ideo</strong></span> <span class='ocrx_word' id='word_1_823' title='bbox 2822 2898 2963 2952; x_wconf 90' lang='lat' dir='ltr'><strong>ergo</strong></span> <span class='ocrx_word' id='word_1_824' title='bbox 2983 2878 3248 2938; x_wconf 80' lang='lat' dir='ltr'><strong>Christus</strong></span> <span class='ocrx_word' id='word_1_825' title='bbox 3276 2884 3650 2938; x_wconf 88' lang='lat' dir='ltr'><strong>descendens</strong></span> 
     </span>
    </p>
   </div>
   <div class='ocr_carea' id='block_1_117' title="bbox 1994 2949 3651 3019">
    <p class='ocr_par' dir='ltr' id='par_1_117' title="bbox 1994 2949 3651 3019">
     <span class='ocr_line' id='line_1_122' title="bbox 1994 2949 3651 3019; baseline 0.004 -16"><span class='ocrx_word' id='word_1_826' title='bbox 1994 2949 2068 3005; x_wconf 93' lang='lat' dir='ltr'><strong>de</strong></span> <span class='ocrx_word' id='word_1_827' title='bbox 2100 2952 2282 3006; x_wconf 90' lang='lat' dir='ltr'><strong>sacris</strong></span> <span class='ocrx_word' id='word_1_828' title='bbox 2296 2952 2537 3006; x_wconf 89' lang='lat' dir='ltr'><strong>sedibus</strong></span> <span class='ocrx_word' id='word_1_829' title='bbox 2554 2953 2630 3007; x_wconf 91' lang='lat' dir='ltr'><strong>ad</strong></span> <span class='ocrx_word' id='word_1_830' title='bbox 2652 2949 3149 3010; x_wconf 52' lang='lat' dir='ltr'><strong>salutem—mundo</strong></span> <span class='ocrx_word' id='word_1_831' title='bbox 3165 2954 3565 3019; x_wconf 89' lang='lat' dir='ltr'><strong>tribuendam,</strong></span> <span class='ocrx_word' id='word_1_832' title='bbox 3589 2958 3651 3009; x_wconf 92' lang='lat' dir='ltr'><strong>ut</strong></span> 
     </span>
    </p>
   </div>
   <div class='ocr_carea' id='block_1_118' title="bbox 1993 3022 3652 3096">
    <p class='ocr_par' dir='ltr' id='par_1_118' title="bbox 1993 3022 3652 3096">
     <span class='ocr_line' id='line_1_123' title="bbox 1993 3022 3652 3096; baseline 0.004 -21"><span class='ocrx_word' id='word_1_833' title='bbox 1993 3022 2171 3096; x_wconf 80' lang='lat' dir='ltr'><strong>etiam</strong></span> <span class='ocrx_word' id='word_1_834' title='bbox 2230 3022 2525 3077; x_wconf 88' lang='lat' dir='ltr'><strong>mundum</strong></span> <span class='ocrx_word' id='word_1_835' title='bbox 2582 3024 2803 3096; x_wconf 86' lang='lat' dir='ltr'><strong>ipsum,</strong></span> <span class='ocrx_word' id='word_1_836' title='bbox 2835 3030 2889 3079; x_wconf 92' lang='lat' dir='ltr'><strong>et</strong></span> <span class='ocrx_word' id='word_1_837' title='bbox 2932 3030 3202 3096; x_wconf 89' lang='lat' dir='ltr'><strong>tempora</strong></span> <span class='ocrx_word' id='word_1_838' title='bbox 3232 3043 3266 3080; x_wconf 91' lang='lat' dir='ltr'><strong>a</strong></span> <span class='ocrx_word' id='word_1_839' title='bbox 3292 3042 3354 3080; x_wconf 90' lang='lat' dir='ltr'><strong>se</strong></span> <span class='ocrx_word' id='word_1_840' title='bbox 3386 3026 3652 3081; x_wconf 89' lang='lat' dir='ltr'><strong>instituta</strong></span> 
     </span>
    </p>
   </div>
   <div class='ocr_carea' id='block_1_119' title="bbox 1993 3092 3648 3165">
    <p class='ocr_par' dir='ltr' id='par_1_119' title="bbox 1993 3092 3648 3165">
     <span class='ocr_line' id='line_1_124' title="bbox 1993 3092 3648 3165; baseline 0.004 -20"><span class='ocrx_word' id='word_1_841' title='bbox 1993 3092 2269 3165; x_wconf 86' lang='lat' dir='ltr'><strong>doceret;</strong></span> <span class='ocrx_word' id='word_1_842' title='bbox 2300 3099 2438 3147; x_wconf 91' lang='lat' dir='ltr'><strong>tunc</strong></span> <span class='ocrx_word' id='word_1_843' title='bbox 2466 3092 2629 3149; x_wconf 81' lang='lat' dir='ltr'><strong>nasci</strong></span> <span class='ocrx_word' id='word_1_844' title='bbox 2651 3094 2834 3150; x_wconf 92' lang='lat' dir='ltr'><strong>homo</strong></span> <span class='ocrx_word' id='word_1_845' title='bbox 2862 3092 3069 3165; x_wconf 60' lang='lat' dir='ltr'><strong>voluit,</strong></span> <span class='ocrx_word' id='word_1_846' title='bbox 3084 3097 3162 3151; x_wconf 91' lang='lat' dir='ltr'><strong>ad</strong></span> <span class='ocrx_word' id='word_1_847' title='bbox 3188 3097 3648 3151; x_wconf 90' lang='lat' dir='ltr'><strong>diminutionem</strong></span> 
     </span>
    </p>
   </div>
   <div class='ocr_carea' id='block_1_120' title="bbox 1993 3162 3648 3238">
    <p class='ocr_par' dir='ltr' id='par_1_120' title="bbox 1993 3162 3648 3238">
     <span class='ocr_line' id='line_1_125' title="bbox 1993 3162 3648 3238; baseline 0.002 -19"><span class='ocrx_word' id='word_1_848' title='bbox 1993 3162 2241 3219; x_wconf 89' lang='lat' dir='ltr'><strong>humani</strong></span> <span class='ocrx_word' id='word_1_849' title='bbox 2274 3165 2508 3238; x_wconf 83' lang='lat' dir='ltr'><strong>generis</strong></span> <span class='ocrx_word' id='word_1_850' title='bbox 2539 3162 3057 3238; x_wconf 85' lang='lat' dir='ltr'><strong>augmentandam</strong></span> <span class='ocrx_word' id='word_1_851' title='bbox 3076 3168 3135 3221; x_wconf 92' lang='lat' dir='ltr'><strong>in</strong></span> <span class='ocrx_word' id='word_1_852' title='bbox 3165 3170 3371 3233; x_wconf 90' lang='lat' dir='ltr'><strong>Deum,</strong></span> <span class='ocrx_word' id='word_1_853' title='bbox 3400 3167 3648 3238; x_wconf 89' lang='lat' dir='ltr'><strong>quando</strong></span> 
     </span>
    </p>
   </div>
   <div class='ocr_carea' id='block_1_121' title="bbox 1992 3234 3647 3308">
    <p class='ocr_par' dir='ltr' id='par_1_121' title="bbox 1992 3234 3647 3308">
     <span class='ocr_line' id='line_1_126' title="bbox 1992 3234 3647 3308; baseline 0.002 -18"><span class='ocrx_word' id='word_1_854' title='bbox 1992 3251 2063 3308; x_wconf 83' lang='lat' dir='ltr'><strong>ex</strong></span> <span class='ocrx_word' id='word_1_855' title='bbox 2078 3249 2295 3308; x_wconf 85' lang='lat' dir='ltr'><strong>magna</strong></span> <span class='ocrx_word' id='word_1_856' title='bbox 2315 3234 2824 3308; x_wconf 85' lang='lat' dir='ltr'><strong>diminutionelux</strong></span> <span class='ocrx_word' id='word_1_857' title='bbox 2843 3252 2977 3308; x_wconf 74' lang='lat' dir='ltr'><strong>quae</strong></span> <span class='ocrx_word' id='word_1_858' title='bbox 2999 3237 3119 3308; x_wconf 87' lang='lat' dir='ltr'><strong>dies</strong></span> <span class='ocrx_word' id='word_1_859' title='bbox 3145 3242 3250 3308; x_wconf 87' lang='lat' dir='ltr'><strong>est,</strong></span> <span class='ocrx_word' id='word_1_860' title='bbox 3277 3234 3647 3293; x_wconf 81' lang='lat' dir='ltr'><strong>crenientum</strong></span> 
     </span>
    </p>
   </div>
   <div class='ocr_carea' id='block_1_122' title="bbox 1990 3305 3645 3377">
    <p class='ocr_par' dir='ltr' id='par_1_122' title="bbox 1990 3305 3645 3377">
     <span class='ocr_line' id='line_1_127' title="bbox 1990 3305 3645 3377; baseline 0.001 -16"><span class='ocrx_word' id='word_1_861' title='bbox 1990 3305 2194 3376; x_wconf 88' lang='lat' dir='ltr'><strong>incipit</strong></span> <span class='ocrx_word' id='word_1_862' title='bbox 2225 3305 2491 3376; x_wconf 89' lang='lat' dir='ltr'><strong>accipere</strong></span> <span class='ocrx_word' id='word_1_863' title='bbox 2517 3323 2529 3360; x_wconf 90' lang='lat'><strong>:</strong></span> <span class='ocrx_word' id='word_1_864' title='bbox 2561 3314 2622 3361; x_wconf 90' lang='lat' dir='ltr'><strong>ut</strong></span> <span class='ocrx_word' id='word_1_865' title='bbox 2646 3305 2883 3377; x_wconf 79' lang='lat' dir='ltr'><strong>tempus</strong></span> <span class='ocrx_word' id='word_1_866' title='bbox 2914 3306 3239 3362; x_wconf 89' lang='lat' dir='ltr'><strong>nativitatis</strong></span> <span class='ocrx_word' id='word_1_867' title='bbox 3264 3309 3393 3377; x_wconf 90' lang='lat' dir='ltr'><strong>ejus</strong></span> <span class='ocrx_word' id='word_1_868' title='bbox 3416 3309 3645 3364; x_wconf 86' lang='lat' dir='ltr'><strong>ratione</strong></span> 
     </span>
    </p>
   </div>
   <div class='ocr_carea' id='block_1_123' title="bbox 1991 3378 3646 3451">
    <p class='ocr_par' dir='ltr' id='par_1_123' title="bbox 1991 3378 3646 3451">
     <span class='ocr_line' id='line_1_128' title="bbox 1991 3378 3646 3451; baseline 0.001 -19"><span class='ocrx_word' id='word_1_869' title='bbox 1991 3384 2281 3451; x_wconf 80' lang='lat' dir='ltr'><strong>congruat</strong></span> <span class='ocrx_word' id='word_1_870' title='bbox 2311 3378 2597 3434; x_wconf 67' lang='lat' dir='ltr'><strong>doctrinae</strong></span> <span class='ocrx_word' id='word_1_871' title='bbox 2629 3379 2866 3451; x_wconf 67' lang='lat' dir='ltr'><strong>divinae,</strong></span> <span class='ocrx_word' id='word_1_872' title='bbox 2916 3395 3053 3451; x_wconf 70' lang='lat' dir='ltr'><strong>quas</strong></span> <span class='ocrx_word' id='word_1_873' title='bbox 3074 3394 3157 3451; x_wconf 81' lang='lat' dir='ltr'><strong>ex</strong></span> <span class='ocrx_word' id='word_1_874' title='bbox 3189 3382 3407 3434; x_wconf 88' lang='lat' dir='ltr'><strong>umbra</strong></span> <span class='ocrx_word' id='word_1_875' title='bbox 3440 3378 3646 3433; x_wconf 88' lang='lat' dir='ltr'><strong>mortis</strong></span> 
     </span>
    </p>
   </div>
   <div class='ocr_carea' id='block_1_124' title="bbox 1988 3448 3231 3522">
    <p class='ocr_par' dir='ltr' id='par_1_124' title="bbox 1988 3448 3231 3522">
     <span class='ocr_line' id='line_1_129' title="bbox 1988 3448 3231 3522; baseline -0.001 -17"><span class='ocrx_word' id='word_1_876' title='bbox 1988 3448 2261 3522; x_wconf 79' lang='lat' dir='ltr'><strong>homines</strong></span> <span class='ocrx_word' id='word_1_877' title='bbox 2295 3451 2471 3521; x_wconf 89' lang='lat' dir='ltr'><strong>coepit</strong></span> <span class='ocrx_word' id='word_1_878' title='bbox 2503 3450 2896 3522; x_wconf 89' lang='lat' dir='ltr'><strong>multiplicare</strong></span> <span class='ocrx_word' id='word_1_879' title='bbox 2927 3448 3003 3505; x_wconf 79' lang='lat' dir='ltr'><strong>ad</strong></span> <span class='ocrx_word' id='word_1_880' title='bbox 3028 3450 3231 3505; x_wconf 89' lang='lat' dir='ltr'><strong>vitam.</strong></span> 
     </span>
    </p>
   </div>
   <div class='ocr_carea' id='block_1_125' title="bbox 2060 3519 3647 3577">
    <p class='ocr_par' dir='ltr' id='par_1_125' title="bbox 2060 3519 3647 3577">
     <span class='ocr_line' id='line_1_130' title="bbox 2060 3519 3647 3577; baseline 0 -2"><span class='ocrx_word' id='word_1_881' title='bbox 2060 3520 2189 3575; x_wconf 80' lang='lat' dir='ltr'><strong>LIV.</strong></span> <span class='ocrx_word' id='word_1_882' title='bbox 2244 3552 2312 3561; x_wconf 92' lang='lat'>—</span> <span class='ocrx_word' id='word_1_883' title='bbox 2364 3519 2422 3576; x_wconf 89' lang='lat' dir='ltr'><strong>Si</strong></span> <span class='ocrx_word' id='word_1_884' title='bbox 2452 3538 2519 3576; x_wconf 88' lang='lat' dir='ltr'><strong>ex</strong></span> <span class='ocrx_word' id='word_1_885' title='bbox 2551 3519 2777 3577; x_wconf 82' lang='lat' dir='ltr'><strong>semine</strong></span> <span class='ocrx_word' id='word_1_886' title='bbox 2810 3522 2990 3577; x_wconf 91' lang='lat' dir='ltr'><strong>David</strong></span> <span class='ocrx_word' id='word_1_887' title='bbox 3022 3522 3283 3576; x_wconf 90' lang='lat' dir='ltr'><strong>Christus</strong></span> <span class='ocrx_word' id='word_1_888' title='bbox 3338 3519 3514 3575; x_wconf 89' lang='lat' dir='ltr'><strong>Filius</strong></span> <span class='ocrx_word' id='word_1_889' title='bbox 3546 3520 3647 3575; x_wconf 87' lang='lat' dir='ltr'><strong>Dei</strong></span> 
     </span>
    </p>
   </div>
   <div class='ocr_carea' id='block_1_126' title="bbox 1988 3589 3646 3661">
    <p class='ocr_par' dir='ltr' id='par_1_126' title="bbox 1988 3589 3646 3661">
     <span class='ocr_line' id='line_1_131' title="bbox 1988 3589 3646 3661; baseline 0.001 -16"><span class='ocrx_word' id='word_1_890' title='bbox 1988 3589 2179 3647; x_wconf 88' lang='lat' dir='ltr'><strong>factus</strong></span> <span class='ocrx_word' id='word_1_891' title='bbox 2211 3597 2295 3647; x_wconf 92' lang='lat' dir='ltr'><strong>est</strong></span> <span class='ocrx_word' id='word_1_892' title='bbox 2341 3593 2673 3649; x_wconf 90' lang='lat' dir='ltr'><strong>secundum</strong></span> <span class='ocrx_word' id='word_1_893' title='bbox 2708 3609 2973 3657; x_wconf 91' lang='lat' dir='ltr'><strong>carnem,</strong></span> <span class='ocrx_word' id='word_1_894' title='bbox 3027 3594 3143 3648; x_wconf 90' lang='lat' dir='ltr'><strong>hoc</strong></span> <span class='ocrx_word' id='word_1_895' title='bbox 3175 3598 3281 3657; x_wconf 88' lang='lat' dir='ltr'><strong>est,</strong></span> <span class='ocrx_word' id='word_1_896' title='bbox 3314 3598 3489 3646; x_wconf 88' lang='lat' dir='ltr'><strong>natus</strong></span> <span class='ocrx_word' id='word_1_897' title='bbox 3517 3592 3646 3661; x_wconf 89' lang='lat' dir='ltr'><strong>jam</strong></span> 
     </span>
    </p>
   </div>
   <div class='ocr_carea' id='block_1_127' title="bbox 1994 3662 3643 3736">
    <p class='ocr_par' dir='ltr' id='par_1_127' title="bbox 1994 3662 3643 3736">
     <span class='ocr_line' id='line_1_132' title="bbox 1994 3662 3643 3736; baseline 0 -20"><span class='ocrx_word' id='word_1_898' title='bbox 1994 3662 2168 3717; x_wconf 87' lang='lat' dir='ltr'><strong>Filius</strong></span> <span class='ocrx_word' id='word_1_899' title='bbox 2202 3663 2303 3718; x_wconf 90' lang='lat' dir='ltr'><strong>Dei</strong></span> <span class='ocrx_word' id='word_1_900' title='bbox 2331 3670 2418 3718; x_wconf 90' lang='lat' dir='ltr'><strong>est</strong></span> <span class='ocrx_word' id='word_1_901' title='bbox 2452 3666 2509 3719; x_wconf 91' lang='lat' dir='ltr'><strong>in</strong></span> <span class='ocrx_word' id='word_1_902' title='bbox 2541 3670 2811 3736; x_wconf 89' lang='lat' dir='ltr'><strong>utroque,</strong></span> <span class='ocrx_word' id='word_1_903' title='bbox 2866 3666 3008 3735; x_wconf 88' lang='lat' dir='ltr'><strong>quia</strong></span> <span class='ocrx_word' id='word_1_904' title='bbox 3041 3669 3283 3719; x_wconf 89' lang='lat' dir='ltr'><strong>sanctus</strong></span> <span class='ocrx_word' id='word_1_905' title='bbox 3312 3668 3489 3718; x_wconf 88' lang='lat' dir='ltr'><strong>natus</strong></span> <span class='ocrx_word' id='word_1_906' title='bbox 3518 3667 3643 3736; x_wconf 73' lang='lat' dir='ltr'><strong>est;</strong></span> 
     </span>
    </p>
   </div>
   <div class='ocr_carea' id='block_1_128' title="bbox 1988 3734 3648 3807">
    <p class='ocr_par' dir='ltr' id='par_1_128' title="bbox 1988 3734 3648 3807">
     <span class='ocr_line' id='line_1_133' title="bbox 1988 3734 3648 3807; baseline 0.001 -20"><span class='ocrx_word' id='word_1_907' title='bbox 1988 3736 2299 3807; x_wconf 77' lang='lat' dir='ltr'><strong>quomodo</strong></span> <span class='ocrx_word' id='word_1_908' title='bbox 2326 3750 2468 3804; x_wconf 91' lang='lat' dir='ltr'><strong>ergo</strong></span> <span class='ocrx_word' id='word_1_909' title='bbox 2498 3734 2822 3807; x_wconf 80' lang='lat' dir='ltr'><strong>postquam</strong></span> <span class='ocrx_word' id='word_1_910' title='bbox 2840 3734 3183 3807; x_wconf 77' lang='lat' dir='ltr'><strong>baptizatus</strong></span> <span class='ocrx_word' id='word_1_911' title='bbox 3209 3739 3327 3807; x_wconf 65' lang='lat' dir='ltr'><strong>est,</strong></span> <span class='ocrx_word' id='word_1_912' title='bbox 3346 3735 3571 3807; x_wconf 89' lang='lat' dir='ltr'><strong>dictum</strong></span> <span class='ocrx_word' id='word_1_913' title='bbox 3594 3734 3648 3807; x_wconf 86' lang='lat' dir='ltr'><strong>ei</strong></span> 
     </span>
    </p>
   </div>
   <div class='ocr_carea' id='block_1_129' title="bbox 1990 3805 3649 3947">
    <p class='ocr_par' dir='ltr' id='par_1_129' title="bbox 1990 3805 3649 3947">
     <span class='ocr_line' id='line_1_134' title="bbox 1990 3805 3649 3947; baseline 0.001 -89"><span class='ocrx_word' id='word_1_914' title='bbox 1990 3820 2037 3930; x_wconf 56' lang='lat' dir='ltr'><strong>ea</strong></span> <span class='ocrx_word' id='word_1_915' title='bbox 2054 3806 2303 3947; x_wconf 50' lang='lat' dir='ltr'><strong>Dlesrgling</strong></span> <span class='ocrx_word' id='word_1_916' title='bbox 2332 3805 2586 3947; x_wconf 40' lang='lat' dir='ltr'><strong>Dgoqest,</strong></span> <span class='ocrx_word' id='word_1_917' title='bbox 2623 3805 2704 3861; x_wconf 86' lang='lat' dir='ltr'><strong>Tu</strong></span> <span class='ocrx_word' id='word_1_918' title='bbox 2741 3824 2792 3861; x_wconf 88' lang='lat' dir='ltr'><strong>es</strong></span> <span class='ocrx_word' id='word_1_919' title='bbox 2815 3806 2970 3877; x_wconf 79' lang='lat' dir='ltr'><strong>ﬁlius</strong></span> <span class='ocrx_word' id='word_1_920' title='bbox 2995 3823 3162 3875; x_wconf 85' lang='lat' dir='ltr'><strong>meus,</strong></span> <span class='ocrx_word' id='word_1_921' title='bbox 3194 3822 3284 3877; x_wconf 89' lang='lat' dir='ltr'><strong>ego</strong></span> <span class='ocrx_word' id='word_1_922' title='bbox 3312 3806 3467 3861; x_wconf 85' lang='lat' dir='ltr'><strong>hodie</strong></span> <span class='ocrx_word' id='word_1_923' title='bbox 3487 3805 3649 3877; x_wconf 81' lang='lat' dir='ltr'><strong>genui</strong></span> 
     </span>
     <span class='ocr_line' id='line_1_135' title="bbox 2223 3900 2463 3942; baseline 0 -13"><span class='ocrx_word' id='word_1_924' title='bbox 2223 3918 2234 3929; x_wconf 95' lang='lat'><strong>.</strong></span> <span class='ocrx_word' id='word_1_925' title='bbox 2314 3918 2327 3942; x_wconf 94' lang='lat'><strong>,</strong></span> <span class='ocrx_word' id='word_1_926' title='bbox 2372 3900 2385 3930; x_wconf 79' lang='grc' dir='ltr'><em>ι</em></span> <span class='ocrx_word' id='word_1_927' title='bbox 2452 3917 2463 3929; x_wconf 92' lang='grc'><strong>.</strong></span> 
     </span>
    </p>
   </div>
   <div class='ocr_carea' id='block_1_130' title="bbox 1990 3882 2463 3942">
    <p class='ocr_par' dir='ltr' id='par_1_130' title="bbox 1990 3882 2463 3942">
     <span class='ocr_line' id='line_1_136' title="bbox 1990 3882 2463 3942; baseline 0 -13"><span class='ocrx_word' id='word_1_928' title='bbox 1990 3882 2037 3930; x_wconf 83' lang='lat' dir='ltr'><strong>te</strong></span> <span class='ocrx_word' id='word_1_929' title='bbox 2066 3882 2234 3942; x_wconf 83' lang='lat' dir='ltr'><strong>(Psat.</strong></span> <span class='ocrx_word' id='word_1_930' title='bbox 2267 3892 2327 3942; x_wconf 85' lang='grc' dir='ltr'><strong>ιι,</strong></span> <span class='ocrx_word' id='word_1_931' title='bbox 2361 3882 2414 3942; x_wconf 80' lang='lat'><strong>7)</strong></span> <span class='ocrx_word' id='word_1_932' title='bbox 2442 3882 2463 3929; x_wconf 69' lang='lat'><strong>‘3</strong></span> 
     </span>
    </p>
   </div>
   <div class='ocr_carea' id='block_1_131' title="bbox 2105 3947 3648 4019">
    <p class='ocr_par' dir='ltr' id='par_1_131' title="bbox 2105 3947 3648 4019">
     <span class='ocr_line' id='line_1_137' title="bbox 2105 3947 3648 4019; baseline 0.001 -18"><span class='ocrx_word' id='word_1_933' title='bbox 2105 3947 2324 4002; x_wconf 90' lang='lat' dir='ltr'><strong>hristus</strong></span> <span class='ocrx_word' id='word_1_934' title='bbox 2356 3948 2454 4002; x_wconf 91' lang='lat' dir='ltr'><strong>Dei</strong></span> <span class='ocrx_word' id='word_1_935' title='bbox 2487 3948 2661 4002; x_wconf 81' lang='lat' dir='ltr'><strong>Filius</strong></span> <span class='ocrx_word' id='word_1_936' title='bbox 2679 3964 2749 4003; x_wconf 82' lang='lat' dir='ltr'><strong>ex</strong></span> <span class='ocrx_word' id='word_1_937' title='bbox 2776 3952 2992 4004; x_wconf 76' lang='lat' dir='ltr'><strong>aeterno</strong></span> <span class='ocrx_word' id='word_1_938' title='bbox 3019 3952 3105 4004; x_wconf 89' lang='lat' dir='ltr'><strong>est</strong></span> <span class='ocrx_word' id='word_1_939' title='bbox 3128 3948 3462 4004; x_wconf 91' lang='lat' dir='ltr'><strong>secundum</strong></span> <span class='ocrx_word' id='word_1_940' title='bbox 3483 3947 3648 4019; x_wconf 89' lang='lat' dir='ltr'><strong>spiri-</strong></span> 
     </span>
    </p>
   </div>
   <div class='ocr_carea' id='block_1_132' title="bbox 1990 4019 3649 4089">
    <p class='ocr_par' dir='ltr' id='par_1_132' title="bbox 1990 4019 3649 4089">
     <span class='ocr_line' id='line_1_138' title="bbox 1990 4019 3649 4089; baseline 0 -16"><span class='ocrx_word' id='word_1_941' title='bbox 1990 4022 2115 4073; x_wconf 92' lang='lat' dir='ltr'><strong>tum</strong></span> <span class='ocrx_word' id='word_1_942' title='bbox 2139 4019 2465 4074; x_wconf 89' lang='lat' dir='ltr'><strong>sanctitatis</strong></span> <span class='ocrx_word' id='word_1_943' title='bbox 2492 4021 2686 4089; x_wconf 85' lang='lat' dir='ltr'><strong>:juxta</strong></span> <span class='ocrx_word' id='word_1_944' title='bbox 2708 4036 2947 4075; x_wconf 91' lang='lat' dir='ltr'><strong>carnem</strong></span> <span class='ocrx_word' id='word_1_945' title='bbox 2971 4036 3111 4075; x_wconf 89' lang='lat' dir='ltr'><strong>vero</strong></span> <span class='ocrx_word' id='word_1_946' title='bbox 3130 4037 3201 4076; x_wconf 83' lang='lat' dir='ltr'><strong>ex</strong></span> <span class='ocrx_word' id='word_1_947' title='bbox 3224 4021 3449 4075; x_wconf 89' lang='lat' dir='ltr'><strong>semine</strong></span> <span class='ocrx_word' id='word_1_948' title='bbox 3464 4020 3649 4076; x_wconf 88' lang='lat' dir='ltr'><strong>David</strong></span> 
     </span>
    </p>
   </div>
   <div class='ocr_carea' id='block_1_133' title="bbox 1990 4090 3651 4163">
    <p class='ocr_par' dir='ltr' id='par_1_133' title="bbox 1990 4090 3651 4163">
     <span class='ocr_line' id='line_1_139' title="bbox 1990 4090 3651 4163; baseline 0.001 -20"><span class='ocrx_word' id='word_1_949' title='bbox 1990 4097 2164 4163; x_wconf 84' lang='lat' dir='ltr'><strong>natus</strong></span> <span class='ocrx_word' id='word_1_950' title='bbox 2189 4095 2279 4163; x_wconf 91' lang='lat' dir='ltr'><strong>est</strong></span> <span class='ocrx_word' id='word_1_951' title='bbox 2300 4090 2484 4163; x_wconf 74' lang='lat' dir='ltr'><strong>Filius</strong></span> <span class='ocrx_word' id='word_1_952' title='bbox 2512 4092 2634 4157; x_wconf 91' lang='lat' dir='ltr'><strong>Dei,</strong></span> <span class='ocrx_word' id='word_1_953' title='bbox 2670 4099 2731 4147; x_wconf 90' lang='lat' dir='ltr'><strong>ut</strong></span> <span class='ocrx_word' id='word_1_954' title='bbox 2762 4092 2822 4146; x_wconf 89' lang='lat' dir='ltr'><strong>in</strong></span> <span class='ocrx_word' id='word_1_955' title='bbox 2873 4098 3127 4163; x_wconf 88' lang='lat' dir='ltr'><strong>utroque</strong></span> <span class='ocrx_word' id='word_1_956' title='bbox 3159 4107 3279 4147; x_wconf 92' lang='lat' dir='ltr'><strong>non</strong></span> <span class='ocrx_word' id='word_1_957' title='bbox 3311 4092 3500 4147; x_wconf 84' lang='lat' dir='ltr'><strong>factus</strong></span> <span class='ocrx_word' id='word_1_958' title='bbox 3541 4091 3651 4163; x_wconf 81' lang='lat' dir='ltr'><strong>Dei</strong></span> 
     </span>
    </p>
   </div>
   <div class='ocr_carea' id='block_1_134' title="bbox 1995 4161 3649 4231">
    <p class='ocr_par' dir='ltr' id='par_1_134' title="bbox 1995 4161 3649 4231">
     <span class='ocr_line' id='line_1_140' title="bbox 1995 4161 3649 4231; baseline -0.001 -16"><span class='ocrx_word' id='word_1_959' title='bbox 1995 4161 2167 4216; x_wconf 85' lang='lat' dir='ltr'><strong>Filius</strong></span> <span class='ocrx_word' id='word_1_960' title='bbox 2216 4162 2528 4228; x_wconf 88' lang='lat' dir='ltr'><strong>habeatur,</strong></span> <span class='ocrx_word' id='word_1_961' title='bbox 2564 4163 2669 4217; x_wconf 87' lang='lat' dir='ltr'><strong>sed</strong></span> <span class='ocrx_word' id='word_1_962' title='bbox 2724 4168 2920 4217; x_wconf 91' lang='lat' dir='ltr'><strong>natus.</strong></span> <span class='ocrx_word' id='word_1_963' title='bbox 2955 4161 3103 4217; x_wconf 80' lang='lat' dir='ltr'><strong>Illud</strong></span> <span class='ocrx_word' id='word_1_964' title='bbox 3162 4168 3365 4219; x_wconf 84' lang='lat' dir='ltr'><strong>autem</strong></span> <span class='ocrx_word' id='word_1_965' title='bbox 3395 4162 3558 4231; x_wconf 89' lang='lat' dir='ltr'><strong>quod</strong></span> <span class='ocrx_word' id='word_1_966' title='bbox 3591 4162 3649 4214; x_wconf 91' lang='lat' dir='ltr'><strong>in</strong></span> 
     </span>
    </p>
   </div>
   <div class='ocr_carea' id='block_1_135' title="bbox 1992 4231 3648 4305">
    <p class='ocr_par' dir='ltr' id='par_1_135' title="bbox 1992 4231 3648 4305">
     <span class='ocr_line' id='line_1_141' title="bbox 1992 4231 3648 4305; baseline -0.001 -19"><span class='ocrx_word' id='word_1_967' title='bbox 1992 4232 2292 4305; x_wconf 88' lang='lat' dir='ltr'><strong>baptismo</strong></span> <span class='ocrx_word' id='word_1_968' title='bbox 2324 4233 2511 4299; x_wconf 91' lang='lat' dir='ltr'><strong>audit,</strong></span> <span class='ocrx_word' id='word_1_969' title='bbox 2545 4235 2835 4305; x_wconf 88' lang='lat' dir='ltr'><strong>mysterii,</strong></span> <span class='ocrx_word' id='word_1_970' title='bbox 2870 4249 2989 4289; x_wconf 91' lang='lat' dir='ltr'><strong>non</strong></span> <span class='ocrx_word' id='word_1_971' title='bbox 3018 4251 3127 4288; x_wconf 87' lang='lat' dir='ltr'><strong>sua</strong></span> <span class='ocrx_word' id='word_1_972' title='bbox 3153 4250 3336 4289; x_wconf 91' lang='lat' dir='ltr'><strong>causa</strong></span> <span class='ocrx_word' id='word_1_973' title='bbox 3362 4240 3467 4287; x_wconf 89' lang='lat' dir='ltr'><strong>est.</strong></span> <span class='ocrx_word' id='word_1_974' title='bbox 3502 4231 3648 4285; x_wconf 89' lang='lat' dir='ltr'><strong>Nam</strong></span> 
     </span>
    </p>
   </div>
   <div class='ocr_carea' id='block_1_136' title="bbox 1990 4304 3648 4377">
    <p class='ocr_par' dir='ltr' id='par_1_136' title="bbox 1990 4304 3648 4377">
     <span class='ocr_line' id='line_1_142' title="bbox 1990 4304 3648 4377; baseline -0.002 -19"><span class='ocrx_word' id='word_1_975' title='bbox 1990 4304 2104 4377; x_wconf 80' lang='lat' dir='ltr'><strong>hoc</strong></span> <span class='ocrx_word' id='word_1_976' title='bbox 2136 4305 2418 4359; x_wconf 87' lang='lat' dir='ltr'><strong>omnibus</strong></span> <span class='ocrx_word' id='word_1_977' title='bbox 2473 4304 2642 4360; x_wconf 74' lang='lat' dir='ltr'><strong>audit</strong></span> <span class='ocrx_word' id='word_1_978' title='bbox 2675 4306 2774 4377; x_wconf 91' lang='lat' dir='ltr'><strong>qui</strong></span> <span class='ocrx_word' id='word_1_979' title='bbox 2808 4307 3215 4375; x_wconf 90' lang='lat' dir='ltr'><strong>baptizantur.</strong></span> <span class='ocrx_word' id='word_1_980' title='bbox 3282 4310 3412 4376; x_wconf 86' lang='lat' dir='ltr'><strong>Ipse</strong></span> <span class='ocrx_word' id='word_1_981' title='bbox 3445 4306 3648 4377; x_wconf 87' lang='lat' dir='ltr'><strong>autem</strong></span> 
     </span>
    </p>
   </div>
   <div class='ocr_carea' id='block_1_137' title="bbox 1991 4374 3651 4444">
    <p class='ocr_par' dir='ltr' id='par_1_137' title="bbox 1991 4374 3651 4444">
     <span class='ocr_line' id='line_1_143' title="bbox 1991 4374 3651 4444; baseline -0.002 -15"><span class='ocrx_word' id='word_1_982' title='bbox 1991 4375 2433 4432; x_wconf 87' lang='lat' dir='ltr'><strong>demonstratur</strong></span> <span class='ocrx_word' id='word_1_983' title='bbox 2465 4374 2907 4441; x_wconf 71' lang='lat' dir='ltr'><strong>tantummodo,</strong></span> <span class='ocrx_word' id='word_1_984' title='bbox 2940 4383 3001 4431; x_wconf 87' lang='lat' dir='ltr'><strong>ut</strong></span> <span class='ocrx_word' id='word_1_985' title='bbox 3028 4392 3099 4430; x_wconf 80' lang='lat' dir='ltr'><strong>ex</strong></span> <span class='ocrx_word' id='word_1_986' title='bbox 3129 4377 3243 4430; x_wconf 94' lang='lat' dir='ltr'><strong>hoc</strong></span> <span class='ocrx_word' id='word_1_987' title='bbox 3275 4374 3567 4444; x_wconf 83' lang='lat' dir='ltr'><strong>appareat</strong></span> <span class='ocrx_word' id='word_1_988' title='bbox 3592 4374 3651 4427; x_wconf 93' lang='lat' dir='ltr'><strong>in</strong></span> 
     </span>
    </p>
   </div>
   <div class='ocr_carea' id='block_1_138' title="bbox 1992 4446 3651 4509">
    <p class='ocr_par' dir='ltr' id='par_1_138' title="bbox 1992 4446 3651 4509">
     <span class='ocr_line' id='line_1_144' title="bbox 1992 4446 3651 4509; baseline -0.002 -8"><span class='ocrx_word' id='word_1_989' title='bbox 1992 4446 2235 4502; x_wconf 82' lang='lat' dir='ltr'><strong>homine</strong></span> <span class='ocrx_word' id='word_1_990' title='bbox 2291 4447 2601 4502; x_wconf 89' lang='lat' dir='ltr'><strong>virtutibus</strong></span> <span class='ocrx_word' id='word_1_991' title='bbox 2644 4451 2841 4503; x_wconf 88' lang='lat' dir='ltr'><strong>Deus:</strong></span> <span class='ocrx_word' id='word_1_992' title='bbox 2897 4448 3088 4501; x_wconf 61' lang='lat' dir='ltr'><strong>caeteri</strong></span> <span class='ocrx_word' id='word_1_993' title='bbox 3118 4461 3258 4501; x_wconf 87' lang='lat' dir='ltr'><strong>vero</strong></span> <span class='ocrx_word' id='word_1_994' title='bbox 3314 4446 3651 4509; x_wconf 75' lang='lat' dir='ltr'><strong>firmantur,</strong></span> 
     </span>
    </p>
   </div>
   <div class='ocr_carea' id='block_1_139' title="bbox 1992 4518 3650 4589">
    <p class='ocr_par' dir='ltr' id='par_1_139' title="bbox 1992 4518 3650 4589">
     <span class='ocr_line' id='line_1_145' title="bbox 1992 4518 3650 4589; baseline -0.001 -18"><span class='ocrx_word' id='word_1_995' title='bbox 1992 4519 2135 4589; x_wconf 89' lang='lat' dir='ltr'><strong>quia</strong></span> <span class='ocrx_word' id='word_1_996' title='bbox 2165 4535 2236 4573; x_wconf 84' lang='lat' dir='ltr'><strong>ex</strong></span> <span class='ocrx_word' id='word_1_997' title='bbox 2269 4519 2381 4574; x_wconf 91' lang='lat' dir='ltr'><strong>hoc</strong></span> <span class='ocrx_word' id='word_1_998' title='bbox 2413 4519 2704 4589; x_wconf 90' lang='lat' dir='ltr'><strong>incipiunt</strong></span> <span class='ocrx_word' id='word_1_999' title='bbox 2734 4534 2866 4573; x_wconf 88' lang='lat' dir='ltr'><strong>esse</strong></span> <span class='ocrx_word' id='word_1_1000' title='bbox 2915 4518 3015 4571; x_wconf 85' lang='lat' dir='ltr'><strong>tilii</strong></span> <span class='ocrx_word' id='word_1_1001' title='bbox 3042 4519 3166 4589; x_wconf 80' lang='lat' dir='ltr'><strong>Dei,</strong></span> <span class='ocrx_word' id='word_1_1002' title='bbox 3203 4532 3342 4570; x_wconf 85' lang='lat' dir='ltr'><strong>cum</strong></span> <span class='ocrx_word' id='word_1_1003' title='bbox 3374 4520 3650 4569; x_wconf 90' lang='lat' dir='ltr'><strong>sanctum</strong></span> 
     </span>
    </p>
   </div>
   <div class='ocr_carea' id='block_1_140' title="bbox 1991 4588 3653 4660">
    <p class='ocr_par' dir='ltr' id='par_1_140' title="bbox 1991 4588 3653 4660">
     <span class='ocr_line' id='line_1_146' title="bbox 1991 4588 3653 4660; baseline -0.001 -17"><span class='ocrx_word' id='word_1_1004' title='bbox 1991 4588 2292 4660; x_wconf 82' lang='lat' dir='ltr'><strong>accipiunt</strong></span> <span class='ocrx_word' id='word_1_1005' title='bbox 2317 4588 2620 4659; x_wconf 87' lang='lat' dir='ltr'><strong>Spiritum.</strong></span> <span class='ocrx_word' id='word_1_1006' title='bbox 2650 4589 2931 4654; x_wconf 87' lang='lat' dir='ltr'><strong>Quamvis</strong></span> <span class='ocrx_word' id='word_1_1007' title='bbox 2958 4588 3117 4643; x_wconf 91' lang='lat' dir='ltr'><strong>enim</strong></span> <span class='ocrx_word' id='word_1_1008' title='bbox 3137 4592 3418 4642; x_wconf 90' lang='lat' dir='ltr'><strong>sanctum</strong></span> <span class='ocrx_word' id='word_1_1009' title='bbox 3443 4590 3653 4641; x_wconf 89' lang='lat' dir='ltr'><strong>natum</strong></span> 
     </span>
    </p>
   </div>
   <div class='ocr_carea' id='block_1_141' title="bbox 1994 4661 3657 4731">
    <p class='ocr_par' dir='ltr' id='par_1_141' title="bbox 1994 4661 3657 4731">
     <span class='ocr_line' id='line_1_147' title="bbox 1994 4661 3657 4731; baseline -0.001 -17"><span class='ocrx_word' id='word_1_1010' title='bbox 1994 4661 2065 4715; x_wconf 92' lang='lat' dir='ltr'><strong>sit</strong></span> <span class='ocrx_word' id='word_1_1011' title='bbox 2090 4677 2307 4731; x_wconf 91' lang='lat' dir='ltr'><strong>corpus</strong></span> <span class='ocrx_word' id='word_1_1012' title='bbox 2341 4662 2592 4717; x_wconf 90' lang='lat' dir='ltr'><strong>Domini.</strong></span> <span class='ocrx_word' id='word_1_1013' title='bbox 2622 4676 2741 4715; x_wconf 92' lang='lat' dir='ltr'><strong>non</strong></span> <span class='ocrx_word' id='word_1_1014' title='bbox 2778 4666 2975 4715; x_wconf 89' lang='lat' dir='ltr'><strong>tamen</strong></span> <span class='ocrx_word' id='word_1_1015' title='bbox 3006 4667 3383 4714; x_wconf 89' lang='lat' dir='ltr'><strong>sacramento</strong></span> <span class='ocrx_word' id='word_1_1016' title='bbox 3415 4673 3657 4731; x_wconf 81' lang='lat' dir='ltr'><strong>regene-</strong></span> 
     </span>
    </p>
   </div>
   <div class='ocr_carea' id='block_1_142' title="bbox 1993 4730 3657 4787">
    <p class='ocr_par' dir='ltr' id='par_1_142' title="bbox 1993 4730 3657 4787">
     <span class='ocr_line' id='line_1_148' title="bbox 1993 4730 3657 4787; baseline -0.001 -1"><span class='ocrx_word' id='word_1_1017' title='bbox 1993 4730 2242 4787; x_wconf 89' lang='lat' dir='ltr'><strong>rationis</strong></span> <span class='ocrx_word' id='word_1_1018' title='bbox 2274 4732 2548 4787; x_wconf 80' lang='lat' dir='ltr'><strong>tirmalus</strong></span> <span class='ocrx_word' id='word_1_1019' title='bbox 2582 4732 2768 4786; x_wconf 81' lang='lat' dir='ltr'><strong>fuerat</strong></span> <span class='ocrx_word' id='word_1_1020' title='bbox 2801 4733 2982 4786; x_wconf 88' lang='lat' dir='ltr'><strong>homo</strong></span> <span class='ocrx_word' id='word_1_1021' title='bbox 3016 4733 3280 4787; x_wconf 90' lang='lat' dir='ltr'><strong>Christus</strong></span> <span class='ocrx_word' id='word_1_1022' title='bbox 3313 4746 3444 4785; x_wconf 91' lang='lat' dir='ltr'><strong>esse</strong></span> <span class='ocrx_word' id='word_1_1023' title='bbox 3479 4730 3657 4785; x_wconf 84' lang='lat' dir='ltr'><strong>Filius</strong></span> 
     </span>
    </p>
   </div>
   <div class='ocr_carea' id='block_1_143' title="bbox 1995 4802 3658 4875">
    <p class='ocr_par' dir='ltr' id='par_1_143' title="bbox 1995 4802 3658 4875">
     <span class='ocr_line' id='line_1_149' title="bbox 1995 4802 3658 4875; baseline -0.001 -19"><span class='ocrx_word' id='word_1_1024' title='bbox 1995 4803 2115 4868; x_wconf 91' lang='lat' dir='ltr'><strong>Dei,</strong></span> <span class='ocrx_word' id='word_1_1025' title='bbox 2142 4802 2255 4857; x_wconf 90' lang='lat' dir='ltr'><strong>nisi</strong></span> <span class='ocrx_word' id='word_1_1026' title='bbox 2280 4803 2559 4875; x_wconf 81' lang='lat' dir='ltr'><strong>Spiritum</strong></span> <span class='ocrx_word' id='word_1_1027' title='bbox 2587 4809 2858 4875; x_wconf 81' lang='lat' dir='ltr'><strong>sanctum</strong></span> <span class='ocrx_word' id='word_1_1028' title='bbox 2887 4804 3236 4875; x_wconf 83' lang='lat' dir='ltr'><strong>accepisset,</strong></span> <span class='ocrx_word' id='word_1_1029' title='bbox 3262 4804 3433 4875; x_wconf 85' lang='lat' dir='ltr'><strong>juxta</strong></span> <span class='ocrx_word' id='word_1_1030' title='bbox 3452 4802 3658 4875; x_wconf 50' lang='lat' dir='ltr'><strong>decref</strong></span> 
     </span>
    </p>
   </div>
   <div class='ocr_carea' id='block_1_144' title="bbox 1994 4872 3657 4931">
    <p class='ocr_par' dir='ltr' id='par_1_144' title="bbox 1994 4872 3657 4931">
     <span class='ocr_line' id='line_1_150' title="bbox 1994 4872 3657 4931; baseline -0.002 -3"><span class='ocrx_word' id='word_1_1031' title='bbox 1994 4880 2121 4928; x_wconf 92' lang='lat' dir='ltr'><strong>tum</strong></span> <span class='ocrx_word' id='word_1_1032' title='bbox 2152 4872 2631 4928; x_wconf 81' lang='lat' dir='ltr'><strong>renaScibilitatis</strong></span> <span class='ocrx_word' id='word_1_1033' title='bbox 2664 4874 2917 4929; x_wconf 89' lang='lat' dir='ltr'><strong>donum.</strong></span> <span class='ocrx_word' id='word_1_1034' title='bbox 2942 4872 3088 4931; x_wconf 85' lang='lat' dir='ltr'><strong>Nam</strong></span> <span class='ocrx_word' id='word_1_1035' title='bbox 3121 4879 3177 4929; x_wconf 91' lang='lat' dir='ltr'><strong>et</strong></span> <span class='ocrx_word' id='word_1_1036' title='bbox 3207 4874 3401 4928; x_wconf 69' lang='lat' dir='ltr'><strong>Judtei</strong></span> <span class='ocrx_word' id='word_1_1037' title='bbox 3433 4872 3533 4928; x_wconf 83' lang='lat' dir='ltr'><strong>lilii</strong></span> <span class='ocrx_word' id='word_1_1038' title='bbox 3558 4872 3657 4927; x_wconf 91' lang='lat' dir='ltr'><strong>Dei</strong></span> 
     </span>
    </p>
   </div>
   <div class='ocr_carea' id='block_1_145' title="bbox 1994 4942 3656 5014">
    <p class='ocr_par' dir='ltr' id='par_1_145' title="bbox 1994 4942 3656 5014">
     <span class='ocr_line' id='line_1_151' title="bbox 1994 4942 3656 5014; baseline -0.002 -15"><span class='ocrx_word' id='word_1_1039' title='bbox 1994 4945 2130 4999; x_wconf 89' lang='lat' dir='ltr'><strong>dicti</strong></span> <span class='ocrx_word' id='word_1_1040' title='bbox 2168 4951 2304 5000; x_wconf 90' lang='lat' dir='ltr'><strong>sunt</strong></span> <span class='ocrx_word' id='word_1_1041' title='bbox 2342 4945 2402 4999; x_wconf 90' lang='lat' dir='ltr'><strong>in</strong></span> <span class='ocrx_word' id='word_1_1042' title='bbox 2433 4946 2769 5009; x_wconf 89' lang='lat' dir='ltr'><strong>devotione,</strong></span> <span class='ocrx_word' id='word_1_1043' title='bbox 2802 4961 2921 5000; x_wconf 90' lang='lat' dir='ltr'><strong>non</strong></span> <span class='ocrx_word' id='word_1_1044' title='bbox 2962 4946 3019 5000; x_wconf 89' lang='lat' dir='ltr'><strong>in</strong></span> <span class='ocrx_word' id='word_1_1045' title='bbox 3065 4951 3442 5000; x_wconf 87' lang='lat' dir='ltr'><strong>sacramento</strong></span> <span class='ocrx_word' id='word_1_1046' title='bbox 3494 4942 3656 5014; x_wconf 90' lang='lat' dir='ltr'><strong>quod</strong></span> 
     </span>
    </p>
   </div>
   <div class='ocr_carea' id='block_1_146' title="bbox 1994 5017 3658 5087">
    <p class='ocr_par' dir='ltr' id='par_1_146' title="bbox 1994 5017 3658 5087">
     <span class='ocr_line' id='line_1_152' title="bbox 1994 5017 3658 5087; baseline -0.002 -16"><span class='ocrx_word' id='word_1_1047' title='bbox 1994 5032 2155 5071; x_wconf 89' lang='lat' dir='ltr'><strong>nunc</strong></span> <span class='ocrx_word' id='word_1_1048' title='bbox 2189 5023 2490 5087; x_wconf 85' lang='lat' dir='ltr'><strong>operatur,</strong></span> <span class='ocrx_word' id='word_1_1049' title='bbox 2522 5023 2584 5071; x_wconf 91' lang='lat' dir='ltr'><strong>ut</strong></span> <span class='ocrx_word' id='word_1_1050' title='bbox 2614 5023 2860 5087; x_wconf 75' lang='lat' dir='ltr'><strong>accepta</strong></span> <span class='ocrx_word' id='word_1_1051' title='bbox 2891 5017 3239 5073; x_wconf 85' lang='lat' dir='ltr'><strong>remissione</strong></span> <span class='ocrx_word' id='word_1_1052' title='bbox 3272 5018 3658 5087; x_wconf 83' lang='lat' dir='ltr'><strong>peccatorum</strong></span> 
     </span>
    </p>
   </div>
   <div class='ocr_carea' id='block_1_147' title="bbox 1997 5082 3654 5158">
    <p class='ocr_par' dir='ltr' id='par_1_147' title="bbox 1997 5082 3654 5158">
     <span class='ocr_line' id='line_1_153' title="bbox 1997 5082 3654 5158; baseline -0.004 -17"><span class='ocrx_word' id='word_1_1053' title='bbox 1997 5082 2446 5158; x_wconf 81' lang='lat' dir='ltr'><strong>superveniente</strong></span> <span class='ocrx_word' id='word_1_1054' title='bbox 2502 5092 2710 5143; x_wconf 88' lang='lat' dir='ltr'><strong>sancto</strong></span> <span class='ocrx_word' id='word_1_1055' title='bbox 2758 5082 3014 5158; x_wconf 41' lang='lat' dir='ltr'><strong>’Spiritu,</strong></span> <span class='ocrx_word' id='word_1_1056' title='bbox 3067 5082 3341 5142; x_wconf 80' lang='lat' dir='ltr'><strong>dicantur</strong></span> <span class='ocrx_word' id='word_1_1057' title='bbox 3396 5082 3654 5158; x_wconf 67' lang='lat' dir='ltr'><strong>tilii_l_)_ei.</strong></span> 
     </span>
    </p>
   </div>
   <div class='ocr_carea' id='block_1_148' title="bbox 1998 5104 3658 5229">
    <p class='ocr_par' dir='ltr' id='par_1_148' title="bbox 1998 5104 3658 5229">
     <span class='ocr_line' id='line_1_154' title="bbox 1998 5104 3654 5158; baseline -0.004 -17"><span class='ocrx_word' id='word_1_1058' title='bbox 1998 5105 2061 5141; x_wconf 93' lang='lat' dir='ltr'><strong>su</strong></span> <span class='ocrx_word' id='word_1_1059' title='bbox 2110 5104 2446 5142; x_wconf 79' lang='lat' dir='ltr'><strong>erveniente</strong></span> <span class='ocrx_word' id='word_1_1060' title='bbox 2502 5104 2710 5143; x_wconf 78' lang='lat' dir='ltr'><strong>saneto</strong></span> <span class='ocrx_word' id='word_1_1061' title='bbox 2768 5104 3014 5158; x_wconf 72' lang='lat' dir='ltr'><strong>Dpll‘llu,</strong></span> <span class='ocrx_word' id='word_1_1062' title='bbox 3067 5104 3341 5142; x_wconf 78' lang='lat' dir='ltr'><strong>dicantur</strong></span> <span class='ocrx_word' id='word_1_1063' title='bbox 3396 5104 3497 5139; x_wconf 85' lang='lat' dir='ltr'><strong>mu</strong></span> <span class='ocrx_word' id='word_1_1064' title='bbox 3534 5104 3654 5138; x_wconf 77' lang='lat' dir='ltr'><strong>U81.</strong></span> 
     </span>
     <span class='ocr_line' id='line_1_155' title="bbox 1998 5104 3658 5229; baseline -0.005 -14"><span class='ocrx_word' id='word_1_1065' title='bbox 1998 5104 2267 5215; x_wconf 48' lang='lat' dir='ltr'><strong>Salvator</strong></span> <span class='ocrx_word' id='word_1_1066' title='bbox 2296 5174 2437 5229; x_wconf 91' lang='lat' dir='ltr'><strong>ergo</strong></span> <span class='ocrx_word' id='word_1_1067' title='bbox 2464 5164 2520 5212; x_wconf 93' lang='lat' dir='ltr'><strong>et</strong></span> <span class='ocrx_word' id='word_1_1068' title='bbox 2544 5164 2716 5213; x_wconf 88' lang='lat' dir='ltr'><strong>natus</strong></span> <span class='ocrx_word' id='word_1_1069' title='bbox 2743 5165 2830 5213; x_wconf 89' lang='lat' dir='ltr'><strong>est</strong></span> <span class='ocrx_word' id='word_1_1070' title='bbox 2859 5159 3189 5213; x_wconf 88' lang='lat' dir='ltr'><strong>secundum</strong></span> <span class='ocrx_word' id='word_1_1071' title='bbox 3220 5172 3459 5229; x_wconf 84' lang='lat' dir='ltr'><strong>carnem</strong></span> <span class='ocrx_word' id='word_1_1072' title='bbox 3483 5155 3658 5209; x_wconf 90' lang='lat' dir='ltr'><strong>Filius</strong></span> 
     </span>
    </p>
   </div>
   <div class='ocr_carea' id='block_1_149' title="bbox 1999 5227 3661 5300">
    <p class='ocr_par' dir='ltr' id='par_1_149' title="bbox 1999 5227 3661 5300">
     <span class='ocr_line' id='line_1_156' title="bbox 1999 5227 3661 5300; baseline -0.003 -16"><span class='ocrx_word' id='word_1_1073' title='bbox 1999 5233 2116 5297; x_wconf 90' lang='lat' dir='ltr'><strong>Dei,</strong></span> <span class='ocrx_word' id='word_1_1074' title='bbox 2145 5236 2200 5285; x_wconf 91' lang='lat' dir='ltr'><strong>et</strong></span> <span class='ocrx_word' id='word_1_1075' title='bbox 2220 5235 2354 5300; x_wconf 88' lang='lat' dir='ltr'><strong>post</strong></span> <span class='ocrx_word' id='word_1_1076' title='bbox 2375 5227 2446 5284; x_wconf 80' lang='lat' dir='ltr'><strong>in</strong></span> <span class='ocrx_word' id='word_1_1077' title='bbox 2475 5229 2757 5299; x_wconf 86' lang='lat' dir='ltr'><strong>mysterio</strong></span> <span class='ocrx_word' id='word_1_1078' title='bbox 2782 5230 3072 5285; x_wconf 80' lang='lat' dir='ltr'><strong>firmatus.</strong></span> <span class='ocrx_word' id='word_1_1079' title='bbox 3100 5232 3211 5284; x_wconf 84' lang='lat' dir='ltr'><strong>Nec</strong></span> <span class='ocrx_word' id='word_1_1080' title='bbox 3237 5227 3395 5300; x_wconf 82' lang='lat' dir='ltr'><strong>enim</strong></span> <span class='ocrx_word' id='word_1_1081' title='bbox 3428 5230 3661 5295; x_wconf 87' lang='lat' dir='ltr'><strong>poterat</strong></span> 
     </span>
    </p>
   </div>
   <div class='ocr_carea' id='block_1_150' title="bbox 1995 5298 3660 5371">
    <p class='ocr_par' dir='ltr' id='par_1_150' title="bbox 1995 5298 3660 5371">
     <span class='ocr_line' id='line_1_157' title="bbox 1995 5298 3660 5371; baseline -0.004 -15"><span class='ocrx_word' id='word_1_1082' title='bbox 1995 5301 2161 5371; x_wconf 85' lang='lat' dir='ltr'><strong>quod</strong></span> <span class='ocrx_word' id='word_1_1083' title='bbox 2186 5298 2256 5355; x_wconf 86' lang='lat' dir='ltr'><strong>de</strong></span> <span class='ocrx_word' id='word_1_1084' title='bbox 2280 5306 2490 5356; x_wconf 91' lang='lat' dir='ltr'><strong>sancto</strong></span> <span class='ocrx_word' id='word_1_1085' title='bbox 2520 5298 2736 5371; x_wconf 81' lang='lat' dir='ltr'><strong>Spiritu</strong></span> <span class='ocrx_word' id='word_1_1086' title='bbox 2769 5305 2978 5355; x_wconf 92' lang='lat' dir='ltr'><strong>natum</strong></span> <span class='ocrx_word' id='word_1_1087' title='bbox 3011 5305 3117 5363; x_wconf 91' lang='lat' dir='ltr'><strong>est,</strong></span> <span class='ocrx_word' id='word_1_1088' title='bbox 3152 5314 3272 5371; x_wconf 88' lang='lat' dir='ltr'><strong>non</strong></span> <span class='ocrx_word' id='word_1_1089' title='bbox 3293 5298 3367 5352; x_wconf 91' lang='lat' dir='ltr'><strong>de</strong></span> <span class='ocrx_word' id='word_1_1090' title='bbox 3390 5300 3505 5353; x_wconf 90' lang='lat' dir='ltr'><strong>Deo</strong></span> <span class='ocrx_word' id='word_1_1091' title='bbox 3528 5313 3660 5352; x_wconf 90' lang='lat' dir='ltr'><strong>nas-</strong></span> 
     </span>
    </p>
   </div>
   <div class='ocr_carea' id='block_1_151' title="bbox 1996 5370 3660 5442">
    <p class='ocr_par' dir='ltr' id='par_1_151' title="bbox 1996 5370 3660 5442">
     <span class='ocr_line' id='line_1_158' title="bbox 1996 5370 3660 5442; baseline -0.003 -15"><span class='ocrx_word' id='word_1_1092' title='bbox 1996 5370 2047 5427; x_wconf 84' lang='lat' dir='ltr'><strong>Ci</strong></span> <span class='ocrx_word' id='word_1_1093' title='bbox 2077 5394 2089 5436; x_wconf 85' lang='lat'><strong>;</strong></span> <span class='ocrx_word' id='word_1_1094' title='bbox 2123 5372 2227 5427; x_wconf 90' lang='lat' dir='ltr'><strong>sed</strong></span> <span class='ocrx_word' id='word_1_1095' title='bbox 2259 5378 2321 5426; x_wconf 88' lang='lat' dir='ltr'><strong>ut</strong></span> <span class='ocrx_word' id='word_1_1096' title='bbox 2349 5370 2722 5442; x_wconf 82' lang='lat' dir='ltr'><strong>propositum</strong></span> <span class='ocrx_word' id='word_1_1097' title='bbox 2758 5371 3017 5441; x_wconf 81' lang='lat' dir='ltr'><strong>mysterii</strong></span> <span class='ocrx_word' id='word_1_1098' title='bbox 3045 5370 3409 5442; x_wconf 86' lang='lat' dir='ltr'><strong>impleretur,</strong></span> <span class='ocrx_word' id='word_1_1099' title='bbox 3449 5384 3660 5440; x_wconf 89' lang='lat' dir='ltr'><strong>super-</strong></span> 
     </span>
    </p>
   </div>
   <div class='ocr_carea' id='block_1_152' title="bbox 1997 5440 3650 5514">
    <p class='ocr_par' dir='ltr' id='par_1_152' title="bbox 1997 5440 3650 5514">
     <span class='ocr_line' id='line_1_159' title="bbox 1997 5440 3650 5514; baseline -0.001 -17"><span class='ocrx_word' id='word_1_1100' title='bbox 1997 5444 2266 5498; x_wconf 89' lang='lat' dir='ltr'><strong>veniente</strong></span> <span class='ocrx_word' id='word_1_1101' title='bbox 2300 5440 2510 5514; x_wconf 81' lang='lat' dir='ltr'><strong>spiritu</strong></span> <span class='ocrx_word' id='word_1_1102' title='bbox 2545 5459 2663 5498; x_wconf 92' lang='lat' dir='ltr'><strong>non</strong></span> <span class='ocrx_word' id='word_1_1103' title='bbox 2696 5440 3061 5497; x_wconf 86' lang='lat' dir='ltr'><strong>diminutum</strong></span> <span class='ocrx_word' id='word_1_1104' title='bbox 3090 5440 3207 5514; x_wconf 82' lang='lat' dir='ltr'><strong>est,</strong></span> <span class='ocrx_word' id='word_1_1105' title='bbox 3243 5440 3650 5514; x_wconf 84' lang='lat' dir='ltr'><strong>sedauctum.</strong></span> 
     </span>
    </p>
   </div>
   <div class='ocr_carea' id='block_1_153' title="bbox 2069 5512 3662 5585">
    <p class='ocr_par' dir='ltr' id='par_1_153' title="bbox 2069 5512 3662 5585">
     <span class='ocr_line' id='line_1_160' title="bbox 2069 5512 3662 5585; baseline 0 -18"><span class='ocrx_word' id='word_1_1106' title='bbox 2069 5514 2143 5585; x_wconf 76' lang='grc' dir='ltr'><strong>(ὁ)</strong></span> <span class='ocrx_word' id='word_1_1107' title='bbox 2198 5512 2464 5569; x_wconf 76' lang='lat' dir='ltr'><strong>Christus</strong></span> <span class='ocrx_word' id='word_1_1108' title='bbox 2497 5514 2674 5569; x_wconf 86' lang='lat' dir='ltr'><strong>Filius</strong></span> <span class='ocrx_word' id='word_1_1109' title='bbox 2722 5515 2818 5569; x_wconf 92' lang='lat' dir='ltr'><strong>Dei</strong></span> <span class='ocrx_word' id='word_1_1110' title='bbox 2879 5513 3213 5569; x_wconf 89' lang='lat' dir='ltr'><strong>secundum</strong></span> <span class='ocrx_word' id='word_1_1111' title='bbox 3271 5512 3547 5584; x_wconf 89' lang='lat' dir='ltr'><strong>spiritum</strong></span> <span class='ocrx_word' id='word_1_1112' title='bbox 3589 5527 3662 5567; x_wconf 82' lang='lat' dir='ltr'><strong>ex</strong></span> 
     </span>
    </p>
   </div>
   <div class='ocr_carea' id='block_1_154' title="bbox 2082 5655 3381 5719">
    <p class='ocr_par' dir='ltr' id='par_1_154' title="bbox 2082 5655 3381 5719">
     <span class='ocr_line' id='line_1_161' title="bbox 2082 5655 3381 5719; baseline -0.002 -14"><span class='ocrx_word' id='word_1_1113' title='bbox 2082 5660 2130 5719; x_wconf 89' lang='lat' dir='ltr'><strong>a)</strong></span> <span class='ocrx_word' id='word_1_1114' title='bbox 2166 5656 2399 5716; x_wconf 58' lang='lat' dir='ltr'><strong>Quaestio</strong></span> <span class='ocrx_word' id='word_1_1115' title='bbox 2430 5656 2616 5707; x_wconf 87' lang='lat' dir='ltr'><strong>eadem</strong></span> <span class='ocrx_word' id='word_1_1116' title='bbox 2647 5670 2712 5706; x_wconf 81' lang='lat' dir='ltr'><strong>ex</strong></span> <span class='ocrx_word' id='word_1_1117' title='bbox 2740 5656 2864 5719; x_wconf 85' lang='lat' dir='ltr'><strong>Mss.</strong></span> <span class='ocrx_word' id='word_1_1118' title='bbox 2897 5655 3118 5705; x_wconf 90' lang='lat' dir='ltr'><strong>secundi</strong></span> <span class='ocrx_word' id='word_1_1119' title='bbox 3153 5655 3381 5719; x_wconf 81' lang='lat' dir='ltr'><strong>generis;</strong></span> 
     </span>
    </p>
   </div>
   <div class='ocr_carea' id='block_1_155' title="bbox 2083 5717 3661 5789">
    <p class='ocr_par' dir='ltr' id='par_1_155' title="bbox 2083 5717 3661 5789">
     <span class='ocr_line' id='line_1_162' title="bbox 2083 5717 3661 5789; baseline -0.001 -21"><span class='ocrx_word' id='word_1_1120' title='bbox 2083 5717 2132 5783; x_wconf 87' lang='lat' dir='ltr'><strong>b)</strong></span> <span class='ocrx_word' id='word_1_1121' title='bbox 2172 5720 2404 5779; x_wconf 74' lang='lat' dir='ltr'><strong>Quaestio</strong></span> <span class='ocrx_word' id='word_1_1122' title='bbox 2462 5720 2648 5770; x_wconf 88' lang='lat' dir='ltr'><strong>eadem</strong></span> <span class='ocrx_word' id='word_1_1123' title='bbox 2703 5732 2768 5769; x_wconf 82' lang='lat' dir='ltr'><strong>ex</strong></span> <span class='ocrx_word' id='word_1_1124' title='bbox 2804 5718 2933 5773; x_wconf 84' lang='lat' dir='ltr'><strong>Mss.</strong></span> <span class='ocrx_word' id='word_1_1125' title='bbox 2986 5717 3209 5768; x_wconf 88' lang='lat' dir='ltr'><strong>secundi</strong></span> <span class='ocrx_word' id='word_1_1126' title='bbox 3252 5717 3484 5783; x_wconf 86' lang='lat' dir='ltr'><strong>generis,</strong></span> <span class='ocrx_word' id='word_1_1127' title='bbox 3536 5718 3661 5789; x_wconf 69' lang='lat' dir='ltr'><strong>inte</strong></span> 
     </span>
    </p>
   </div>
  </div>
