4112 6192
179 168 353 223 2257

179 290 498 364 ignoravit
513 304 688 364 _eum.
724 289 975 364 Sciebat
995 291 1156 347 enim
1188 306 1349 364 eum,
1379 292 1485 348 sed
1516 307 1592 349 an
1624 292 1751 364 ipse
1770 309 1856 348 es-

181 368 305 427 set,
343 362 446 434 qui
490 361 719 417 donum
785 362 879 416 Dei
923 361 1062 416 olim
1090 363 1387 435 Patribus
1428 361 1858 435 repromissum

181 435 648 490 ministraturus
678 439 851 506 esset.
884 434 1186 490 nesciebat
1212 452 1225 489 :
1248 435 1358 489 hoc
1390 434 1683 506 est,’quod
1719 442 1857 493 tunc

182 522 253 562 se
300 505 577 578 didicisse
608 505 936 578 profitetur,
972 522 1109 561 cum
1144 506 1285 561 vidit
1315 508 1371 562 in
1404 505 1552 562 eum
1575 508 1853 578 Spiritum

184 577 600 633 descendisse.
648 576 739 631 Sic
770 577 929 631 enim
963 592 1023 631 se
1076 594 1111 631 ει
1154 580 1270 633 Deo
1315 576 1664 634 instructum
1715 579 1857 633 dicit

182 653 483 710 Joannes,
533 648 705 717 Super
732 666 904 717 quem,
955 648 1054 713 ait,
1088 648 1291 703 videris
1335 650 1604 719 Spiritum
1646 650 1851 704 descen-

182 722 409 776 dentem
437 724 487 774 et
534 727 836 773 manentem
866 736 1028 789 super
1056 737 1195 783 eum,
1239 722 1348 790 ipse
1392 728 1467 775 est
1494 722 1586 791 qui
1617 720 1853 791 baptizat

186 794 251 847 in
281 792 504 863 Spiritu
524 798 725 844 sancto.
758 793 875 863 Hoc
898 793 1077 846 etiam
1100 793 1421 861 Apostolus
1450 799 1849 848 contestatur:

186 862 337 919 Dico
364 863 528 925 enim,
548 862 758 933 inquit,
787 862 1066 917 Christum
1090 864 1404 918 ministrum
1431 864 1605 931 fuisse
1626 865 1854 919 circum-

186 936 426 990 cisionis
454 940 677 1004 propter
706 936 983 988 veritatem
1015 934 1134 993 Dei.
1191 936 1260 988 ad
1301 935 1694 1005 conﬁrmandus
1731 953 1854 1005 pro-

188 1007 481 1061 missiones
510 1007 740 1059 Patrum
770 1006 947 1075 (Rom.
996 1023 1090 1070 xv,
1123 1006 1201 1069 8).
1236 1008 1355 1061 Hoc
1383 1008 1440 1061 in
1472 1023 1594 1077 quo
1627 1007 1855 1061 nescie-

188 1079 304 1135 bat
352 1077 665 1132 Dominum
708 1077 967 1131 Joannes
1009 1079 1336 1147 :quamvis
1370 1077 1528 1132 enim
1577 1078 1849 1147 magniﬁ-

191 1150 461 1205 centiam
488 1148 616 1216 ejus
646 1163 767 1203 non
793 1148 1111 1215 ignoraret,
1137 1148 1249 1203 hoc
1278 1154 1475 1203 tamen
1504 1149 1669 1204 latuit
1690 1166 1847 1215 eum,

190 1221 347 1294 quia
376 1234 480 1294 per
510 1220 708 1294 ipsum
741 1219 890 1294 fides
919 1220 1168 1294 Abrahae
1199 1220 1505 1294 implenda
1525 1224 1670 1275 erat.

270 1289 408 1362 LIX.
431 1321 497 1331 —
537 1289 594 1346 Si
628 1290 928 1361 Baptisma
958 1290 1195 1345 cceleste
1226 1289 1576 1362 mysterium
1610 1296 1716 1356 est,
1748 1307 1853 1345 cur

193 1361 525 1418 Nicodemo
579 1377 717 1433 cum
767 1362 839 1415 de
894 1362 1193 1433 Baptismo
1250 1361 1543 1418 dubitanti
1593 1363 1853 1433 loquitur

195 1434 513 1499 Dominus,
570 1432 636 1487 Si
676 1434 982 1505 terrestria,
1044 1433 1257 1505 inquit,
1302 1434 1424 1488 dixi
1461 1434 1623 1497 vobis,
1651 1432 1699 1488 et
1740 1450 1852 1505 non

189 1505 445 1645 geditis,
498 1503 755 1645 qiu‘q)m?odo
806 1506 853 1559 si
906 1504 1097 1559 dixero
1132 1503 1291 1559 vobis
1338 1505 1569 1560 caelestia
1624 1504 1853 1560 credetis

256 1593 383 1630 oan.
416 1592 489 1638 ιιι,
559 1614 589 1629 -

192 1580 383 1647 (Joan.
416 1592 489 1638 ιιι,
527 1580 589 1630 l2

271 1647 383 1712 Qui
415 1647 785 1716 Baptismum
808 1649 977 1716 putat
1003 1647 1227 1701 carnali
1250 1647 1478 1703 ratione
1510 1647 1848 1711 consistere,

191 1719 294 1774 hic
325 1734 445 1773 non
475 1724 564 1772 est
604 1717 928 1788 spiritualis
963 1740 973 1769 :
1009 1733 1117 1773 nec
1152 1718 1376 1773 donum
1418 1720 1654 1774 cceleste
1686 1724 1852 1788 pote-

192 1791 270 1845 rit
302 1789 605 1860 consequi,
639 1790 741 1859 qui
766 1805 975 1862 seqnon
1008 1806 1110 1859 per
1140 1806 1385 1861 aquam,
1414 1791 1513 1844 sed
1539 1806 1643 1862 per
1668 1789 1851 1862 ﬁdem

195 1862 509 1916 immutari
547 1876 669 1933 non
717 1860 940 1915 credat.
994 1867 1163 1933 Aqua
1202 1860 1365 1916 enim
1418 1860 1695 1927 cernitur,
1746 1861 1851 1916 sed

193 1934 301 2005 qui
336 1948 456 2005 non
510 1931 745 2005 videtur
791 1933 1040 2005 Spiritus
1061 1931 1373 2002 'operatur,
1408 1940 1469 1989 ut
1502 1933 1648 1987 tides
1678 1934 1747 2005 in
1780 1948 1851 1988 eo

194 2003 291 2059 sit.
322 2004 471 2069 Quia
496 2003 880 2075 sicutsordes
906 2020 1224 2073 corporeas
1269 2020 1453 2075 aqua,
1488 2005 1569 2060 ita
1599 2004 1851 2075 Spiritus

194 2075 469 2130 animam
505 2074 694 2130 abluit
724 2091 757 2130 a
789 2076 1047 2145 peccatis
1081 2098 1091 2134 :
1128 2080 1193 2129 ut
1236 2074 1545 2146 quOmodo
1593 2074 1851 2130 vi’sibilia

196 2147 563 2210 visibilibUS,
595 2147 678 2201 ita
703 2150 759 2218 et
788 2146 1198 2218 spiritualibus
1230 2148 1417 2217 prosit
1446 2148 1696 2218 Spiritus
1727 2164 1739 2201 :
1781 2163 1850 2202 ac

199 2234 308 2290 per
334 2218 445 2273 hoc
475 2216 1249 2290 spiritualisratiovertitur
1277 2219 1333 2273 in
1366 2216 1688 2290 Baptismo.
1718 2219 1851 2273 Plus

197 2288 364 2361 enim
393 2293 479 2344 est
512 2288 618 2343 ibi
670 2288 833 2361 quod
863 2288 1125 2354 auditur,
1161 2306 1341 2361 quam
1375 2288 1538 2361 quod
1594 2289 1847 2344 videtur.

199 2360 351 2416 Cum
383 2361 523 2415 hinc
569 2375 711 2429 ergo
741 2360 1097 2415 Nicodemus
1123 2360 1349 2416 carnali
1391 2360 1711 2415 instructus
1752 2376 1848 2415 ra-

200 2434 364 2488 tione
388 2431 706 2495 dubitaret,
733 2432 997 2487 Salvator
1029 2437 1089 2486 nt
1113 2448 1249 2487 eum
1278 2432 1353 2488 ad
1386 2432 1564 2487 ﬁdem
1597 2432 1851 2487 attrahe-

202 2508 293 2559 ret
330 2502 604 2574 exemplo
637 2518 779 2557 usus
821 2509 906 2558 est
929 2518 1210 2572 congruo,
1236 2508 1295 2558 ut
1319 2503 1395 2558 ad
1428 2519 1549 2557 rem
1580 2503 1849 2557 invisibi-

201 2574 321 2630 lem
376 2574 740 2629 ﬁrmandam
798 2574 1021 2630 visibile
1068 2575 1234 2630 daret
1264 2574 1621 2645 exemplum,
1682 2575 1847 2644 quod

203 2647 332 2702 solo
363 2646 572 2701 auditu
598 2646 888 2713 consistit,
917 2661 1038 2701 non
1067 2647 1218 2712 visu,
1242 2652 1297 2700 et
1324 2662 1443 2701 non
1475 2651 1725 2715 negatur
1753 2662 1764 2700 :
1793 2650 1849 2701 et

196 2724 281 2772 est
329 2723 531 2772 tamen
582 2721 900 2779 terrenum,
934 2718 1077 2788 quia
1110 2717 1321 2772 mundi
1366 2733 1489 2772 rem
1531 2722 1838 2786 cperutur.

195 2790 288 2843 Ait
314 2804 457 2857 ergo
512 2789 796 2843 Dominus
850 2788 924 2844 ad
958 2787 1346 2844 Nicodemum
1396 2788 1708 2843 suadendo
1744 2787 1843 2851 illi,

194 2860 437 2930 Spiritus
469 2859 563 2913 ubi
586 2858 697 2914 vult
729 2859 925 2929 spirat,
956 2868 1005 2915 et
1049 2878 1219 2915 vocem
1254 2861 1365 2930 ejus
1395 2860 1568 2926 audis,
1602 2867 1650 2913 et
1683 2859 1848 2913 nescis

193 2932 335 2987 unde
380 2931 561 2985 veniat
590 2931 671 2985 vel
699 2948 799 3001 quo
827 2938 930 2986 eat.
984 2932 1072 2986 Sic
1102 2936 1175 2987 est
1216 2931 1389 2986 omnis
1416 2933 1509 3001 qui
1544 2931 1848 2985 renascitur

194 3020 261 3057 ea:
280 3020 419 3073 aqua
451 3006 499 3056 et
524 3001 740 3073 Spiritu
767 3010 949 3057 sancto
981 3019 1002 3059 :
1034 3007 1095 3058 ut
1122 3003 1431 3073 quomodo
1463 3018 1579 3057 vox
1611 3003 1847 3057 venien-

196 3074 270 3129 tis
302 3073 565 3146 spiritus,
595 3074 786 3146 idest,
819 3075 999 3146 venti,
1030 3075 1269 3146 auditur
1299 3074 1565 3146 quidem,
1594 3089 1714 3129 non
1745 3089 1848 3146 au:

198 3149 313 3202 tem
337 3144 595 3210 videtur,
620 3145 771 3199 sicut
801 3145 1024 3201 dictum
1047 3151 1134 3201 est
1159 3162 1173 3211 ;
1198 3145 1281 3200 sic
1305 3144 1361 3201 et
1384 3145 1533 3200 ratio
1561 3144 1847 3215 Baptismi

195 3216 437 3273 auditur
480 3218 642 3287 quod
676 3216 928 3283 dicatur,
957 3223 1157 3272 tamen
1190 3216 1496 3287 quomodo
1542 3232 1647 3287 per
1673 3216 1848 3287 Spiri-

194 3294 321 3343 tum
361 3288 424 3343 ﬁt
453 3286 574 3343 neu
608 3288 839 3343 videtur
870 3311 880 3350 ;
914 3288 1155 3344 auditur
1194 3286 1388 3343 tamen
1420 3304 1556 3343 cum
1586 3286 1730 3350 quid
1763 3286 1846 3342 fu.

194 3364 395 3415 turum
440 3364 531 3414 est
560 3359 634 3413 ab
683 3374 753 3414 eo
784 3360 888 3429 qui
922 3360 1100 3414 verba
1131 3359 1412 3423 insinuat,
1465 3359 1842 3429 praedicatur,

198 3436 261 3485 ut
292 3431 415 3486 ﬁeri
457 3430 734 3485 credatur
779 3431 942 3501 quod
988 3430 1245 3497 auditur,
1289 3447 1407 3485 non
1464 3437 1662 3485 tamen
1695 3429 1846 3501 ratio

197 3501 332 3557 facti
363 3501 666 3557 reddatur.
698 3500 843 3559 Cum
868 3508 1066 3557 autem
1100 3517 1209 3556 nec
1235 3517 1338 3572 per
1381 3501 1720 3570 exemplum
1756 3500 1845 3554 Ni-

197 3574 484 3629 codemus
513 3573 827 3629 duceretur
866 3573 942 3628 ad
974 3573 1179 3640 ﬁdem,
1215 3578 1351 3627 tunc
1379 3573 1607 3628 audivit
1637 3587 1672 3627 a
1714 3572 1846 3627 Sal-

198 3650 421 3709 vatore,
452 3643 512 3698 Si
540 3645 847 3706 terrestria,
877 3645 1089 3716 inquit,
1120 3644 1248 3698 dixi
1270 3643 1436 3711 vobis,
1469 3652 1641 3716 etnon
1670 3642 1846 3697 credi-

199 3717 271 3771 tis
302 3729 323 3785 ;
349 3716 599 3787 quomodo
626 3717 676 3771 si
721 3716 912 3771 dixero
939 3715 1080 3770 vobis
1100 3716 1357 3787 rcwlestia,
1390 3715 1629 3787 credetis
1671 3716 1699 3771 ?
1731 3717 1849 3787 ista

203 3785 382 3843 verba
412 3795 644 3843 terrena
681 3787 842 3852 dixit,
874 3804 1006 3858 quas
1037 3786 1113 3841 ad
1166 3786 1508 3855 exemplum
1560 3785 1842 3858 protulit:

198 3858 312 3913 hoc
331 3865 437 3923 est,
472 3860 522 3914 si
554 3874 658 3929 per
678 3856 970 3915 rationem
1002 3864 1320 3922 terrenam,
1344 3856 1576 3930 inquit,
1593 3856 1850 3930 exempli

198 3930 338 3988 dati.
368 3928 635 4000 spiritus,
663 3931 720 3985 id
751 3937 857 3998 est,
887 3932 1065 3993 venti,
1085 3945 1205 3984 non
1231 3928 1472 3984 creditis
1494 3945 1666 3998 posse
1698 3928 1845 4000 fieri,

200 4001 343 4073 quia
372 3999 680 4074 quomodo
730 4002 851 4066 fiat,
894 4017 1014 4074 non
1045 4000 1278 4074 videtur
1312 4017 1325 4066 ;
1374 4000 1683 4074 quomodo
1714 3999 1848 4074 ﬁeri

199 4071 444 4144 poterat,
472 4078 535 4128 ut
566 4072 614 4128 si
637 4073 843 4128 darem
877 4073 1137 4128 caelestia
1158 4071 1452 4136 exempla,
1486 4088 1621 4144 quas
1646 4071 1848 4144 utique

200 4142 457 4212 nescitis,
493 4145 809 4200 crederetis
838 4144 865 4198 ‘I
916 4145 1114 4199 Potest
1142 4145 1301 4198 enim
1331 4142 1562 4198 homini
1608 4142 1847 4197 suaderi

247 4215 361 4270 uod
394 4216 599 4283 nescit,
632 4231 738 4286 per
772 4215 832 4270 id
860 4216 1023 4286 quod
1056 4214 1164 4270 scit
1197 4230 1210 4279 ;
1242 4220 1302 4269 ut
1336 4219 1482 4285 puta
1528 4214 1677 4286 Deus
1708 4214 1847 4268 dicit

247 4231 361 4270 uou
394 4231 599 4283 nescit,
632 4231 738 4286 per
772 4231 832 4270 iu
860 4231 1023 4286 quoa
1056 4231 1164 4270 scit
1197 4231 1210 4279 ;
1242 4231 1302 4269 ut
1336 4231 1482 4285 puta
1528 4231 1677 4267 ueus
1708 4231 1846 4268 uicit

198 4231 271 4341 ge
299 4286 548 4350 Christo,
579 4286 745 4357 quod
790 4286 963 4341 Filius
1003 4286 1134 4357 eius
1166 4288 1241 4341 sit
1271 4302 1464 4348 verus,
1507 4284 1670 4355 quod
1701 4300 1846 4355 quo-

200 4357 381 4412 modo
410 4358 502 4423 sit,
532 4358 955 4428 comprehendi
987 4373 1109 4413 non
1140 4362 1330 4427 potest
1360 4372 1371 4409 :
1418 4372 1521 4428 per
1552 4357 1624 4428 id
1647 4362 1846 4428 autem

198 4428 357 4501 quod
387 4430 609 4501 scimus
626 4427 959 4501 secundum
981 4444 1229 4501 carnem
1251 4427 1699 4501 quomodosint
1721 4427 1845 4485 filii.

198 4498 494 4555 credimus
525 4500 657 4555 ideo
692 4504 874 4556 Deum
906 4500 1144 4565 dixisse,
1180 4500 1440 4555 Christus
1472 4498 1649 4555 Filius
1680 4515 1848 4553 meus

199 4577 285 4643 est
316 4587 504 4637 verus,
541 4578 601 4627 ut
631 4572 704 4627 de
732 4571 1057 4643 semetipso
1096 4570 1275 4643 illum
1297 4587 1431 4625 esse
1462 4570 1843 4643 signiﬁcaret.

202 4642 323 4697 Hoc
372 4643 552 4698 modo
599 4648 655 4697 et
705 4643 1071 4700 Salvatorem
1120 4642 1283 4700 quod
1339 4657 1445 4697 nec
1494 4642 1690 4696 verbis
1742 4657 1847 4696 nec

201 4714 403 4769 animo
434 4714 713 4785 explicari
742 4719 953 4785 potest,
978 4730 1083 4784 per
1105 4712 1161 4768 id
1185 4715 1351 4784 quod
1379 4712 1663 4768 sensibile
1688 4718 1775 4768 est
1793 4716 1848 4767 et

202 4785 445 4840 auribus
477 4785 734 4848 auditur,
772 4786 957 4841 voluit
982 4787 1408 4841 commendare
1438 4803 1450 4850 ;
1494 4786 1607 4840 hoc
1636 4790 1723 4840 est
1744 4800 1849 4855 per

199 4856 539 4928 exemplum
575 4857 815 4927 spiritus
844 4857 947 4928 qui
977 4862 1065 4911 est
1094 4862 1538 4928 ventustquem
1581 4861 1637 4910 et
1667 4856 1850 4910 sensi-

198 4927 397 4983 bilitas
426 4928 587 4998 capit
610 4926 666 4983 et
695 4926 1069 4989 auris'audit.
1102 4928 1207 4982 sed
1238 4926 1394 4982 unde
1421 4928 1619 4982 veniat
1639 4928 1845 4991 nescit,

200 4999 422 5054 factum
446 4999 694 5069 Spiritus
718 5000 927 5064 sancti,
947 5000 1111 5070 quod
1134 4999 1268 5068 capi
1292 5014 1411 5053 non
1436 4998 1849 5070 potest,qvoluit

201 5070 391 5126 facere
432 5068 732 5126 credibile.
770 5072 881 5127 Sed
927 5068 981 5125 et
1041 5072 1099 5124 in
1130 5070 1369 5126 Actibus
1424 5068 1847 5140 Apostolorum

201 5141 412 5196 eodem
447 5142 626 5197 modo
676 5142 888 5209 legitur
921 5160 933 5198 :
966 5143 1042 5197 Et
1089 5143 1264 5211 factus
1306 5148 1401 5203 est,
1434 5142 1644 5211 inquit,
1673 5140 1849 5194 subito

202 5213 262 5267 de
303 5213 427 5285 aceto
467 5230 650 5278 sonus,
677 5220 931 5285 tanquam
959 5212 1293 5267 advenientis
1321 5213 1553 5282 spiritus
1582 5211 1777 5276 validi,
1800 5218 1848 5265 et

204 5284 425 5354 replevit
458 5292 624 5339 totam
670 5284 881 5339 domum
930 5286 1075 5354 (Act.
1113 5303 1166 5349 ιι,
1200 5289 1275 5352 2),
1318 5288 1425 5339 etc.
1472 5287 1614 5338 Ecce
1649 5288 1850 5353 aperte

208 5355 479 5428 exemplo
522 5357 679 5411 venti
715 5358 997 5428 Spiritum
1046 5360 1323 5410 sanctum
1355 5355 1619 5428 insinuat
1666 5356 1743 5411 ita
1775 5354 1849 5428 de

207 5426 353 5481 caelo
379 5427 713 5493 advenisse,
744 5425 801 5482 et
830 5428 1124 5488 sonuisse,
1158 5426 1675 5497 quemadmodum
1713 5425 1851 5479 vali-

206 5499 317 5553 dus
346 5505 556 5553 ventus
582 5514 762 5569 super
793 5504 1023 5554 terram.
1057 5498 1207 5552 Nam
1224 5499 1579 5569 etJeremias
1606 5503 1847 5569 ventum

207 5570 477 5640 spiritum
518 5575 693 5625 vocat
734 5570 958 5635 dicens,
985 5571 1207 5625 Ventus
1259 5568 1446 5639 spirat
1472 5568 1531 5622 in
1559 5568 1726 5640 omni
1758 5584 1850 5621 re-

210 5639 400 5709 gione.
437 5642 543 5707 Qui
574 5647 890 5713 propterea
918 5641 1081 5713 quod
1127 5641 1183 5695 in
1226 5640 1338 5694 hoc
1387 5639 1613 5713 mundo
1645 5645 1748 5713 est,
1797 5644 1852 5694 et

211 5728 313 5785 per
335 5710 1002 5770 diversa'circumfertur
1020 5712 1173 5782 loca,
1194 5714 1352 5768 unde
1374 5712 1595 5779 veniat,
1618 5710 1708 5768 vel
1730 5726 1851 5783 quo

1721 166 1952 226 APPEN
1962 168 2114 224 DIX.

3482 176 3621 235 2258

1966 299 2078 358 eat,
2112 294 2435 351 nescimus.
2471 294 2720 367 Spiritus
2750 299 2951 352 autem
2979 300 3221 353 sanctus
3241 298 3316 354 de
3344 300 3493 357 coelo
3516 317 3618 359 ve-

1964 367 2073 431 nit,
2119 368 2274 421 sicut
2308 366 2587 436 legimus,
2638 373 2700 423 ut
2742 368 3048 423 credentes
3096 369 3407 428 illuminat.
3465 375 3619 438 Quo-

1966 438 2147 511 modo
2177 454 2320 506 ergo
2350 437 2739 511 quibusdam,
2767 439 3000 511 videtur
3040 440 3113 494 de
3164 442 3379 511 Spiritu
3411 437 3617 501 sancto

1966 510 2607 582 Salvatoremidixisse,
2641 509 2889 579 Spiritus
2932 510 3023 565 ubi
3066 511 3178 566 vult
3208 509 3408 582 spirat,
3439 521 3487 569 et
3527 532 3619 571 vo-

1962 596 2066 635 cem
2099 582 2212 651 ejus
2244 581 2424 649 audis,
2470 582 2559 636 sed
2590 583 2761 655 nescis
2804 582 2947 655 unde
2978 584 3182 646 veniat,
3213 581 3293 637 vel
3333 602 3434 655 quo
3475 592 3561 639 eat
3590 585 3619 640 7

1963 668 2099 707 cum
2133 659 2363 707 constet
2393 652 2649 721 exempli
2682 669 2865 707 causa
2904 654 3168 709 locutum
3202 656 3316 710 hoc
3341 652 3620 713 'Salvato-

1962 739 2107 777 rem.
2140 724 2399 797 Denique
2432 724 2704 797 subjecit,
2738 723 2825 797 Sic
2852 732 2944 788 est,
2976 725 3190 795 inquit,
3213 728 3385 781 omnis
3412 728 3505 797 qui
3529 745 3617 782 re-

1960 802 2121 849 natus
2142 796 2314 867 fuerit
2340 813 2405 849 ea:
2417 812 2555 865 aqua
2578 802 2628 849 et
2658 795 2872 865 Spiritu
2897 804 3095 851 sancto.
3127 798 3279 861 Quid
3304 795 3615 867 tam—aper-

1962 871 2109 930 tum,
2144 866 2287 937 quia
2316 868 2589 936 spiritum
2625 873 2867 921 ventum
2902 868 3258 934 significavit
3283 867 3310 921 ‘t
3338 869 3450 923 Sed
3481 866 3614 926 ideo

1962 944 2172 1008 putant
2199 953 2319 993 non
2348 943 2589 993 ventum
2623 937 3045 1007 signiﬁcatum,
3075 940 3219 1010 quia
3248 940 3346 1005 ait,
3373 940 3476 995 Ubi
3501 942 3612 997 vult

1956 1010 2179 1083 spirat:
2212 1012 2382 1083 quasi
2408 1026 2535 1083 non
2559 1010 2755 1064 omnis
2787 1015 3080 1083 creatura,
3114 1010 3240 1083 lege
3263 1011 3373 1083 sibi
3399 1012 3613 1083 posita,

1959 1082 2209 1151 remissa
2234 1080 2307 1135 sit
2336 1080 2579 1136 arbitrio
2611 1081 2870 1151 proprio.
2914 1084 2977 1135 Et
3016 1096 3123 1137 nos
3151 1082 3311 1137 enim
3343 1080 3523 1148 imus,
3558 1088 3616 1140 et

1962 1150 2218 1225 facimus
2266 1151 2430 1223 quod
2462 1151 2759 1225 volumus,
2793 1158 3038 1221 agentes
3081 1152 3195 1207 sub
3220 1153 3347 1225 lege
3379 1172 3392 1221 ;
3426 1169 3614 1225 quare

1960 1228 2014 1277 et
2052 1222 2340 1296 rationein
2373 1223 2817 1296 praestabimus.
2863 1230 2978 1296 Aut
3017 1223 3304 1296 possibile
3348 1222 3608 1296 putatur,

1962 1300 2017 1349 et
2047 1310 2155 1348 nec
2202 1293 2449 1349 stultum
2498 1293 2727 1349 videtur
2769 1298 2832 1348 ut
2860 1293 3135 1349 effectum
3178 1293 3382 1350 volens
3422 1296 3612 1352 sancti

1957 1365 2209 1437 Spiritus
2247 1364 2567 1428 insinuare,
2601 1365 2769 1420 illum
2804 1366 3001 1437 ipsum
3034 1368 3199 1437 daret
3249 1367 3608 1437 exemplum.

1961 1436 2145 1505 Igitur
2179 1436 2344 1491 omni
2372 1451 2586 1503 genere
2615 1436 3014 1506 quaestionem
3044 1436 3300 1491 solutam
3332 1436 3608 1494 arbitror.

2031 1508 2108 1577 (a)
2139 1507 2307 1572 Quod
2339 1507 2505 1571 dixit,
2539 1507 2607 1562 Si
2638 1507 2930 1561 terrestria
2958 1508 3081 1561 diri
3097 1508 3259 1573 vobis,
3289 1515 3335 1562 et
3367 1525 3474 1563 non
3502 1526 3613 1563 cre-

1957 1579 2111 1643 ditis,
2154 1595 2272 1634 non
2313 1579 2565 1648 pertinet
2613 1578 2691 1633 ad
2739 1577 3116 1650 Baptismum
3154 1596 3167 1643 ;
3200 1579 3344 1650 quia
3382 1579 3610 1650 baptis-

1963 1666 2127 1705 mum
2162 1655 2429 1721 nostrum
2454 1650 2675 1704 scimus
2705 1664 2833 1721 esse
2856 1649 3181 1721 spirituale,
3210 1649 3484 1721 quamvis
3508 1666 3613 1720 per

1960 1737 2183 1793 aquam
2215 1720 2542 1776 celebretur
2574 1738 2587 1775 :
2636 1720 2922 1793 sedqratio
2964 1721 3080 1774 illic
3127 1720 3373 1793 vertitur
3403 1722 3614 1778 coales-

1960 1790 2052 1848 tis.
2082 1792 2197 1847 Nec
2221 1793 2378 1846 enim
2412 1808 2574 1861 aqua
2598 1790 2890 1860 puriﬁcat,
2921 1792 3027 1845 sed
3056 1792 3423 1847 invisibiliter
3448 1798 3505 1848 et
3529 1794 3614 1848 in-

1958 1863 2571 1934 comprehensibiliter
2621 1865 2792 1934 Deus.
2838 1863 3087 1934 Pertinet
3123 1879 3258 1917 vero
3304 1864 3379 1934 ad
3423 1864 3612 1918 imita-

1961 1933 2181 1991 tionem
2212 1935 2334 1989 dati
2364 1934 2642 2003 exempli,
2674 1933 2733 1988 id
2764 1939 2875 1997 est,
2909 1933 2986 1988 ad
3012 1934 3068 1987 id
3095 1934 3259 2004 quod
3289 1933 3457 1997 dixit,
3491 1934 3611 2005 Spi-

1962 2007 2102 2061 ritus
2131 2006 2222 2061 ubi
2261 2006 2375 2061 vult
2413 2008 2609 2076 spirat,
2644 2012 2691 2059 et
2732 2021 2904 2059 vocem
2948 2005 3063 2074 ejus
3102 2005 3282 2069 audis,
3323 2005 3412 2059 sed
3442 2007 3612 2060 nescis

1958 2078 2097 2133 unde
2124 2080 2326 2141 veniat,
2346 2076 2427 2131 vel
2450 2093 2550 2147 quo
2571 2083 2678 2132 eat.
2699 2076 2820 2148 Per
2841 2077 2954 2131 hoc
2980 2076 3139 2131 enim
3167 2076 3511 2148 exemplum
3532 2077 3610 2132 ad

1958 2149 2140 2204 ﬁdem
2183 2149 2572 2205 Nicodemum
2618 2147 2800 2203 voluit
2845 2148 3189 2210 informare,
3242 2154 3306 2202 ut
3345 2147 3612 2204 crederet

1959 2221 2189 2276 renasci
2226 2220 2535 2275 hominem
2568 2234 2672 2289 per
2696 2234 2921 2289 aquam
2947 2223 3004 2273 et
3023 2218 3351 2290 Spiritum,
3380 2235 3503 2274 non
3532 2224 3613 2275 ta-

1958 2308 2095 2347 men
2128 2307 2306 2362 posse
2331 2291 2458 2362 capi
2497 2288 2805 2362 quomodo
2831 2290 2934 2344 ﬁat
2962 2306 2973 2345 :
3009 2288 3262 2344 iit—enim
3294 2290 3612 2362 spirituali-

1958 2368 2062 2418 ter.
2095 2360 2185 2418 Sic
2224 2363 2383 2417 enim
2408 2360 2686 2433 spiritus,
2713 2362 2827 2433 hoc
2858 2365 2945 2415 est
2982 2362 3137 2433 venti
3168 2376 3376 2433 vocem
3410 2360 3607 2433 audis,

1956 2451 2094 2505 quae
2147 2430 2473 2498 estsonus,
2507 2433 2609 2487 sed
2660 2432 2852 2505 nescis
2903 2430 3060 2486 unde
3110 2432 3450 2505 veni_at,rvel
3488 2448 3611 2504 quo

1958 2503 2056 2561 eat
2084 2523 2095 2559 :
2130 2506 2213 2560 sic
2242 2509 2297 2559 et
2326 2521 2465 2560 eum
2486 2505 2589 2575 qui
2615 2503 2967 2575 renascitur,
2994 2503 3305 2572 quomodo
3336 2503 3614 2559 immute-

1957 2583 2049 2632 tur
2090 2576 2308 2636 nescis,
2344 2573 2543 2631 tamen
2598 2573 2741 2646 quia
2780 2574 2845 2646 ﬁt
2883 2577 3089 2639 sentis,
3140 2575 3284 2645 quia
3332 2575 3611 2646 immuta-

1957 2649 2178 2703 tionem
2208 2648 2402 2719 ipsam
2428 2644 2636 2719 sentis:
2656 2647 2710 2701 Si
2729 2644 2890 2719 enim
2916 2650 3128 2719 ventus
3149 2644 3385 2701 ubivult
3403 2648 3607 2719 spirat,

1955 2726 2184 2790 quanto
2216 2716 2689 2790 magisSpiritus
2720 2717 2821 2790 qui
2857 2716 2931 2790 de
2949 2717 3089 2790 _l_)_eo
3119 2722 3231 2790 est,
3276 2716 3457 2790 quem
3491 2717 3613 2790 vult

1956 2787 2287 2846 sanctificat
2316 2791 2345 2842 ‘?
2374 2787 2509 2844 Ideo
2531 2795 2728 2843 autem
2752 2787 3048 2860 dixittUbi
3071 2787 3187 2842 vult
3213 2788 3391 2858 spirat
3416 2807 3435 2853 ;
3466 2789 3611 2860 quia

1955 2862 2150 2918 omnis
2177 2859 3075 2931 creaturaquamvissubLege
3103 2865 3337 2928 agatur,
3367 2859 3609 2930 proprio

1956 2938 2154 2989 tamen
2183 2933 2435 2987 dimissa
2456 2929 2543 2986 est
2568 2930 2836 2985 arbitrio.
2862 2929 2918 2985 Si
2945 2930 3081 3001 quis
3108 2936 3307 2986 autem
3336 2929 3611 3001 spiritum

1955 3004 2156 3068 istum,
2188 3004 2468 3075 Spiritum
2502 3006 2779 3075 sanctum
2802 3006 2968 3075 putat
2998 3001 3264 3075 intelligi,
3294 3018 3414 3057 non
3448 3005 3566 3075 stat
3594 3020 3606 3060 :

1953 3077 2178 3147 quippe
2196 3072 2332 3129 cum
2352 3072 2610 3147 exempli
2634 3088 2808 3127 causa
2830 3072 3104 3147 spiritum
3123 3072 3301 3127 istum
3324 3073 3607 3147 posuerit,

1954 3142 2262 3218 per’quem
2285 3145 2451 3217 quod
2467 3144 2697 3199 dixerat
2716 3142 2951 3218 renasci
2960 3142 3397 3218 _per_aquam'et
3425 3144 3609 3218 Spiri-

1955 3214 2080 3273 tum
2104 3214 2409 3272 hominem
2446 3220 2738 3286 oportere,
2763 3218 2817 3269 et
2847 3229 2882 3268 a
2910 3214 3232 3286 Nicodemo
3264 3230 3383 3269 non
3412 3214 3612 3270 crede-

1955 3291 2152 3357 batur,
2175 3288 2471 3343 suaderet.
2491 3284 2644 3342 Nam
2662 3285 2867 3357 utique
2889 3284 3053 3339 aliud
3073 3290 3158 3340 est
3174 3286 3535 3357 exemplum,
3554 3290 3612 3341 et

1954 3360 2113 3416 aliud
2135 3355 2301 3431 quod
2322 3359 2597 3431 ﬁrmatur
2619 3355 2914 3431 exemplo.
2941 3357 2996 3411 Si
3015 3371 3157 3425 ergo
3182 3356 3241 3431 in
3264 3355 3607 3431 exemplum

1955 3433 2134 3487 datus
2148 3426 2386 3497 est,non
2402 3430 2752 3501 estSpiritus
2770 3426 3032 3501 sanctus,
3052 3430 3396 3501 mundanus
3409 3428 3510 3498 qui
3524 3426 3612 3482 di-

1955 3505 2107 3558 citur
2127 3508 2360 3557 ventus.
2382 3497 2592 3557 Volens
2606 3499 2767 3555 enim
2784 3499 3076 3554 rationem
3094 3497 3459 3568 spiritualem
3479 3514 3614 3553 sua-

1958 3576 2097 3629 dere
2112 3590 2232 3628 non
2248 3570 2859 3635 credentiNicodemo,
2883 3569 3223 3639 exemplum
3250 3569 3491 3640 spiritus
3514 3570 3613 3623 de-

1956 3646 2061 3704 dit.
2090 3651 2149 3700 ut
2172 3646 2484 3715 peripsum
2500 3643 2651 3698 ratio
2675 3642 3011 3712 etoperatio
3024 3641 3212 3715 sancti
3232 3640 3480 3715 Spiritus
3494 3656 3614 3715 cre-

1956 3712 2217 3772 deretur.
2252 3712 2501 3786 spiritus
2532 3719 2740 3786 tamen
2786 3717 3031 3786 sanctus
3082 3712 3308 3786 scimus
3333 3712 3510 3786 _quia_
3538 3712 3611 3767 de

1958 3788 2109 3845 coelo
2142 3782 2319 3851 venit,
2354 3792 2416 3840 ut
2443 3802 2503 3840 se
2534 3783 2808 3840 infundat
2860 3782 3259 3847 credentibus,
3299 3783 3449 3839 sicut
3488 3783 3612 3838 fac-

1957 3866 2084 3915 tum
2124 3858 2392 3931 legimus
2414 3857 2559 3911 inter
2587 3856 2753 3931 initia
2787 3853 3104 3931 Apostolis,
3138 3859 3194 3910 et
3225 3870 3439 3931 sonqm
3470 3860 3613 3931 tunc

1958 3947 2165 3986 vocem
2184 3925 2587 3999 'appellatum.
2620 3928 2701 3981 Ita
2748 3928 2905 3981 enim
2938 3925 3163 3999 dictum
3188 3930 3307 3999 est,
3328 3926 3400 3980 Et
3439 3925 3613 3999 subito

1956 4004 2132 4074 factus
2161 3998 2332 4074 estde
2362 3999 2488 4055 caelo
2525 4015 2683 4074 sonus
2716 4005 2970 4074 tanquam
2996 3998 3335 4074 advenientis
3379 3998 3613 4074 spiritus

1956 4068 2149 4129 validi.
2185 4073 2353 4127 Hunc
2392 4086 2610 4127 sonum
2652 4071 2712 4125 in
2759 4068 3040 4139 subjectis
3082 4084 3293 4123 vocem
3328 4068 3608 4139 appellat.

1959 4145 2243 4214 Exemplo
2265 4143 2425 4214 enim
2457 4143 2718 4214 spiritus,
2740 4142 2797 4195 id
2830 4147 2916 4214 est
2941 4141 3119 4214 venti.
3147 4140 3392 4209 Spiritus
3422 4141 3610 4214 sancti

1956 4209 2439 4287 opera'ostendit,
2459 4209 2523 4269 ut
2543 4213 2768 4287 dictum
2794 4211 3113 4287 salvatoris
3136 4215 3424 4287 maneret.
3456 4209 3609 4274 Quid

1956 4280 2116 4343 enim
2140 4286 2301 4341 aliud
2338 4290 2427 4341 est
2453 4301 2591 4339 cum
2622 4284 2783 4345 dicit,
2812 4284 2885 4337 Et
2915 4282 3090 4351 factus
3114 4288 3188 4336 est
3212 4281 3274 4335 de
3301 4280 3425 4335 ccelo
3448 4297 3607 4334 sonus

1956 4367 2211 4430 tanquam
2247 4356 2585 4412 advenientis
2612 4355 2842 4430 spiritus
2864 4351 3084 4430 validi?
3109 4354 3201 4407 Sic
3235 4352 3437 4430 utique
3460 4351 3608 4430 dixit

1957 4423 2239 4502 Spiritum
2282 4432 2577 4502 sanctum
2625 4423 3019 4502 descendisse
3041 4430 3096 4477 et
3151 4423 3427 4502 sonuisse
3459 4423 3610 4502 sicut

1957 4492 2170 4557 ventus
2200 4499 2457 4555 validus.
2490 4497 2662 4550 Hunc
2693 4511 2834 4564 ergo
2865 4496 3133 4566 spiritum
3163 4494 3238 4548 ad
3269 4492 3609 4566 exemplum

1956 4573 2136 4628 dedit.
2162 4571 2415 4639 Denique
2433 4568 2534 4631 ait,
2557 4566 2645 4622 Sic
2669 4575 2743 4622 est
2769 4567 2941 4639 omnis
2958 4566 3052 4638 qui
3080 4565 3405 4620 renascitur.
3430 4567 3493 4619 Et
3511 4565 3609 4639 hic

1957 4645 2116 4699 unde
2153 4635 2343 4696 veniat
2372 4640 2673 4695 nescimus
2704 4655 2716 4693 :
2752 4635 3002 4710 Spiritus
3030 4642 3225 4693 autem
3260 4640 3503 4692 sanctus
3535 4635 3610 4692 de

1962 4714 2113 4771 casio
2146 4712 2329 4767 venit.

2032 4783 2286 4840 LX.—Si
2315 4782 2405 4837 lex
2428 4785 2484 4836 et
2506 4780 2813 4852 Prophetas
2849 4794 3035 4852 usque
3049 4779 3123 4835 ad
3138 4779 3612 4852 Joiannem,quo-

1958 4856 2136 4912 modo
2170 4854 2439 4910 Salvator
2466 4853 2542 4908 ad
2573 4851 2915 4907 sacerdotes
2930 4850 3100 4908 mittit
3131 4850 3328 4905 offerri
3362 4866 3613 4906 munera

1955 4944 2065 5055 tiro
2096 4925 2524 5055 emiiéqd7atione
2551 4923 2731 4995 lepra:
2756 4923 2964 4993 (Matth.
2996 4939 3111 4989 vui,
3139 4928 3201 4986 4;
3233 4922 3409 4979 Marc.
3441 4938 3478 4985 ι,
3519 4921 3608 4987 44;

2004 5016 2155 5055 uc.v.

1958 5001 2155 5056 Luc.v.
2194 5001 2257 5053 14

2034 4998 2411 5142 5624;311:111
2430 5065 2680 5142 nonfuit
2696 5065 3001 5136 temporis,
3035 5063 3136 5119 sed
3152 5063 3228 5119 ad
3258 5062 3622 5142 condemna-

1964 5130 2425 5197 tionem'factum
2453 5130 2932 5193 estJudaaorum:
2964 5142 3022 5190 ut
3058 5151 3192 5191 cum
3216 5132 3479 5189 veritatis
3507 5130 3626 5186 cul-

1960 5228 2097 5267 men
2120 5208 2408 5266 meliorati
2425 5209 2709 5279 temporis
2726 5224 2845 5263 non
2872 5206 3261 5279 intelligerent
3290 5204 3367 5279 ad
3392 5204 3622 5258 lucrum

1961 5283 2172 5338 salutis
2200 5298 2322 5336 suae
2352 5276 2597 5341 factum,
2618 5279 3025 5334 inclalaretse
3057 5276 3269 5332 veritas
3289 5276 3362 5329 ad
3379 5290 3627 5345 accusa-

1960 5356 2180 5410 tionem
2211 5367 2443 5408 eorum.
2475 5353 2618 5407 Cum
2642 5349 2801 5404 enim
2819 5350 2975 5404 velut
3002 5348 3166 5415 Legis
3188 5346 3497 5402 inimicum
3516 5344 3628 5401 ha-

1960 5427 2165 5482 berent
2179 5423 2567 5486 Salvatorem,
2588 5421 2730 5491 quia
2751 5418 3174 5474 misericordias
3196 5434 3379 5491 causa
3392 5416 3469 5473 ab
3482 5432 3623 5472 one-

1959 5497 2168 5553 reillos
2198 5494 2362 5557 Legis
2394 5488 2915 5555 volebatliberare,
2950 5488 3465 5561 sicutpraedictum
3491 5493 3616 5561 erat

1966 5569 2044 5625 ab
2068 5565 2329 5622 Jeremia
2344 5563 2639 5635 propheta
2664 5562 2943 5620 :aitenim
2968 5559 3132 5615 inter
3148 5566 3384 5627 caetera,
3402 5561 3475 5617 Et
3488 5559 3622 5615 dabo

2043 5656 2117 5717 (a)
2146 5652 2588 5717 Quaestioeadegi
2613 5664 2678 5699 ex
2707 5650 2830 5717 Mss.
2861 5649 3085 5717 secundi
3117 5651 3347 5714 generis,
3381 5651 3518 5701 inter
3532 5662 3631 5713 pos

1980 5711 2225 5784 vulgat—as
2257 5731 2319 5768 ex
2354 5715 2503 5766 Novo
2530 5714 2669 5764 Test.
2703 5711 2910 5764 decima
2942 5716 3107 5764 sexta.
