4112 6192
205 167 365 222 Ξὲϐί

202 295 318 347 tur
350 309 367 364 :_
389 291 493 364 qui
519 306 657 347 cum
686 294 1012 364 accersitus
1032 301 1188 352 esset
1209 311 1243 353 a
1270 297 1489 353 Balach
1519 298 1597 355 ad
1628 298 1878 355 maledi-

202 362 485 419 cendum
518 363 808 434 populum
834 368 951 431 Dei,
976 367 1180 423 divino
1212 376 1357 424 nutu
1384 370 1734 425 benedicere
1764 388 1879 425 coe-

200 435 323 513 pit.
354 437 434 489 Ex
458 434 638 513 hujus
670 451 812 505 ergo
834 437 1117 513 relatione
1140 449 1515 513 compertum
1550 442 1873 509 habebant,

204 507 493 585 futurum
538 508 635 561 Dei
673 509 1051 585 providentia
1102 527 1173 566 ex
1218 507 1401 585 Ja'cob
1434 513 1535 585 qui
1579 507 1872 583 regnaret.

204 578 374 656 I_i_inc
403 578 582 656 enim,
616 580 781 656 quod
815 596 949 656 _uon
992 584 1081 656 est
1119 578 1473 656 occultum;
1499 578 1876 656 prophetavit

204 648 447 711 dicens.
478 648 707 703 Orielur
730 650 885 705 stella
905 654 1163 716 exJacob,
1182 648 1871 782 etc.(Num.'xini,xxw2.

209 723 404 775 Istam
436 734 577 782 ergo
610 721 989 777 traditionem
1023 726 1173 782 Magi
1197 728 1401 782 secuti.
1432 727 1697 781 videntes
1732 733 1818 782 ste
1847 759 1871 769 -

209 723 404 775 Istam
436 734 577 789 ergo
610 721 989 777 traditionem
1023 726 1173 791 Magi
1197 721 1401 791 secuti,
1432 727 1697 781 videntes
1732 721 1872 783 stel-

204 791 344 846 lam
378 797 543 846 extra
565 794 837 847 ordinem
861 796 1093 858 mundi,
1121 791 1277 852 hanc
1304 814 1438 853 csse
1466 798 1875 855 intellexerunt

208 879 408 939 quam
467 863 709 919 Balaam
734 864 994 939 futuram
1045 867 1302 923 indicem
1346 869 1500 939 regis
1529 870 1871 925 Judazorum

210 934 701 1009 prophetaverat.
733 935 903 1009 Quod
925 938 1170 1009 quidem
1194 934 1651 996 factum'contra
1684 942 1873 996 inimi-

210 1005 663 1084 cos_relig_iouis
690 1014 794 1084 est:
824 1005 1154 1084 Indeeniin
1210 1012 1874 1084 testimoniumaccepit

212 1076 385 1157 unde
416 1078 925 1157 soletimprobari.
958 1080 1260 1151 Astrologi
1283 1083 1441 1137 enim
1466 1083 1690 1138 inimici
1734 1076 1872 1139 sunt

210 1148 503 1203 veritatis.

290 1221 375 1287 (a)
407 1220 468 1274 Hi
498 1219 657 1289 Magi
684 1220 935 1277 chaldaei
966 1237 1085 1277 non
1114 1223 1547 1287 malevolentia.
1582 1230 1689 1280 etc.
1717 1225 1867 1280 Orie-

216 1298 317 1345 tur
348 1291 503 1345 stella
523 1308 590 1345 ea:
612 1292 795 1357 Jacob,
824 1300 873 1346 el
904 1302 1151 1359 exsurget
1176 1296 1326 1350 homo
1355 1296 1416 1350 de
1447 1296 1640 1359 Israel,
1673 1304 1721 1351 et
1751 1312 1870 1352 con-

214 1361 614 1438 friugctduces
644 1364 819 1438 Moab,
854 1370 902 1438 et
929 1361 1273 1435 praedabitur
1294 1384 1471 1422 omnes
1496 1369 1638 1438 ﬁlios
1657 1367 1869 1435 Seth,et

212 1434 327 1509 erit
356 1434 529 1488 Edam
544 1435 647 1488 hae:
663 1434 974 1509 editasejus,
996 1442 1102 1491 etc.
1122 1440 1263 1509 illaec
1295 1454 1435 1506 ergo
1456 1434 1765 1509 prophetia
1781 1445 1870 1494 est

214 1504 623 1587 Balaa_m,n.on
642 1508 785 1587 quia
814 1504 921 1587 fuit
962 1504 1397 1587 propheta,s_ed
1449 1504 1598 1587 Deus
1616 1526 1868 1587 causam

213 1576 429 1649 populi
462 1578 549 1630 sui
590 1576 709 1645 egit
735 1594 841 1649 per
866 1576 1053 1645 illum,
1081 1576 1208 1634 non
1241 1581 1634 1636 voluntarium
1659 1582 1866 1636 sedin-

215 1647 408 1720 vitum
443 1649 640 1720 :Asicut
665 1647 1057 1720 prophetasse
1083 1652 1470 1707 inveniuntur
1503 1654 1703 1707 missia
1732 1653 1871 1708 Saﬁl

215 1718 297 1795 ad
336 1717 519 1773 David
547 1717 1020 1795 capiendumtet
1052 1719 1200 1795 sicut
1236 1724 1363 1795 ipse
1397 1724 1534 1780 Saul
1563 1741 1699 1779 cum
1750 1725 1869 1778 dic-

214 1794 348 1843 tum
377 1796 501 1867 est,
522 1790 831 1867 _Nam.quid
859 1800 906 1867 et
938 1792 1067 1847 Sail!
1098 1790 1277 1867 inter:
1309 1796 1605 1865 Prophetas
1645 1796 1687 1867 (Ι
1738 1796 1863 1866 Reg.

213 1876 343 1940 xix,
371 1860 607 1940 ‘29-'24)?
635 1860 774 1940 Hinc
806 1865 963 1940 enim
980 1865 1235 1935 probare
1259 1860 1438 1940 voluit
1465 1860 1868 1940 Deusquania

217 1933 294 1986 sit
326 1933 614 2003 majestas
662 1934 757 1988 Dei
806 1933 1174 2001 Judaeorum,
1208 1938 1471 2003 quicum
1515 1933 1867 1993 maledicere

214 2011 485 2068 venerat,
521 2007 820 2069 convertit,
848 2013 911 2061 ut
932 2007 1159 2063 bonum
1192 2007 1267 2062 illi
1300 2009 1593 2063 videretur
1622 2009 1865 2063 benedi-

215 2090 351 2129 cere
378 2076 667 2151 populum
704 2078 825 2151 Duei.
850 2080 963 2132 Nec
989 2080 1145 2151 enim
1190 2079 1575 2135 maledictum
1602 2081 1730 2151 ejus
1766 2097 1868 2149 po-

217 2151 370 2201 terat
400 2148 625 2223 timere,
661 2149 832 2223 cujus
858 2165 961 2203 cor
988 2150 1250 2223 habebat
1272 2152 1327 2205 in
1364 2148 1671 2223 potestate.
1701 2148 1866 2207 Hunc

217 2232 364 2287 ergo
390 2218 745 2289 prophetam
801 2220 957 2276 hanc
996 2222 1301 2277 intimasse
1335 2218 1573 2289 collegis
1610 2224 1731 2277 suis
1766 2224 1867 2278 da-

217 2289 594 2362 turintelligi,
628 2292 889 2362 quicum
921 2292 1137 2348 curiosi
1165 2294 1865 2357 suntcircaastra,viden-

219 2364 307 2414 tes
350 2360 581 2434 stellam
613 2360 995 2434 incognitam,
1038 2369 1092 2418 et
1119 2364 1302 2420 nimia
1329 2366 1589 2419 claritate
1622 2366 1860 2433 fulgen-

220 2432 475 2506 tem,ita
520 2432 788 2506 utsolem
828 2435 959 2490 luce
982 2441 1292 2506 superaret
1328 2436 1673 2506 (videbatur
1705 2432 1864 2491 enim

223 2516 329 2572 per
358 2502 558 2570 diem),
593 2504 961 2560 conferentes
1010 2502 1158 2561 inter
1184 2522 1266 2573 se,
1320 2502 1867 2562 animadverterunt

218 2573 529 2647 hancesse
544 2576 773 2631 stellam
790 2593 975 2647 quam
997 2577 1251 2633 futuram
1277 2578 1503 2633 dixerat
1523 2578 1789 2633 Balaam.

294 2645 475 2700 LXIV.
512 2677 567 2686 -
604 2645 918 2720 Quomodo
951 2649 1250 2720 probatur
1281 2655 1416 2720 post
1460 2655 1575 2704 tres
1632 2650 1759 2704 dies
1808 2654 1867 2704 et

218 2721 424 2771 noctes
449 2719 837 2772 resurrexisse
867 2718 1234 2775 Salvatorem
1262 2718 1332 2775 ex
1358 2722 1604 2775 mortuis
1623 2721 1653 2773 ‘P

293 2790 353 2841 In
380 2788 488 2842 hac
515 2804 703 2843 causa
718 2789 767 2843 si
793 2806 1111 2846 numerum
1130 2792 1363 2845 dierum
1380 2808 1447 2845 ac
1481 2793 1739 2846 noctium
1762 2807 1865 2846 per

294 2807 353 2841 in
380 2807 488 2842 nac
515 2807 703 2843 causa
718 2807 767 2843 sx
793 2807 1111 2846 numerum
1130 2807 1447 2845 nierumac
1481 2807 1739 2846 noctium
1804 2808 1865 2846 er

217 2858 491 2931 ordinem
515 2861 787 2931 requiris,
816 2860 1087 2916 effectum
1120 2862 1515 2930 intelligentia}
1539 2879 1654 2917 non
1687 2807 1865 2918 [lage-

218 2930 328 3003 bis.
377 2931 534 3003 Quia
568 2930 622 2986 et
658 2934 879 3003 Moyses
934 2933 1335 3003 quadraginta
1381 2934 1593 2988 diebus
1632 2940 1687 2988 et
1712 2951 1865 3003 qua-

216 3001 493 3071 draginta
543 3001 818 3058 noctibus
849 3001 1141 3074 jejunavlt
1180 3001 1379 3074 (Exod.
1427 3022 1624 3067 xxxnv,
1660 3001 1771 3074 28),
1809 3011 1864 3060 et

219 3078 420 3128 tamen
474 3088 593 3129 non
636 3077 863 3143 integer
906 3091 1192 3131 numerus
1224 3076 1567 3131 invenitur:
1662 3076 1863 3131 nando

219 3145 375 3199 enim
408 3160 515 3201 per
540 3146 696 3200 diem
721 3146 1079 3201 ascendit.et
1099 3147 1373 3201 perdiem
1393 3093 1720 3201 descengit.
1739 3163 1863 3201 om-

216 3145 375 3199 enim
408 3160 515 3217 per
540 3146 696 3200 diem
721 3146 1079 3213 ascendit,et
1099 3147 1373 3217 perdiem
1393 3145 1720 3214 descendit,
1739 3163 1864 3201 om-

215 3231 354 3290 uem
392 3216 595 3287 utique
617 3233 934 3271 numerum
968 3216 1379 3289 non’implevit
1408 3236 1420 3273 :
1451 3218 1555 3273 sed
1587 3219 1727 3290 quia
1761 3219 1863 3273 ubi

211 3286 341 3341 dies
371 3292 870 3360 estcomputatur
900 3304 1036 3353 nox,
1063 3295 1118 3345 et
1153 3286 1253 3343 ubi
1282 3306 1397 3344 nox
1432 3296 1521 3343 est
1547 3286 1864 3360 computa-

214 3363 307 3413 tur
337 3364 390 3431 e_t
412 3358 559 3431 dies,
594 3358 657 3415 ut
678 3366 889 3431 aparte
918 3360 1216 3426 adtotum,
1241 3361 1641 3431 quadraginta
1667 3358 1791 3415 dies
1809 3368 1863 3415 et

216 3429 616 3501 quadraginta
656 3429 861 3485 noctes
905 3432 1209 3487 dicuntur.
1248 3429 1334 3487 Ita
1378 3429 1681 3501 est'quod
1716 3432 1863 3487 dixit

218 3500 504 3570 Salvator,
526 3501 675 3556 Sicut
695 3502 816 3568 fuit
834 3504 999 3557 Jonas
1050 3503 1109 3557 in
1134 3510 1318 3557 ventre
1348 3505 1453 3558 ceti
1477 3500 1650 3557 tribus
1679 3503 1863 3557 diebus

216 3579 263 3625 et
320 3572 496 3626 tribus
548 3574 804 3639 noctibus,
848 3574 924 3627 ita
965 3575 1074 3628 erit
1109 3574 1289 3629 Filius
1320 3575 1547 3629 hominis
1600 3576 1659 3627 in
1706 3575 1859 3629 corde

219 3644 871 3717 terraer(Matth.xu,40).
908 3648 975 3699 Et
996 3645 1139 3717 quia
1174 3653 1289 3700 tres
1316 3652 1517 3701 noctes
1556 3652 1710 3710 sunt,
1745 3653 1862 3701 tres

221 3714 587 3779 accipiantur
613 3721 668 3770 et
694 3714 839 3770 dies.
876 3719 970 3772 Est
1014 3714 1179 3771 enim
1221 3732 1335 3771 nox
1368 3733 1440 3771 ne
1486 3733 1706 3771 novum
1762 3724 1863 3771 aut

229 3790 433 3840 contra
466 3787 759 3841 rationem
793 3786 938 3841 forte
963 3787 1248 3851 videatur,
1280 3794 1488 3843 utcum
1517 3804 1633 3842 nox
1675 3805 1744 3843 ex
1767 3788 1861 3842 die

219 3856 475 3927 pendeat
500 3873 669 3913 :nam
686 3873 759 3913 an
782 3863 837 3912 te
859 3859 1056 3913 lucem
1081 3858 1318 3921 factam,
1346 3876 1415 3913 ex
1464 3875 1585 3930 qua
1604 3859 1863 3929 appella-

220 3933 408 4001 tusest
455 3930 601 3994 dies,
667 3945 851 4001 quam
890 3946 1209 4000 vesperum
1238 3930 1401 4001 quod
1444 3931 1711 4001 sequitur
1746 3946 1861 3985 nox

224 4000 575 4065 institutum,
592 4000 840 4056 minime
861 4001 1187 4066 dubitatur,
1208 4000 1370 4071 quod
1390 4000 1591 4071 passio
1607 4002 1863 4056 Domini-

219 4086 289 4124 ca
318 4078 537 4127 anocte
572 4079 1193 4127 sumereasseveratur
1222 4072 1477 4137 initium,
1504 4088 1621 4127 non
1652 4073 1863 4127 absur-

220 4141 362 4195 dum
389 4148 496 4195 est.
525 4142 671 4197 Nam
707 4143 996 4207 sicutlux,
1022 4144 1079 4198 id
1095 4144 1569 4211 estdies,imago
1602 4146 1728 4198 vitae
1747 4150 1861 4208 est;

222 4213 299 4267 ita
318 4228 435 4267 nox
467 4214 792 4268 similitudo
822 4215 1027 4269 mortis
1054 4222 1159 4278 est,
1186 4215 1238 4268 id
1271 4222 1357 4269 est
1385 4216 1677 4270 tenebrm:
1712 4215 1866 4269 sicut

222 4284 277 4338 in
310 4284 624 4356 Scripturis
652 4284 952 4340 evidenter
986 4286 1383 4341 ostenduntur
1412 4286 1515 4345 filii
1548 4286 1713 4346 lucis,
1749 4294 1804 4340 et
1834 4302 1865 4340 e

221 4362 424 4410 contra
449 4356 852 4428 tenebrarum.
884 4360 997 4412 Nec
1013 4358 1231 4411 mirum
1263 4357 1460 4411 sicum
1496 4357 1717 4428 ubique
1739 4357 1864 4411 dies

221 4428 417 4499 nocti,
441 4433 495 4482 et
530 4427 733 4499 lumen
766 4428 1045 4493 tenebris,
1080 4428 1175 4483 hic
1208 4428 1399 4483 solum
1434 4444 1567 4499 quae
1615 4427 1751 4481 sunt
1779 4443 1865 4499 se-

222 4498 463 4569 quentia
495 4498 1332 4571 anterioribuspraaponantur
1357 4522 1367 4561 ;
1392 4498 1483 4556 vel
1516 4499 1674 4570 quod
1693 4498 1862 4553 intali

223 4584 408 4623 causa
433 4586 627 4624 rerum
659 4570 807 4624 ordo
834 4571 1220 4625 confunditur
1246 4576 1304 4625 et
1328 4577 1603 4627 mutatur.
1638 4577 1701 4625 ut
1730 4578 1865 4625 ante

226 4640 610 4711 signavimus.
637 4643 779 4696 Nam
816 4643 1020 4696 mortis
1036 4658 1150 4697 nox
1167 4643 1378 4711 magis,
1394 4658 1578 4713 quam
1597 4642 1721 4696 dies
1735 4658 1866 4697 esse

223 4712 468 4784 videtur.
502 4713 867 4784 ldeoetenim
901 4729 934 4766 a
966 4718 1136 4768 nocte
1158 4714 1389 4767 initium
1418 4712 1695 4778 sumitur,
1725 4714 1867 4784 quia

227 4798 341 4855 non
374 4782 1203 4855 aliterprincipitenebrarum
1230 4785 1339 4839 nisi
1371 4801 1475 4855 per
1506 4782 1865 4855 noctem—po-

229 4853 692 4924 tuitsubintrari,
712 4853 773 4909 id
795 4861 881 4909 est
912 4871 1031 4910 non
1072 4853 1429 4925 potuitvin‘ci
1452 4872 1462 4910 :
1489 4862 1541 4909 et
1564 4862 1621 4909 ut
1644 4853 1868 4926 aliqua-

228 4930 391 4979 tenus
417 4926 703 4980 Dominus
732 4926 901 4989 lucis,
936 4927 993 4981 id
1036 4933 1124 4980 est
1151 4932 1383 4981 aeternae
1432 4927 1581 4989 vitae,
1615 4926 1865 4996 principi

228 4997 603 5051 tenebrarum
630 4998 753 5052 sive
770 4998 974 5052 mortis
1001 4998 1299 5067 subjectus
1323 5003 1479 5051 esset
1505 4997 1578 5051 ad
1607 5004 1866 5068 tempus;

224 5072 513 5139 quatenus
543 5074 599 5123 et
630 5068 960 5139 praeteritos
994 5074 1048 5123 et
1081 5076 1217 5139 post
1253 5068 1482 5123 futuros
1516 5084 1550 5122 a
1586 5088 1592 5095 α
1646 5075 1769 5121 orte
1807 5069 1870 5121 li-

225 5138 472 5194 beraret.
508 5138 653 5195 Nam
689 5155 805 5195 non
835 5138 1160 5195 essetmors
1179 5140 1413 5195 nenitus
1434 5146 1867 5195 evacuata.nec

228 5226 489 5280 unquam
526 5210 905 5266 tenebrarum
936 5211 1129 5282 caligo
1156 5210 1451 5276 discussa,
1488 5211 1531 5264 si
1550 5211 1865 5282 Dominum

228 5296 339 5335 non
375 5282 619 5337 vidisset
652 5281 1113 5339 suhintrantem.
1157 5283 1379 5337 Etenim
1416 5288 1582 5336 tanta
1615 5281 1744 5335 luce
1776 5297 1871 5333 se-

228 5359 446 5407 cretum
473 5354 698 5417 mortis,
736 5355 791 5408 in
823 5370 947 5425 quo
983 5354 1433 5419 dominabatur,
1465 5353 1726 5425 evanuit,
1762 5369 1870 5407 nec

230 5425 459 5496 penitus
486 5426 641 5479 vinci
667 5424 1002 5496 potest,ni=i
1026 5426 1128 5496 qui
1164 5424 1250 5479 vel
1285 5439 1389 5495 per
1412 5440 1514 5477 sua
1545 5424 1631 5477 vel
1658 5426 1713 5477 in
1749 5424 1869 5478 suis

229 5495 479 5566 capitur.
499 5495 829 5566 Recte'ergo
844 5497 902 5551 in
936 5496 1034 5551 tali
1049 5495 1300 5563 negotio
1322 5496 1737 5550 tantummodo
1752 5511 1869 5551 nox

231 5567 451 5623 obtinet
465 5566 982 5639 principatum,ita
1002 5573 1063 5622 ut
1088 5568 1382 5622 amitteret
1408 5570 1757 5636 potestatem
1782 5585 1792 5624 :
1815 5571 1873 5621 et

290 5656 358 5719 (ra)
390 5655 623 5714 Qumstio
658 5657 845 5706 eadem
872 5671 933 5705 ex
964 5657 1087 5705 Mss.
1108 5654 1568 5717 sccundigeneris,
1597 5655 1733 5704 inter
1752 5660 1873 5719 post

235 5718 473 5782 vulgatas
499 5733 563 5768 ex
590 5719 740 5769 Novo
762 5719 898 5769 Test.
932 5720 1206 5783 trigesima
1233 5730 1392 5767 nona.

1742 171 2135 230 APPENDIX.

3498 183 3639 239 2262

1991 304 2055 357 ut
2083 300 2270 356 Judaei
2301 316 2427 357 non
2461 303 2841 377 credentesin
2864 308 3152 377 perpetua
3179 314 3350 365 nocte
3366 325 3637 370 remane-

1987 378 2261 452 rentgnec
2275 380 2483 429 auctor
2503 375 2630 452 dies
2645 378 2788 452 tanti
2808 375 3063 452 sceleris,
3079 379 3199 433 imo
3213 383 3634 452 sacrilegii,sed

1987 459 2108 498 non
2123 443 2656 515 fieret,preecedenti
2672 450 2825 503 nocti
2840 455 3047 504 contra
3061 466 3258 505 rerum
3272 443 3480 508 seriem
3497 443 3638 511 sub-

1985 515 2143 569 ditur
2180 516 2328 579 dies,
2365 520 2515 572 sicut
2544 522 2694 573 Deus
2728 525 2783 575 et
2810 520 3094 575 Dominus
3118 524 3388 578 omnium
3436 541 3633 582 rerum

1984 586 2236 667 principi
2255 587 2750 667 nefariremortis,
2779 597 2844 667 ut
2874 607 3085 667 omnes
3108 595 3364 667 amortis
3394 595 3632 667 laqueis

1983 657 2319 727 explicaret.
2356 660 2524 723 Quod
2552 661 2915 715 sicuiadhuc
2932 662 3080 717 forte
3109 657 3637 723 videturesse‘con-

1983 730 2252 806 trarium,
2287 729 2597 806 diligenter
2623 732 2882 788 advertat
2906 749 2980 787 ne
3002 734 3399 806 incipiatillud
3426 738 3635 794 durius

1983 800 2298 885 aestimare,
2332 802 2495 885 quod
2532 806 2683 884 Deus
2712 800 3149 885 se‘pers‘onam;
3176 807 3431 885 induens
3460 812 3633 885 servi,

1982 886 2108 947 nox
2128 872 2320 927 dicam
2335 872 3085 947 hominis,mortidederit.
3116 877 3268 941 Quid
3295 894 3436 947 ergo
3468 880 3564 935 hic
3582 872 3637 936 et

1982 942 2253 997 ordinem
2279 946 2518 1014 quieris,
2540 946 2637 999 ubi
2668 947 2872 1001 omnia
2904 948 3106 1001 videas
3139 964 3269 1003 esse
3296 942 3633 1007 contraria?

1983 1014 2125 1078 Quae
2149 1020 2237 1068 est
2267 1017 2425 1069 enim
2451 1016 2717 1088 luxqute
2749 1017 2855 1072 fuit
2878 1019 2936 1072 in
2972 1019 3256 1082 tenebris,
3289 1026 3345 1075 et
3371 1022 3631 1077 tenebrae

1980 1100 2116 1162 eam
2158 1100 2278 1162 non
2310 1087 2895 1162 comprehenderunt
2924 1090 3105 1158 (Joan.
3135 1107 3171 1154 ι,
3209 1090 3262 1162 5)
3288 1091 3316 1145 ‘l
3349 1094 3634 1149 Dominus

1979 1154 2149 1228 lucis,
2180 1157 2351 1227 quiet
2376 1154 2848 1228 comprehensus
2878 1154 2986 1217 est.
3025 1162 3134 1225 Qui
3163 1154 3322 1217 enim
3340 1166 3527 1219 scitse
3556 1165 3632 1219 ad

1978 1225 2091 1281 hoc
2118 1225 2545 1303 comprehendi
2579 1235 2640 1284 ut
2670 1230 2928 1303 feriatur,
2957 1236 3187 1303 tempus
3214 1232 3356 1287 illud
3389 1235 3445 1288 in
3475 1252 3633 1290 mor-

1981 1303 2099 1353 tem
2126 1302 2585 1375 computatLEst
2623 1306 2679 1355 et
2708 1302 2833 1355 dies
2866 1302 3125 1375 sequens
3157 1320 3279 1375 qua
3306 1305 3548 1360 auditus
3576 1311 3633 1361 et

1980 1370 2297 1443 cruciﬁxus
2320 1376 2423 1443 est.
2452 1373 2545 1425 Est
2573 1379 2629 1425 et
2656 1387 2919 1443 noxquaa
2933 1370 3089 1428 cadit
3110 1370 3632 1441 in‘sabbatum,est

1978 1446 2034 1494 et
2058 1441 2257 1515 ipsum
2298 1442 2641 1515 sabbatum.
2684 1444 2784 1515 Est
2810 1441 2995 1498 etiam
3020 1460 3232 1514 vesper
3264 1449 3632 1515 postsabba-

1979 1516 2127 1587 tum,
2156 1513 2269 1567 hoc
2300 1514 2566 1585 estquod
2589 1513 2809 1587 Judaeis
2842 1530 2875 1569 a
2910 1517 3105 1585 Moyse
3132 1513 3507 1587 praeceptum
3545 1524 3633 1573 est

1978 1582 2038 1670 in
2063 1584 2276 1663 figura,
2308 1582 2626 1670 utvesperc
2658 1582 3015 1670 intrarentin
3046 1582 3485 1670 sabbatum,‘in
3508 1605 3631 1670 quo

1982 1656 2266 1708 Dominus
2285 1656 2607 1712 resurrexit
2624 1679 2635 1709 :
2652 1658 2753 1726 qui
2768 1672 2899 1711 com
2912 1657 3181 1724 plectitur
3197 1658 3355 1713 diem
3378 1656 3632 1714 domini-

1976 1740 2115 1800 cum
2138 1741 2150 1790 ;
2175 1726 2315 1795 quia
2334 1742 2451 1800 nox
2485 1743 2601 1800 non
2621 1735 3004 1796 computatur
3018 1729 3141 1782 sine
3155 1730 3269 1793 die,
3296 1746 3489 1800 neque
3503 1731 3631 1785 dies

1977 1797 2104 1850 sine
2129 1803 2317 1852 nocte.
2338 1799 2453 1871 Hac
2485 1799 2731 1861 ratione,
2765 1805 2897 1871 post
2924 1804 3038 1853 tres
3091 1801 3218 1853 dies
3250 1805 3305 1854 et
3345 1797 3483 1871 post
3515 1808 3631 1857 tres

1976 1874 2178 1922 noctes
2217 1868 2501 1922 Dominus
2527 1870 2862 1924 resurrexit.

2048 1939 2121 2010 (a)
2147 1938 2435 1994 Praescius
2463 1940 2727 1995 Salvator
2756 1940 3028 1995 omnium
3078 1955 3211 2009 quae
3250 1940 3309 1995 in
3339 1957 3402 1995 se
3430 1940 3631 1998 futura

1974 2018 2162 2074 erant,
2189 2011 2313 2064 hrec
2346 2016 2702 2079 protestatus
2728 2017 3041 2079 est,certus
3060 2012 3136 2066 ad
3154 2011 3629 2067 hocseaJudaeis

1974 2096 2104 2135 com
2115 2080 2400 2151 prehendi
2417 2086 2475 2135 ut
2489 2081 2951 2146 occideretur,se
2963 2098 3206 2154 quoque
3220 2083 3511 2154 impietati
3528 2083 3629 2140 illo

1973 2167 2105 2225 rum
2134 2168 2252 2206 non
2279 2160 2918 2225 repugnaturum,cum
2936 2161 3137 2223 pesset
3160 2156 3364 2225 utique
3380 2171 3481 2209 eos
3502 2155 3627 2210 illu-

1974 2223 2153 2295 dere:
2189 2224 2413 2294 quippe
2437 2240 2571 2278 cum
2597 2232 2912 2295 propterea
2933 2225 3060 2293 jam
3092 2223 3385 2290 detentus,
3418 2241 3627 2281 aurem

1975 2294 2127 2366 servi
2162 2296 2444 2365 principis
2468 2294 2870 2361 sacerdotum,
2890 2311 3075 2366 quam
3112 2296 3401 2363 producto
3424 2296 3629 2365 gladio

1974 2365 2311 2420 absciderat
2334 2369 2531 2420 Petrus
2547 2367 2873 2437 apostolus,
2910 2365 3166 2421 reddidit
3198 2383 3212 2431 ;
3250 2373 3310 2421 ut
3342 2384 3402 2421 se
3425 2373 3629 2421 osten-

1971 2436 2134 2508 deret
2165 2453 2285 2491 non
2313 2436 2653 2493 inﬁrmitate
2679 2437 3081 2502 humiliatum,
3118 2438 3221 2492 sed
3253 2438 3627 2508 providentia

1976 2507 2242 2580 quadam
2260 2508 2546 2563 voluntati
2562 2509 2793 2563 illorum
2812 2510 3063 2563 cessisse
3079 2509 3154 2563 ad
3171 2507 3425 2578 tempus,
3448 2517 3509 2563 ut
3523 2525 3627 2580 per

1976 2578 2090 2632 hoc
2123 2595 2375 2647 regnum
2405 2580 2616 2635 inferni
2662 2580 3011 2634 destrueret.
3044 2580 3421 2650 lmprovidus
3463 2578 3623 2635 enim

1976 2650 2253 2705 diabolus
2270 2651 2547 2705 sensibus
2562 2652 2977 2706 seludeeorum
2994 2651 3304 2719 immersit,
3338 2657 3401 2705 ut
3429 2665 3531 2705 eos
3546 2651 3622 2706 ad

1975 2736 2183 2793 necem
2208 2721 2530 2776 Salvatoris
2552 2722 2914 2785 incenderet,
2947 2723 3120 2793 quasi
3147 2722 3256 2776 sibi
3290 2722 3621 2792 prodesset,

1976 2792 2026 2846 si
2042 2792 2135 2847 hic
2147 2792 2249 2862 qui
2266 2793 2425 2848 viam
2440 2793 2696 2848 veritatis
2709 2792 3375 2855 ostenderet,tolleretur
3387 2794 3460 2847 de
3478 2793 3619 2849 vita:

1975 2864 2252 2935 nesciens
2282 2864 2548 2920 futurum
2581 2864 2900 2919 adversum
2931 2880 3013 2918 se.
3044 2864 3188 2919 Cum
3216 2864 3372 2918 enim
3390 2865 3624 2935 peccati

1975 2950 2161 2989 causa
2176 2934 2249 2989 de
2277 2935 2617 3007 captivitate
2632 2936 2890 3007 hominis
2906 2935 3316 3007 triumpharet,
3346 2934 3623 3007 inventus

1974 3006 2101 3075 ipse
2127 3021 2261 3060 reus
2291 3006 2461 3076 perid
2485 3006 2649 3077 quod
2669 3006 2964 3061 Christum
2993 3006 3373 3061 innocentem
3388 3006 3623 3071 occidit,

1976 3080 2041 3130 ut
2066 3092 2203 3131 eum
2247 3077 2349 3158 qui
2371 3082 2688 3202 peccatum
2719 3077 3057 3157 nesciebat,
3092 3078 3243 3133 inter
3275 3086 3616 3148 peccatores

1976 3153 2196 3202 teneret
2228 3155 2341 3202 :ita
2395 3153 2595 3202 actum
2618 3153 2725 3202 est.
2754 3154 2811 3202 ut
2838 3155 3017 3202 etiam
3045 3148 3174 3202 illos
3228 3164 3379 3202 auos
3411 3149 3536 3202 iure
3564 3149 3616 3202 in

1975 3153 2196 3203 teneret
2228 3148 2341 3213 ;ita
2371 3148 2595 3202 factum
2618 3153 2725 3212 est,
2754 3154 2811 3203 ut
2838 3150 3017 3203 etiam
3045 3148 3174 3202 illos
3228 3164 3379 3218 quos
3404 3149 3536 3218 jure
3564 3149 3623 3204 in

1974 3218 2174 3290 inferis
2204 3219 2455 3283 tenebat,
2486 3220 2798 3273 amitteret.
2834 3220 3014 3287 igitur
3070 3219 3286 3273 horum
3341 3220 3624 3290 praescius

1975 3289 2513 3371 Sal‘vatoanoctem
2526 3290 3131 3371 quaeomprehensus
3144 3294 3258 3371 est,
3271 3289 3446 3370 simul
3462 3306 3627 3344 com-

1974 3362 2220 3431 putavit.
2242 3359 2633 3436 ‘anisenim
2657 3359 2947 3419 detentus.
2964 3361 3172 3436 guisej
3186 3359 3375 3436 udicis
3406 3376 3623 3414 manus

1975 3448 2092 3487 non
2124 3432 2593 3497 creditevadere,
2618 3438 2941 3503 antequam
2959 3432 3220 3494 feriatur,
3242 3432 3367 3501 jam
3382 3448 3443 3485 se
3470 3446 3624 3485 mor-

1972 3510 2137 3558 tuum
2154 3503 2311 3558 dicit.
2340 3503 2506 3558 Adde
2531 3504 2668 3558 huic
2693 3504 2852 3558 diem
2892 3520 3014 3572 quo
3048 3519 3265 3572 passus
3296 3507 3403 3563 est,
3438 3508 3493 3556 et
3537 3517 3623 3556 se-

1972 3520 2137 3558 tuum
2154 3520 2311 3558 arcu.
2340 3520 2506 3558 Adae
2532 3520 2668 3558 nunc
2693 3520 2852 3558 diem
2892 3520 3014 3628 (Luo
3048 3520 3265 3572 passus
3296 3520 3403 3563 esu,
3438 3520 3493 3556 et
3537 3520 3623 3556 se-

1970 3575 2702 3646 quentemnoctem.Adde
2728 3574 2904 3629 etsab
2954 3581 3116 3646 atum
3144 3580 3200 3627 et
3226 3579 3459 3646 noctem
3490 3588 3623 3646 qua;

1971 3644 2215 3701 lucescit
2243 3646 2301 3700 in
2330 3646 2488 3700 diem
2521 3646 2893 3701 dominicum
2919 3661 3057 3700 cum
3089 3645 3222 3712 ipso
3248 3645 3341 3698 die
3373 3644 3624 3698 domini-

1971 3733 2061 3781 co,
2104 3720 2160 3771 et
2186 3718 2554 3788 complevisti
2600 3717 2949 3786 mysterium
3006 3716 3321 3788 verborum
3367 3714 3623 3770 Domini.

1972 3788 2305 3843 Novissima
2333 3787 2504 3843 enim
2540 3796 2709 3843 nocte
2736 3804 2871 3843 cum
2907 3787 3380 3843 adhuctenebraa
3401 3791 3622 3849 essent,

1971 3867 2025 3914 et
2050 3858 2177 3913 dies
2199 3859 2480 3929 inciperet
2504 3861 2663 3924 oriri,
2699 3860 2847 3913 inter
2880 3858 3073 3912 lucem
3107 3863 3163 3913 et
3194 3857 3467 3912 tenebras
3494 3872 3626 3911 sur-

1970 3932 2139 3996 rexit,
2177 3934 2239 3984 ut
2278 3928 2333 3985 et
2364 3946 2482 3985 nox
2507 3935 2886 4001 computetur
2917 3930 3130 3995 etdies,
3162 3945 3284 4001 quo
3307 3928 3623 4001 possitnu-

1974 4018 2175 4078 merus
2203 4018 2237 4056 a
2269 4001 2571 4078 salvatore
2591 3999 2910 4078 prmdictus
2942 3999 3482 4078 intcger'inveniri.
3587 4069 3620 4078 η

2048 4075 2194 4127 LXV.
2229 4104 2297 4113 —
2323 4073 2377 4128 Si
2410 4089 2528 4128 uno
2558 4070 2659 4129 ore
2682 4079 2736 4128 et
2762 4073 2991 4128 ratione
3017 4072 3409 4140 Evangelistaa
3439 4070 3624 4125 locuti

1973 4150 2110 4198 sunt
2145 4163 2157 4209 ;
2189 4145 2497 4214 quomodo
2526 4145 2747 4200 factum
2809 4151 2896 4199 est
2928 4149 2989 4198 ut
3041 4144 3227 4199 tribus
3258 4141 3620 4201 dicentibus,

1973 4215 2147 4292 id_est
2166 4216 2455 4292 Mattheeo,
2476 4218 2707 4292 Lucaet
2724 4216 3118 4292 Joanne,q_uia
3141 4219 3307 4292 sexta
3322 4215 3621 4292 hora‘cru-

1974 4286 2178 4341 ciﬁxus
2208 4294 2293 4341 est
2323 4281 2630 4353 Dominus,
2656 4291 2881 4343 Marcus
2922 4302 2953 4340 e
2988 4281 3227 4339 diverso
3274 4283 3442 4337 tertia
3478 4281 3626 4353 hora

1975 4357 2327 4413 crucifixum
2358 4359 2515 4413 dicat
2543 4358 2905 4413 Salvatorem
2929 4356 3136 4423 (Matth.
3167 4357 3460 4420 xxvn,45;
3494 4352 3623 4406 Luc.

1974 4445 2133 4489 xxm,
2165 4431 2232 4482 44
2265 4448 2277 4493 ;
2312 4432 2473 4483 Joan.
2508 4445 2626 4491 x1x,
2666 4431 2729 4483 14
2758 4444 2773 4493 ;
2799 4428 2969 4483 Marc.
3002 4443 3100 4489 xv,
3129 4425 3267 4492 25)?

2046 4500 2325 4555 Obscuris
2352 4516 2488 4554 vera
2519 4500 2814 4554 involvere
2831 4514 2947 4553 non
2968 4504 3058 4551 est
3074 4497 3323 4551 bonum.
3343 4497 3486 4549 Nam
3504 4498 3623 4548 tres

1978 4570 2362 4637 Evangelistaa
2380 4587 2554 4624 unum
2570 4586 2811 4624 sensum
2827 4569 3624 4637 habuerunt,Marcusautem

1974 4658 2098 4717 rem
2114 4635 2247 4712 quae
2266 4642 2883 4717 abillisprtetcrmissa
2905 4643 3113 4717 fuerat,
3129 4637 3308 4717 voluit
3325 4635 3621 4717 intimare,

1975 4710 2168 4766 sciens
2194 4710 2611 4767 necessariam.
2630 4714 2743 4767 Nec
2757 4714 2912 4767 enim
2930 4710 3049 4767 falli
3075 4714 3277 4781 posset
3299 4710 3401 4780 qui
3429 4712 3628 4781 aucto-

1976 4799 2108 4860 rum
2147 4784 2424 4860 exempla
2453 4789 2715 4860 secutus,
2734 4800 2823 4860 _ea_
2848 4800 2983 4855 quas
3012 4780 3246 4860 scripsit
3277 4780 3632 4860 magnahde-

1976 4856 2209 4909 votione
2240 4860 2295 4909 et
2327 4850 2618 4909 industria
2648 4850 2936 4919 didicitJet
2958 4869 3066 4909 nec
3105 4853 3234 4907 sine
3266 4858 3478 4906 sancto
3506 4850 3629 4919 Spi-

1975 4926 2089 4980 ritu
2129 4925 2279 4980 fecit.
2310 4927 2457 4991 Quid
2479 4942 2621 4991 ergo
2645 4942 2712 4981 ex
2730 4926 2841 4982 hoc
2872 4925 3191 4981 ostendere
3222 4924 3428 4985 voluit,
3453 4922 3631 4975 debet

1976 4998 2225 5070 absolvi.
2247 4998 2669 5070 iContuendum
2705 5000 2899 5070 itaque
2914 5002 3019 5061 est,
3046 4998 3188 5067 quia
3220 5011 3340 5049 non
3370 5010 3404 5048 a
3428 4992 3628 5070 Pilato,

1977 5068 2079 5123 sed
2102 5069 2371 5124 aJudaeis
2404 5070 2669 5124 Salvator
2683 5068 2999 5123 crucifixus
3013 5074 3116 5122 est.
3143 5070 3441 5131 Quantum
3471 5068 3631 5115 enim

1978 5140 2053 5193 ad
2084 5139 2246 5207 leges
2278 5143 2577 5195 Romanas
2608 5141 2909 5210 pertinuit,
2963 5140 3340 5210 innocentem
3373 5147 3633 5210 p_ronun_-

1977 5204 2563 5285 tiavitUSalvatorem.
2585 5204 2677 5285 A'it
2704 5213 2860 5266 enim
2880 5207 3365 5285 Pilatusludaeis,
3385 5207 3487 5285 Egc
3506 5204 3634 5285 nul-

1980 5281 2085 5335 lam
2118 5282 2331 5336 invenio
2360 5284 2654 5336 causamin
2695 5299 2769 5336 eo.
2807 5285 2872 5336 Et
2903 5280 3242 5334 dicentibus
3269 5277 3403 5339 illis,
3438 5274 3634 5329 Cruci-

1977 5354 2076 5423 ﬁge
2097 5369 2213 5406 eum
2241 5374 2259 5419 ,-
2304 5353 2633 5423 respondit.
2669 5352 2809 5418 Quid
2839 5353 2979 5406 enim
2996 5350 3127 5423 mali
3154 5346 3339 5423 fecit?
3370 5347 3632 5415 Denique

1981 5419 2303 5492 persistens
2318 5432 2371 5478 et
2387 5419 2592 5478 volens
2606 5424 2856 5477 educere
2878 5438 3011 5494 eum
3031 5422 3104 5474 de
3120 5419 3399 5494 [nauibus
3424 5432 3632 5494 eorum

1978 5489 2340 5549 calumniam
2372 5510 2583 5564 passus
2606 5492 3059 5564 est,dicentibus
3091 5492 3194 5564 eis,
3217 5491 3423 5564 Siliana
3452 5489 3635 5543 dimit-

1982 5566 2069 5630 tis,
2102 5582 2209 5619 non
2238 5573 2312 5620 est
2343 5562 2548 5620 amicus
2578 5565 2835 5620 Caesaris.
2870 5563 3057 5618 Omnis
3087 5563 3229 5617 enim
3254 5562 3349 5634 qui
3376 5579 3429 5616 se
3455 5576 3634 5631 regem

2042 5656 2117 5714 (a)
2150 5654 2382 5713 Quaestio
2404 5655 2588 5703 eadem
2618 5668 2679 5701 ex
2712 5653 2831 5702 Mss.
2858 5652 3079 5702 secundi
3105 5653 3333 5714 generis,
3356 5652 3495 5700 inter
3513 5652 3636 5713 post

1988 5717 2233 5780 vulgatae
2268 5731 2333 5768 ex
2362 5718 2511 5767 Novo
2541 5718 2680 5767 Test.
2717 5716 2927 5766 decima
2959 5718 3171 5766 octava.
