4112 6192
579 170 718 237 2267

578 308 726 381 quit,
758 306 881 362 dico
903 307 1066 381 vobis,
1100 323 1205 361 non
1236 308 1491 364 resistere
1505 308 1641 364 malo
1665 326 1687 374 ,'
1706 310 1799 364 sed
1820 310 1870 363 si
1884 310 2003 380 quis
2032 306 2089 364 te
2104 326 2229 380 per-

578 380 801 436 cusserit
833 381 889 433 in
920 380 1193 433 dexteram
1230 380 1516 435 maxillam
1551 388 1721 443 tuam,
1750 382 1931 451 przebe
1964 381 2051 435 illi
2083 389 2131 436 et
2154 383 2225 434 si-

580 453 814 506 nistram
841 451 1061 517 (Matth.
1098 468 1150 517 v,
1179 450 1267 513 39)
1302 470 1314 515 ;
1376 459 1434 505 ut
1482 452 1626 506 dum
1660 450 1847 507 vicem
1892 470 2005 507 non
2038 453 2231 507 reddit

582 523 762 587 malo,
784 523 1078 590 perfectus
1100 523 1189 576 sit.
1218 522 1479 576 Reddere
1497 524 1656 577 enim
1676 524 1858 578 vicem
1878 524 2106 594 justitia
2120 531 2226 589 est,

581 594 680 648 sed
707 610 828 647 non
856 597 1060 663 plena;
1083 594 1127 647 si
1159 608 1294 646 vero
1322 594 1658 649 dissimulet
1687 595 1763 649 ab
1798 596 2032 664 injuria,
2056 596 2230 665 plena

575 665 801 735 justitia
823 671 908 718 est
930 670 985 718 et
1017 665 1354 718 abundans.
1392 665 1729 720 Retribuere
1756 669 1935 731 enim,
1970 667 2227 735 gaudere

582 736 659 808 ad
688 741 1016 808 tempusest
1032 754 1043 801 ;
1062 736 1353 808 remittere
1369 740 1590 799 autem,
1614 737 1669 791 in
1695 738 1961 792 futurum
1987 744 2230 808 praestat

579 804 868 861 Iustitiam.
891 806 981 859 Sic
1000 821 1139 873 ergo
1166 804 1512 876 adiiiiplevit
1534 810 1745 876 Legem
1775 804 2060 873 Salvator,
2082 810 2228 863 dum

580 894 735 949 quos,
780 876 883 949 illa
926 876 1223 949 justitiam
1268 877 1490 943 docuit,
1534 880 1629 934 hic
1683 880 1965 949 justiores
2013 879 2224 943 effecit,

580 948 743 1020 quod
774 948 874 1022 illa
907 962 1033 1022 non
1062 948 1271 1022 potuit.
1318 948 1716 1014 Quamobrem
1746 951 2034 1021 gaudium
2061 952 2226 1022 Legis

581 1019 689 1081 est,
716 1019 857 1092 quia
889 1019 1164 1092 discipuli
1192 1019 1317 1090 ejus
1351 1022 1652 1092 peritiores
1679 1019 1866 1077 effecti
1897 1029 2052 1075 sunt.
2090 1019 2230 1077 Des-

580 1091 861 1144 truxisset
874 1090 1049 1161 plane
1062 1091 1300 1164 Legem,
1318 1090 1455 1147 siim
1468 1109 1623 1164 pune
1649 1110 1891 1164 peccare
1907 1095 2223 1148 docuisset.

580 1165 978 1235 Porroautem
1008 1163 1321 1235 suspendit
1344 1163 1719 1233 sententiam,
1746 1172 1806 1219 ut
1834 1167 1926 1219 hic
1947 1165 2047 1235 qui
2074 1165 2226 1219 male

581 1232 742 1307 facit,
759 1232 982 1287 habeat
998 1234 1257 1307 spatium
1282 1235 1605 1307 paenitendi
1625 1252 1635 1289 :
1654 1232 2060 1307 siquominiis,
2079 1236 2229 1291 redit

578 1305 638 1378 in
670 1304 834 1359 illum
869 1306 1157 1378 sententia
1183 1306 1499 1374 cumulata,
1523 1307 1667 1378 quia
1693 1304 1812 1363 non
1841 1307 2119 1376 cognovit
2150 1308 2227 1363 ad

576 1376 693 1431 hoc
723 1391 784 1430 se
811 1376 1129 1430 remissum
1171 1380 1234 1429 ut
1272 1376 1615 1433 emendaret
1644 1394 1726 1431 se.

650 1447 727 1518 (a)
761 1446 1189 1516 Prophetarum
1213 1447 1369 1502 dicta
1388 1453 1459 1504 de
1473 1448 1792 1503 Salvatoris
1816 1448 2098 1516 adventu,
2116 1449 2229 1502 im-

578 1517 738 1588 pleta
770 1524 909 1592 sunt
941 1534 1077 1571 cum
1106 1519 1300 1592 venit;
1333 1521 1579 1592 quando
1598 1521 1754 1575 enim
1786 1520 1950 1592 quod
1985 1520 2222 1591 praedic-

580 1594 705 1643 tum
728 1596 833 1652 est,
864 1588 1078 1643 factum
1107 1594 1213 1651 est,
1242 1588 1551 1660 impletum
1579 1588 1837 1649 videtur:
1870 1588 2223 1655 Lex'autem,

575 1676 761 1733 quam
804 1660 877 1714 ad
923 1665 1158 1733 tempus
1193 1661 1394 1733 datam
1425 1663 1706 1727 diximus,
1759 1679 1895 1717 cum
1934 1670 2224 1733 tempore,

578 1730 735 1803 quod
761 1730 1092 1805 transgredi
1117 1732 1416 1805 prohibita
1434 1740 1554 1799 est;
1579 1735 1720 1804 quia
1742 1734 1899 1805 quod
1924 1730 2223 1803 impletur,

577 1807 792 1856 cessat.
825 1803 1248 1857 Auctoritatem
1288 1804 1445 1858 enim
1493 1803 1806 1865 amisisset.
1842 1810 1895 1859 et
1925 1806 2227 1860 destructa

574 1873 891 1937 videretur,
926 1872 981 1946 Asi
1012 1889 1135 1946 non
1162 1874 1326 1943 juxta
1360 1876 1706 1945 praedictum
1743 1884 1976 1946 tempus
2005 1892 2224 1931 cessas-

576 1949 682 2016 set.
716 1947 861 1999 Nam
892 1943 939 1997 si
971 1944 1143 1998 alicui
1173 1947 1229 1999 in
1262 1943 1548 2016 potestate
1575 1943 1893 2001 constituto
1921 1964 2228 2002 successor

576 2015 771 2088 datur,
792 2016 1086 2088 numquid
1103 2016 2033 2073 destructusdicetur?Destructa
2050 2020 2225 2088 plane

577 2086 855 2159 essetLex
879 2087 922 2159 si
944 2094 1209 2157 tempore
1228 2104 1348 2159 quo
1374 2090 1577 2157 viguit,
1596 2095 1995 2145 accusaretur.
2020 2086 2081 2144 Et
2105 2106 2225 2145 non

580 2157 747 2231 dixit,
769 2158 1049 2231 implesse
1079 2176 1141 2211 se
1160 2157 1371 2227 Legem
1396 2168 1495 2215 aut
1525 2162 1877 2231 Prophetas;
1914 2161 2225 2225 sed,adim-

573 2229 743 2303 plere.
773 2229 1110 2303 Adimplere
1140 2237 1337 2285 autem
1367 2248 1485 2286 non
1516 2229 1674 2287 aliud
1710 2233 2001 2301 signiﬁcat
2039 2249 2224 2303 quam

576 2300 750 2374 plene
793 2300 1038 2374 addere.
1076 2302 1223 2374 Quid
1259 2309 1348 2357 est
1394 2310 1594 2358 autem
1626 2300 1846 2359 addere
1899 2300 2223 2374 Prophetis.

576 2371 692 2427 nisi
717 2371 1012 2427 culturam
1044 2373 1271 2427 Deisub
1298 2374 1596 2429 Trinitatis
1626 2376 1867 2430 nomine
1898 2371 2177 2429 ordinare
2200 2374 2228 2428 ?

580 2443 865 2515 Quamvis
896 2444 1053 2497 enim
1081 2446 1383 2515 Prophetie
1408 2446 1463 2499 in
1495 2448 1590 2501 Dei
1623 2447 1864 2501 nomine
1896 2447 2227 2502 docuerunt

578 2520 632 2588 et
655 2513 1373 2588 corripueruntpopulum
1406 2534 1417 2581 ;
1442 2517 1555 2573 hoc
1580 2525 1777 2573 tamen
1796 2520 2139 2588 mysterium
2165 2519 2224 2571 in

579 2585 937 2641 abscondito
970 2592 1112 2640 erat.
1137 2588 1345 2653 Legem
1372 2595 1570 2644 autem
1598 2590 1710 2643 hoc
1734 2596 1819 2643 est
1845 2585 2224 2657 adimplesse,

580 2657 963 2729 manentibus
991 2659 1300 2729 praeteritis
1326 2674 1482 2713 nova
1504 2661 1743 2724 addere,
1776 2666 2001 2729 utputa,
2026 2660 2227 2713 Audis-

579 2729 671 2801 tis,
698 2728 909 2799 inquit,
934 2728 1064 2801 quia
1077 2729 1281 2783 dictum
1307 2736 1385 2783 est
1400 2732 1658 2801 antiquis,
1690 2730 1911 2785 Oculum
1932 2747 2032 2800 pro
2057 2731 2226 2795 oculo,

576 2799 787 2853 dentem
814 2816 913 2867 pro
943 2799 1118 2853 dente.
1156 2802 1268 2869 Ego
1299 2808 1475 2854 autem
1493 2799 1610 2856 dico
1642 2801 1810 2865 vobis,
1844 2799 1949 2855 non
1979 2804 2227 2857 resistere

579 2870 718 2923 malo
743 2892 761 2937 ;
790 2871 884 2924 sed
909 2870 1095 2939 siquis
1117 2872 1439 2940 percusserit
1466 2880 1516 2927 te
1539 2875 1598 2926 in
1624 2872 1905 2928 maxillam
1932 2880 2081 2929 tuam
2102 2873 2230 2927 dex-

579 2948 771 3003 teram,
809 2940 989 3015 praebe
1018 2941 1112 2994 illi
1139 2950 1185 3015 et
1216 2942 1520 2998 sinistram.
1556 2946 1675 2999 Hoc
1723 2944 1827 2998 fuit
1877 2945 2225 3015 adimplere.

581 3015 708 3068 Non
733 3014 891 3066 enim
922 3011 1211 3087 destruxit
1242 3015 1421 3079 illam,
1458 3016 1560 3069 sed
1588 3016 1818 3087 potiora
1840 3011 2086 3082 addidit,
2108 3032 2225 3071 non

577 3089 643 3139 ut
670 3084 1235 3165 peccare-videretur
1259 3087 1363 3165 qui
1384 3084 1666 3165 vindicat,
1701 3088 1804 3165 sed
1830 3092 1888 3142 ut
1923 3086 2126 3143 melior
2158 3090 2231 3165 sit

579 3155 684 3229 qui
701 3170 820 3229 non
848 3155 1136 3229 retribuit.
1156 3155 1451 3212 Nec'aliud
1472 3174 1613 3225 ergo
1634 3158 1837 3220 voluit,
1864 3175 2047 3229 quam
2067 3159 2230 3229 quod

581 3227 693 3299 ch
715 3227 781 3299 in
802 3242 979 3299 sensu
1007 3227 1203 3291 habet,
1228 3228 1332 3283 sed
1351 3229 1713 3285 voluntatem
1740 3231 1867 3298 ejus
1885 3227 2129 3299 perﬁcit.
2166 3232 2235 3285 Ut

583 3298 741 3371 enim
774 3298 885 3371 Lex
918 3298 1221 3353 hominem
1246 3300 1535 3369 justitiam
1568 3304 1825 3364 doceret,
1856 3298 1913 3355 et
1945 3317 2048 3371 per
2076 3302 2232 3356 hanc

584 3368 816 3444 salvum
831 3368 1067 3444 faceret,
1094 3368 1403 3426 mandavit
1428 3380 1487 3426 ut
1513 3372 1557 3425 si
1585 3374 1721 3444 quis
1749 3368 1990 3427 oculum
2012 3372 2235 3444 tolleret

581 3440 780 3505 alicui,
811 3441 1049 3495 oculum
1080 3444 1370 3497 amitteret
1404 3461 1415 3498 :
1460 3450 1514 3497 et
1545 3440 1622 3497 ut‘
1654 3446 1764 3498 hoc
1804 3444 2014 3497 timore
2057 3443 2231 3497 territi

580 3512 855 3585 homines
888 3528 1005 3585 non
1042 3512 1298 3585 facerent
1327 3515 1491 3585 quod
1531 3515 1640 3567 sibi
1676 3514 1799 3568 ﬁeri
1844 3514 2147 3578 nolebant,
2182 3519 2236 3567 et

583 3598 682 3654 per
698 3583 812 3637 hoc
833 3584 1085 3657 salutem
1108 3583 1414 3639 haberent.
1450 3588 1558 3641 Sed
1584 3587 1870 3657 quoniam
1908 3586 2111 3657 fragile
2135 3600 2237 3651 ge-

580 3670 696 3729 nus
724 3660 809 3729 est
835 3654 1170 3729 hominum,
1205 3662 1261 3710 et
1286 3658 1360 3711 ad
1382 3654 1758 3729 peccandum
1789 3656 2068 3729 proclive,
2100 3657 2235 3711 ideo

582 3725 825 3779 incurrit
854 3730 919 3778 ut
946 3727 1206 3791 patiatur
1236 3725 1399 3797 quod
1422 3729 1530 3783 sibi
1554 3728 1674 3782 fieri
1709 3725 1825 3783 non
1851 3728 1993 3781 vult.
2023 3732 2237 3782 Immu-

582 3797 719 3872 tatis
752 3810 893 3872 ergo
934 3797 1211 3872 Salvator_
1228 3799 1425 3872 verbis
1448 3801 1661 3872 docuit
1691 3800 1851 3872 quod
1889 3799 2061 3872 saluti
2106 3815 2236 3869 pro-

582 3866 803 3941 desset,
836 3872 897 3941 iit
918 3883 1157 3941 sensum
1194 3869 1360 3935 Legis
1388 3866 1760 3941 adimplere't,
1784 3876 1842 3924 ut
1865 3871 2006 3941 quia
2032 3866 2238 3924 timore

586 3936 754 4003 Legis
789 3936 947 4012 salvi
977 3953 1107 3992 esse
1141 3936 1693 4011 nequiverunt,'per
1722 3936 2067 4012 patientiam
2102 3941 2240 3995 victi

584 4007 799 4061 emend
810 4014 1207 4083 arentur,sese
1222 4007 1603 4083 corrigentesl
1620 4007 1739 4067 Hoc
1756 4018 2119 4083 praeceptum
2138 4012 2237 4066 da-

584 4083 708 4135 tum
742 4084 852 4153 est,
878 4084 942 4133 ut
971 4095 1090 4133 non
1119 4079 1436 4153 insolentes
1463 4082 1721 4137 viverent
1744 4079 2026 4153 patientia
2058 4084 2241 4137 bono-

583 4164 742 4222 rum,
792 4149 935 4222 dum
985 4166 1105 4205 non
1153 4151 1263 4206 illis
1310 4153 1640 4208 retribuunt
1684 4149 2028 4222 condigna;
2081 4160 2142 4208 ut
2193 4155 2241 4209 si

582 4221 878 4295 voluerint
906 4222 1141 4290 corrigi,
1176 4223 1317 4278 boni
1350 4241 1419 4278 ex
1453 4223 1567 4278 hoc
1598 4225 1929 4295 profectum
1960 4224 2238 4289 habeant,

583 4291 665 4347 illi
703 4308 842 4347 vero
874 4295 1190 4368 geminam
1216 4311 1479 4368 pcenam.
1512 4291 1639 4351 Non
1674 4312 1815 4365 ergo
1838 4297 2068 4368 justitia
2108 4297 2244 4350 des-

584 4368 775 4446 tructa
798 4370 903 4427 est,
919 4380 1104 4446 quam
1136 4365 1411 4446 videmus
1429 4368 1604 4446 etiam
1636 4384 1740 4446 per
1763 4365 2073 4446 Apostolos
2099 4384 2244 4446 cpe-

584 4439 825 4509 ratam_:
859 4439 1005 4507 quia
1049 4443 1105 4491 et
1136 4440 1335 4492 Petrus
1367 4439 1674 4509 apostolus
1705 4440 1761 4493 in
1797 4439 2027 4493 Anania
2057 4444 2113 4493 ct
2139 4439 2245 4493 Sa-

585 4507 759 4579 phira
786 4506 939 4562 hanc
970 4510 1226 4564 servavit
1248 4509 1391 4579 (Act.
1412 4506 1473 4577 ’v,
1501 4511 1670 4579 t-IO).
1704 4514 1764 4565 Et
1799 4514 1911 4565 Vas
1944 4509 2244 4565 electionis

585 4594 707 4633 non
741 4579 1095 4653 repudiavit,
1125 4581 1225 4653 sed
1261 4599 1399 4635 usus
1431 4583 1702 4645 est,dum
1733 4588 1787 4637 et
1815 4582 2083 4653 Elymam
2122 4598 2244 4635 ma-

586 4663 729 4719 gum
759 4649 1127 4705 resistentem
1158 4652 1262 4706 vite
1297 4653 1550 4717 Domini,
1582 4649 1892 4709 exceecavit
1915 4652 2021 4714 (Id.
2042 4669 2163 4719 xiii,
2189 4656 2234 4707 8-

593 4718 699 4794 it).
720 4721 817 4794 Est
840 4720 1014 4775 etiam
1035 4722 1202 4794 aliud
1230 4740 1349 4792 quo
1380 4725 1622 4794 impleta
1648 4726 1761 4779 Lex
1790 4725 2063 4779 est.Dicit
2083 4724 2243 4779 enim

590 4790 1172 4865 Dominiis._Audistis
1193 4790 1323 4865 quia
1341 4790 1545 4850 dictum
1572 4804 1668 4861 est,
1696 4796 1906 4864 Diliges
1928 4796 2244 4865 proximum

590 4859 711 4937 t_ibi,
749 4866 799 4937 et
826 4862 953 4915 odio
981 4859 1503 4921 habebis'inimicum
1534 4859 1676 4934 tibi;
1705 4859 1834 4921 haec
1856 4859 2081 4937 justitia
2114 4873 2201 4919 est
2228 4882 2242 4921 :

590 4932 1129 5007 Dominusautem,
1164 4937 1275 5002 Ego
1300 4945 1497 5002 autem,
1528 4932 1738 5007 inquit,
1768 4932 1883 4991 dico
1908 4937 2070 4999 vobis,
2105 4937 2244 4991 Diti-

587 5004 697 5076 gite
729 5004 1195 5079 inimicosqvestros
1218 5008 1438 5079 (Matth.
1475 5026 1530 5074 v,
1563 5004 1652 5075 43,
1677 5008 1788 5078 44).
1818 5008 1994 5062 Addit
2026 5008 2244 5079 utique,

588 5076 753 5147 quod
786 5083 871 5150 est
903 5075 1432 5150 adimplevit,quia
1452 5096 1569 5134 non
1594 5075 1887 5134 destruxit
1909 5075 2247 5141 vetera,'sed

588 5147 995 5219 utiperfectos
1043 5148 1280 5211 faceret,
1313 5147 1548 5219 potiora
1598 5150 1923 5206 mandavit.
1974 5152 2248 5205 Inimicos

589 5218 772 5293 enim,
801 5220 914 5274 hoc
946 5226 1035 5293 est
1068 5220 1280 5286 malos,
1316 5218 1457 5291 quia
1487 5222 1888 5285 retributione,
1918 5239 2055 5293 quas
2083 5222 2250 5291 justi-

590 5288 676 5344 tia
703 5291 962 5346 dictante
990 5292 1072 5355 ﬁt,
1109 5288 1431 5348 emendare
1470 5300 1526 5349 et
1551 5295 1843 5360 corrigere
1878 5288 1996 5349 non
2038 5288 2246 5364 potuit,

592 5376 697 5431 per
716 5378 981 5436 amorem
1013 5363 1148 5420 illos
1182 5370 1236 5419 et
1267 5367 1628 5436 obsequium
1658 5365 1857 5419 salvos
1886 5366 2011 5419 ﬁeri
2041 5363 2247 5428 voluit,

594 5434 755 5501 quod
786 5439 839 5487 et
863 5435 973 5488 Lex
1008 5436 1063 5489 in
1100 5436 1373 5490 sensibus
1399 5434 1677 5492 habebat.
1704 5436 1818 5490 Lex
1851 5437 2011 5490 enim
2039 5436 2121 5491 sic
2152 5453 2251 5490 vo-

595 5501 703 5578 luit
734 5502 1103 5578 inimicitiam
1139 5507 1435 5572 tollere,ut
1465 5525 1569 5578 per
1593 5507 2038 5563 retributionem
2069 5507 2250 5563 territi

595 5570 870 5626 homines
900 5575 1242 5633 desinerent
1270 5570 1405 5634 esse
1444 5570 1663 5634 inimici
1696 5596 1705 5632 :
1738 5585 1794 5633 et
1824 5581 2114 5649 quoniam
2153 5596 2252 5633 au-

667 5657 755 5731 t‘a)i
773 5658 1214 5731 Quoestigeadem
1239 5680 1300 5714 ex
1326 5668 1448 5731 Mss.
1474 5668 1696 5717 secundi
1723 5668 1948 5730 generis,
1974 5668 2112 5717 inter
2133 5671 2255 5731 post

606 5716 857 5781 vulgatus
888 5733 950 5768 ex
981 5723 1131 5773 Novo
1160 5727 1299 5775 Test.
1331 5716 1730 5780 decimatertia:

1627 184 2086 252 QUIESTIONES
2129 184 2222 240 EX
2261 182 2452 241 NOVO
2493 183 2986 243 TESTAMENTO.

3794 190 3899 250 2268

2338 310 2512 365 dacia
2533 325 2651 388 sua
2674 308 3251 388 hominestimorem
3286 309 3450 388 Legis
3476 315 3529 365 et
3556 318 3754 388 naturae
3781 332 3897 388 spre-

2336 386 2564 445 verunt,
2595 389 2925 435 crescentes
2952 381 3011 435 in
3041 384 3267 436 malum
3290 398 3418 452 ;per
3439 383 3789 442 humilitatem
3809 381 3901 446 Sal-

2338 461 2505 507 vator
2551 452 2925 506 inimicitiam
2958 453 3137 507 voluit
3173 454 3344 521 vinci,
3380 460 3437 507 ut
3468 455 3549 508 vel
3578 456 3652 510 sic
3687 458 3902 515 homines

2338 524 2710 579 ﬂecterentur
2732 527 2808 578 ad
2834 524 3076 589 bonum,
3093 524 3240 578 dum
3262 525 3515 578 viderent
3538 541 3644 580 non
3666 530 3760 582 sibi
3778 532 3903 587 reddi

2338 596 2708 650 inimicitiam
2742 618 2752 658 ;
2786 601 3207 665 permanentes
3240 600 3433 649 autem
3462 598 3684 665 gravius
3711 607 3905 657 tractan-

2337 666 2446 720 dos
2477 665 2620 732 fore,
2650 666 2791 735 quia
2823 682 2930 720 nec
2964 667 3291 721 humilitate
3322 667 3468 737 ejus,
3495 667 3652 737 cujus
3682 672 3907 728 vicissitu-

2336 738 2535 813 dinem
2570 738 2815 813 experiri
2848 738 3197 813 debuerant,
3218 739 3349 792 victi
3379 742 3658 813 sunt_.Non
3680 744 3904 813 ergojus-

2337 809 2463 863 titia
2507 810 2567 863 in
2616 809 2877 863 vindicta
2907 809 3242 881 oblitterata
3282 815 3386 873 est,
3420 809 3518 863 sed
3566 809 3828 881 suspensa
3851 818 3908 870 ad

2339 881 2847 953 utrumque;quia
2872 880 3120 953 cessavit
3141 882 3297 934 circa
3323 895 3457 934 eum
3485 881 3579 950 qui
3600 880 3712 937 seSe
3738 899 3906 953 cogno-

2336 954 2415 1006 vit
2449 968 2461 1006 :
2500 952 2542 1005 si
2576 951 2923 1022 quominus,
2956 952 3236 1022 plecteret
3264 957 3682 1007 contumacem.

2406 1023 2531 1077 LXX
2555 1023 2653 1092 (a).
2690 1052 2755 1062 -—
2788 1022 3076 1076 Dominus
3104 1028 3257 1077 certe
3287 1022 3553 1076 inimicos
3584 1038 3680 1077 nos
3717 1024 3906 1080 diabolo

2336 1093 2458 1147 ﬁeri
2489 1093 2761 1163 praecepit
2795 1112 2806 1150 :
2832 1093 2978 1163 quid
2997 1108 3140 1161 ergo
3168 1100 3257 1148 est
3291 1101 3351 1147 ut
3380 1095 3433 1147 in
3462 1095 3752 1163 Evangelio
3773 1096 3909 1159 dicat,

2334 1164 2468 1219 Esto
2487 1165 2819 1218 consentiens
2846 1164 3163 1219 adversario
3184 1171 3275 1219 tuo
3299 1165 3403 1219 cito
3424 1164 3475 1235 (Ι
3480 1164 3580 1218 bid.
3604 1182 3649 1219 v.
3668 1170 3743 1235 25)
3764 1168 3786 1221 ?
3808 1167 3911 1232 Quis

2335 1242 2420 1290 est
2452 1236 2709 1289 hominis
2739 1236 3140 1299 adversarius,
3174 1235 3287 1290 nisi
3308 1235 3621 1291 diabolus?

2405 1306 2555 1361 Nulli
2571 1306 2813 1361 dubium
2829 1307 3233 1362 estdiabolum
3247 1324 3374 1362 esse
3387 1307 3632 1361 hominis
3646 1307 3912 1374 inimicum,

2334 1377 2594 1432 maxime
2622 1377 2831 1431 ﬁdelis.
2862 1379 3303 1434 Vehementiora
3328 1378 3482 1433 enim
3509 1379 3617 1433 tela
3637 1394 3731 1432 sua
3759 1385 3916 1434 contra

2336 1448 2435 1501 Dei
2456 1452 2920 1503 servosexacuit.
2944 1451 3252 1518 Sicutergo
3274 1450 3379 1503 iste
3400 1449 3915 1504 bonoruminimicus

2334 1522 2532 1584 est,ita
2546 1526 2599 1574 et
2614 1520 2703 1574 lex
2723 1520 2890 1575 malis
2906 1522 2979 1574 ad
2990 1537 3157 1575 versa
3170 1522 3425 1585 est.Quis
3441 1521 3593 1575 enim
3608 1526 3917 1575 contemnen-

2336 1592 2373 1645 ti
2405 1608 2466 1645 se
2500 1607 2618 1646 non
2653 1592 3002 1646 adversetur
3030 1592 3057 1646 ?
3106 1593 3390 1647 Dominus
3421 1607 3557 1659 ergo
3604 1597 3912 1660 peccatorem

2334 1662 2677 1734 alloquitur,
2699 1668 2759 1716 ut
2781 1666 3113 1717 consentiat
3134 1662 3431 1719 mandatis
3453 1679 3582 1734 quae
3600 1663 3744 1717 illum
3767 1662 3919 1716 inobc-

2333 1734 2589 1788 dientem
2606 1735 3451 1804 condemnant,utsubjiciatse
3468 1734 3724 1789 voluntati
3738 1750 3915 1797 eorum,

2333 1812 2387 1859 et
2414 1806 2514 1859 ﬁat
2536 1821 2603 1859 ex
2638 1806 2879 1859 inimico
2907 1808 3158 1861 amicus.
3183 1807 3331 1871 Quia
3358 1813 3409 1859 et
3438 1812 3786 1875 contemptor
3810 1806 3917 1872 legis

2332 1876 2608 1931 inimicus
2635 1878 2865 1944 estejus
2892 1893 2904 1931 :
2936 1878 3223 1932 voluntati
3243 1876 3402 1931 enim
3430 1877 3551 1947 ejus
3570 1878 3775 1930 resistit.
3804 1875 3919 1947 Ideo-

2333 1964 2451 2019 que
2476 1948 2746 2002 bortatur
2772 1948 3054 2003 Dominus
3079 1946 3476 2019 peccatorem,
3500 1954 3557 2002 ut
3584 1948 3720 2002 bene
3740 1946 3920 2017 agendo

2335 2019 2666 2074 reconciliet
2697 2018 2806 2073 sibi
2838 2019 3053 2087 legem,
3081 2018 3153 2074 ne
3177 2021 3235 2073 in
3260 2019 3570 2089 diejudicii
3592 2024 3919 2089 accuseteum

2333 2107 2361 2145 a
2376 2090 2492 2160 pud
2513 2090 2798 2159 judicem,
2818 2099 2870 2145 et
2890 2091 3333 2147 condemnatus
3354 2088 3560 2162 pinnas
3576 2092 3666 2144 det
3681 2098 3854 2160 spretae
3870 2088 3921 2162 le-

2334 2159 2421 2234 gis
2448 2179 2459 2215 :
2484 2163 2653 2217 Omni
2682 2164 2923 2225 etenim,
2949 2162 3162 2234 inquit,
3198 2163 3301 2233 qui
3334 2159 3492 2217 male
3517 2162 3633 2216 vult
3657 2159 3837 2234 agere,
3860 2159 3919 2212 di-

2334 2233 2913 2312 scipliiia_Domir_iica
2938 2232 3182 2312 inimica
3211 2232 3481 2312 videtur:
3501 2234 3588 2287 cui
3612 2232 3715 2312 nisi
3734 2245 3919 2312 conscii-

2333 2303 2489 2365 serit,
2522 2305 2847 2359 mitteturin
2867 2306 3227 2371 gehennam,
3253 2304 3511 2370 diabolo,
3540 2303 3919 2375 quivereinimi-

2333 2375 2704 2453 cu_s_l_1_i_imani
2721 2376 2957 2453 generis
2976 2383 3083 2441 est,
3110 2382 3574 2453 praeparatam.“
3797 2442 3806 2453 .

2409 2449 2577 2501 LXXI.
2635 2442 2938 2501 —-_Jacob
3004 2442 3340 2516 appella—tus
3400 2454 3484 2501 est
3538 2448 3710 2500 Homo
3762 2442 3917 2497 videns

2337 2518 2544 2583 Deum,
2577 2519 3048 2593 etltioysesvidit
3073 2520 3255 2593 Deum
3289 2519 3442 2593 facie
3474 2517 3545 2593 ad
3580 2516 3769 2593 faciem
3795 2527 3917 2593 mec-

2334 2605 2453 2642 non
2488 2596 2541 2643 et
2577 2586 2775 2653 Isaias,
2822 2590 2970 2653 Vidi,
2997 2591 3094 2655 ait,
3124 2592 3292 2644 Deum
3338 2589 3559 2644 sabaoth
3612 2586 3765 2641 oculis
3788 2586 3917 2637 meis:

2334 2665 2539 2715 contra
2553 2666 2748 2714 autem
2777 2659 3037 2715 Joannes
3060 2660 3451 2729 evangelista,
3476 2660 3650 2723 Deum,
3672 2658 3841 2727 inquit.
3860 2670 3920 2706 ηε·

2332 2748 2415 2786 mo
2446 2732 2583 2785 vidit
2627 2748 2859 2801 unquam
2893 2732 3042 2802 (Gen.
3079 2749 3256 2797 xxxii,
3291 2733 3363 2786 28
3398 2751 3410 2799 ;
3439 2731 3608 2786 Exod.
3638 2744 3811 2802 xxxiii,
3838 2730 3877 2779 tt
3907 2740 3916 2787 ;

2334 2802 2468 2857 Isai.
2512 2818 2588 2875 Vi,
2620 2808 2647 2857 5
2684 2800 2758 2869 ;’l
2790 2800 2949 2858 Joan.
2978 2820 3055 2867 iv,
3092 2804 3215 2875 t2);
3252 2802 3387 2870 hoc,
3423 2808 3701 2875 quantum
3730 2800 3918 2858 videtur,

2336 2874 2698 2929 contrarium
2732 2882 2836 2929 est.

2407 2946 2705 3011 Quantum
2722 2944 2799 2999 ad
2814 2944 2992 2999 ﬁdem
3006 2945 3126 2999 veri
3149 2945 3291 3015 perti
3304 2950 3422 3006 net.
3440 2947 3618 3000 Deum
3632 2942 3843 3015 omnino
3854 2951 3920 3015 ne:

2339 3006 3099 3087 moviditunquammeque
3116 3006 3569 3088 Patremmeque
3584 3006 3917 3088 Filiumoiiod

2338 3088 2494 3142 enim
2520 3089 2677 3142 visus
2696 3087 3021 3155 dicitur,ad
3045 3087 3498 3153 intelligentiam
3523 3087 3783 3152 refertur;
3805 3087 3921 3135 visus

2339 3165 2423 3214 est
2449 3160 2603 3213 enim
2632 3159 2789 3214 velut
2823 3159 2883 3213 in
2914 3159 3196 3227 imagine.
3222 3158 3417 3214 Veluti
3451 3175 3559 3213 nos
3580 3172 3708 3212 cum
3732 3157 3923 3230 impera-

2339 3236 2493 3285 tores
2517 3231 2876 3295 nesciamus,
2896 3225 3168 3283 videmus
3186 3246 3288 3285 eos
3305 3231 3366 3283 in
3398 3230 3607 3299 figura,
3628 3243 3734 3283 nou
3756 3225 3924 3299 inferi.

2340 3308 2459 3356 tate
2503 3317 2515 3353 :
2549 3303 2629 3356 ita
2660 3307 2715 3355 et
2759 3305 2909 3356 Deus
2945 3302 3104 3355 visus
3134 3306 3242 3367 est,
3288 3307 3355 3357 ut
3385 3295 3790 3370 intelligeretur
3812 3295 3924 3347 Deus

2341 3389 2467 3426 esse
2489 3374 2590 3444 qui
2620 3373 2971 3443 apparebat,
2991 3388 3093 3441 per
3114 3372 3438 3436 rationem,
3461 3367 3698 3444 iion'per
3718 3367 3926 3444 substan-

2342 3440 2525 3509 tiam;
2558 3440 2786 3513 quia—in
2822 3440 3036 3497 natura
3076 3460 3184 3498 sua
3211 3444 3369 3497 Deus
3403 3443 3581 3497 videri
3606 3440 3729 3497 'non
3755 3440 3921 3513 potest.

2344 3518 2406 3569 Et
2442 3506 2726 3569 tit-verius
2759 3515 3082 3583 propositae
3114 3516 3466 3585 quaestionis
3515 3520 3721 3567 secreta
3752 3506 3926 3585 panda-

2345 3601 2496 3651 inus,
2524 3580 2771 3639 sensum
2801 3580 3183 3651 Evangelistie
3212 3586 3513 3655 explicare
3538 3580 3925 3655 nitamnrJoatt-

2345 3672 2447 3710 nes
2470 3649 2625 3710 enim
2648 3656 2943 3711 occultum
2968 3649 3191 3727 aliquid
3218 3649 3473 3726 prodere
3495 3649 3833 3727 volnit,quod_
3854 3649 3925 3699 sci-

2347 3729 2424 3782 vit
2480 3728 2555 3781 ad
2598 3727 2919 3781 salutarem
2966 3722 3299 3782 doc-trinam
3362 3729 3649 3798 pertinere
3693 3722 3923 3798 :7idcirc‘q,

2349 3802 2537 3861 Deum,
2574 3799 2784 3869 inquit.
2819 3816 2963 3852 nemo
2987 3799 3120 3853 vidit
3153 3784 3413 3870 unquam,
3444 3800 3555 3853 nisi
3584 3794 3847 3870 unigenitus
3866 3784 3928 3841 F13

2347 3870 2453 3924 lius
2480 3870 2573 3940 qui
2600 3861 2672 3924 est
2696 3872 2753 3923 in
2779 3873 2901 3925 sinu
2927 3861 3263 3940 Patris,ipse
3290 3861 3598 3925 enarravit.
3624 3861 3929 3922 Animadver-

2348 3948 2545 3996 tamus
2578 3957 2819 3995 sensum
2853 3942 3238 4011 Evangelistaa
3272 3958 3283 3996 :
3324 3949 3385 3997 ut
3418 3943 3573 3996 enim
3617 3942 3925 4011 verumqsses

2348 4014 2490 4085 quia
2517 4028 2694 4066 nemo
2724 4013 2869 4085 vidit
2900 4005 3080 4067 Deuin
3112 4029 3406 4085 unquam,
3427 4005 3926 4085 ostenderet,Fil_iu‘l‘It

2350 4069 2464 4138 hoc
2491 4099 2799 4157 enarrasse
2825 4084 3034 4138 docet:
3060 4069 3611 4157 quempialli'utique
3633 4069 3929 4157 impossibile

2350 4163 2461 4222 est,
2481 4154 2623 4225 quia
2644 4155 2869 4225 inisinu
2900 4138 3210 4210 Patris‘est.
3232 4138 3414 4209 Sinus
3434 4138 3623 4210 autem
3652 4138 3807 4206 Patris
3826 4138 3927 4225 quid

2351 4220 2462 4287 est,
2497 4220 2610 4280 nisi
2646 4224 2893 4281 affectus
2926 4226 2984 4279 in
3013 4226 3298 4281 cbaritate
3331 4227 3455 4281 veri
3492 4226 3667 4280 Patris
3694 4235 3781 4293 per
3807 4220 3927 4294 nati};-

2352 4284 2752 4351 rte/unitatem
2797 4298 2855 4351 in
2907 4295 3159 4352 Filium?
3198 4297 3604 4362 Quamobrem
3644 4284 3796 4348 nemo
3834 4284 3930 4362 Vidit

2357 4372 2562 4432 Deum,
2606 4367 2718 4421 nisi
2753 4370 2963 4421 unicus
2999 4369 3171 4423 Filius
3207 4355 3371 4426 ihoc
3398 4371 3652 4423 Joannes
3692 4355 3928 4433 apostolus

2355 4439 2561 4513 [filium
2597 4440 2705 4513 Dei
2735 4439 2959 4513 audivit
2994 4439 3292 4513 dicentem
3345 4440 3527 4513 inter_
3548 4438 3688 4513 alia,_
3716 4433 3929 4513 Νρζιηίὶίέῖα

2352 4511 2572 4564 Patrem
2594 4510 2729 4565 vidit
2754 4511 3051 4582 quisquam,
3080 4511 3301 4580 nisiqui
3330 4518 3408 4565 ⁸³⁸
3433 4528 3464 4564 α
3490 4496 3713 4582 θεοκπίο
3728 4496 3930 4582 uti“???

2354 4588 2510 4636 trem.
2530 4584 2595 4637 Ut
2616 4567 2857 4647 ergn‘ad
2882 4567 3458 4637 condemnationem
3491 4567 3928 4653 proﬁcerethdﬁ

2354 4668 2549 4724 orum,
2568 4632 2987 4724 quirChristiim
3018 4654 3116 4707 Dei
3149 4654 3355 4707 Filium
3377 4632 3583 4707 audire
3610 4632 3928 4724 nolebapiifl

2355 4717 2613 4787 credere,
2657 4725 2913 4779 ostendit
2948 4725 3325 4793 Evangelista
3356 4724 3517 4778 hunc
3555 4737 3673 4793 esse
3703 4717 3926 4793 Christum}

2355 4796 2455 4865 qui
2493 4786 2757 4849 Patribus
2801 4786 3180 4866 appartiiss‘et
3215 4796 3272 4849 in
3301 4796 3487 4849 Deum
3517 4795 3535 4829 ¹
3566 4786 3927 4866 :ilIum‘auteiii

2355 4851 2457 4937 qui
2486 4866 2654 4921 Pater
2685 4872 2790 4929 est,
2819 4851 3129 4936 nunquam
3161 4867 3339 4921 videri
3370 4867 3479 4920 nisi
3509 4880 3543 4919 a
3577 4851 3927 4937 Filio.QIIatid‘0

2357 4932 2512 4991 enim
2551 4940 2732 4991 Deum
2774 4932 3001 4992 Patrem
3034 4942 3214 5005 negat
3258 4939 3478 5001 visum,
3511 4942 3565 4990 et
3593 4937 3756 4989 Deum
3796 4932 3928 5005 ἢρῐζὲζ

2359 5009 2546 5063 ruisse
2580 5009 2850 5063 Patribus
2881 4992 3210 5079 profitetur,
3254 4992 3627 5063 manifestare
3664 4992 3927 5079 sejttllpﬁl

2359 5080 2558 5143 Filius,
2588 5079 2730 5152 quia
2754 5063 2894 5149 ipse.
2918 5096 3152 5152 semper
3265 5081 3460 5152 Deum
3484 5080 3648 5152 visus
3670 5091 3699 5127 a
3724 5063 3927 5152 Paw-liii?

2359 5156 2467 5206 est.
2501 5137 2663 5205 Unde
2696 5137 2846 5205 inter
2876 5137 3089 5206 caetera
3117 5150 3255 5206 dicit
3279 5150 3497 5205 Judasis
3523 5149 3595 5202 de
3621 5137 3926 5219 Patre.{Vﬂll‘f

2358 5239 2529 5276 vocem
2557 5223 2670 5291 ejus
2698 5222 2931 5277 audistis
2967 5222 3275 5292 aliquando,
3319 5238 3484 5292 neque
3520 5221 3747 5293 ﬁguram.
3768 5217 3856 5280 01"“
3878 5217 3926 5293 of]

2358 5274 2521 5348 disits
2550 5274 2846 5364 (nanis;
2865 5274 3347 5362 '37).”e¢ss"‘ssn*
3365 5274 3470 5346 se
3517 5274 3849 5346 eammeam,
3893 5274 3929 5322 εί

2360 5365 2555 5419 visum
2588 5371 2644 5419 et
2680 5365 2937 5419 invisum
2972 5382 3100 5418 esse
3133 5367 3337 5419 Deum.
3879 5414 3886 5421 .

2431 5436 2629 5491 LXXII.
2664 5468 2721 5475 —
2750 5436 3003 5500 Quando
3030 5438 3240 5507 legitur
3266 5436 3322 5488 in
3347 5428 3693 5507 Apocalypsi
3718 5426 3927 5507 Ioannis1

2370 5486 2789 5577 Vellei-inqui;
3490 5486 3647 5557 manu
3690 5486 3930 5577 αηρεζῇ

2359 5566 2553 5633 devora
2586 5566 2761 5644 illum,
2796 5587 2844 5633 et
2874 5566 3197 5633 amaricabit
3234 5585 3470 5632 ventrem
3502 5579 3660 5631 tuum,
3697 5566 3773 5621 sed
3800 5566 3844 5614 in
3866 5566 3927 5609 0re

2422 5670 2436 5699 ¹
2473 5667 2654 5727 Abest,
2686 5668 2741 5715 in
2773 5668 2941 5724 Deum,
2975 5681 3006 5717 θ.
3034 5668 3156 5715 Mss.
3191 5665 3409 5715 secundi
3439 5662 3654 5727 generis.
3736 5716 3743 5724 .

2429 5730 2498 5790 (a)
2531 5725 2650 5780 Hmc
2677 5731 2903 5793 quaestio
2933 5730 3080 5780 deest
3105 5730 3158 5778 in
3190 5730 3311 5779 Mss.
3340 5725 3557 5777 secundi
3586 5727 3784 5786 generis.
