4112 6192
230 209 377 263 2269

228 340 322 407 tuo
365 332 474 388 erit
513 331 688 407 dulcis
714 332 855 388 sicut
884 333 989 407 mel
1028 333 1218 405 (Apoc.
1251 350 1309 399 Χ,
1358 338 1411 403 8,
1454 336 1514 403 9)
1548 352 1560 391 :
1607 335 1747 407 quis
1776 335 1883 407 iste

227 403 379 460 liber
396 410 500 468 est,
519 405 620 476 qui
649 420 924 459 amarum
948 403 1086 459 facit
1109 412 1370 461 ventrem
1394 423 1532 462 cum
1558 403 1885 461 sit—dulcis?

303 476 517 531 Omnia
544 476 750 550 divina
770 476 1076 550 volumina
1107 493 1315 550 amara
1340 486 1496 543 sunt,
1518 479 1617 532 sed
1643 477 1882 550 perﬁdis

228 552 413 618 atque
435 547 797 602 carnalibus.
824 547 1151 602 ldololatris
1170 550 1325 603 enim
1356 550 1604 604 insuave
1628 547 1881 613 est,cum

224 618 481 673 audiunt
516 634 700 673 unum
734 618 921 672 Deum
953 620 1261 688 praedicari
1289 622 1346 674 in
1380 621 1701 676 Christo.Et
1734 620 1880 675 Pho-

225 692 383 743 tinus
407 689 587 743 simul
615 690 977 762 pertimescit
1003 691 1246 746 horrore
1273 700 1605 762 correptus.
1630 693 1883 746 Erubes-

224 761 303 835 cit
331 762 510 835 etiam
541 761 833 835 Sabellius
867 761 1117 835 audiens
1152 762 1383 818 Patrem
1412 761 1543 818 esse
1568 765 1670 835 qui
1704 763 1877 817 Filius

223 830 343 887 dici
375 847 517 905 non_
540 833 747 902 possit,
782 833 926 905 quia
957 833 1034 887 ab
1067 833 1198 905 ipso
1230 840 1365 888 sunt
1395 830 1631 905 omnia;
1670 835 1877 888 Filium

227 903 685 976 autemidcirco
736 902 941 976 Filium
987 902 1296 976 appellari,
1328 906 1471 975 quia
1518 902 1637 961 non
1679 908 1878 976 utique

226 973 400 1029 Pater
434 975 564 1046 ipse
599 981 708 1039 est,
755 976 855 1048 sed
887 974 960 1048 de
995 973 1182 1048 Patre,
1231 973 1406 1031 uec'a
1436 993 1596 1048 quo,
1632 977 1750 1048 sed
1774 973 1879 1048 per

225 1061 410 1115 quem
451 1045 587 1101 sunt
624 1046 848 1101 omnia.
882 1045 1231 1118 Confutatur
1260 1053 1316 1102 et
1349 1045 1542 1114 Arius,
1574 1064 1710 1103 cum
1742 1045 1878 1118 legit

222 1117 520 1172 Christum
548 1132 753 1172 verum
786 1132 914 1172 esse
949 1117 1153 1171 Filium
1184 1119 1309 1183 Dei;
1345 1121 1469 1173 sine
1499 1120 1687 1174 dubio
1716 1117 1877 1175 enim

222 1203 399 1260 verus
438 1189 552 1243 dici
586 1205 703 1243 non
752 1194 968 1260 posset.
1004 1188 1119 1243 nisi
1154 1189 1389 1260 proprie
1429 1197 1583 1245 esset
1611 1190 1685 1245 de
1724 1192 1866 1245 Deo.

225 1258 605 1332 Convincitur
646 1265 701 1313 et
750 1258 1018 1332 Marcion,
1064 1258 1379 1314 addiscens
1427 1261 1570 1332 quia
1617 1262 1875 1317 Verbum

220 1346 363 1413 caro
393 1330 613 1413 factum
647 1335 765 1413 est,
780 1331 885 1411 qui
918 1334 1089 1413 putat
1112 1331 1344 1413 Christo
1375 1330 1615 1413 carnem
1648 1348 1875 1413 negan-

219 1402 387 1457 dam.
416 1403 695 1471 Arguitur
718 1402 897 1456 etiam
926 1402 1238 1472 improbus
1268 1402 1874 1469 Manichaeus,videns

221 1471 513 1543 scriptum
546 1474 623 1528 ab
654 1471 1045 1545 Evangelista,
1073 1475 1218 1545 quia
1242 1473 1510 1529 Salvator
1535 1491 1653 1530 non
1680 1475 1871 1530 solum

217 1545 542 1615 praesentia
590 1546 679 1598 sui
734 1543 1269 1614 nuptiarum'vota
1305 1545 1621 1610 decoravit,
1667 1563 1873 1601 verum

219 1615 401 1689 etiam
435 1615 658 1689 poculis
694 1616 1032 1689 honestavit
1064 1616 1246 1684 (Joan.
1282 1632 1339 1680 ιι,
1386 1618 1551 1687 t-H),
1585 1616 1688 1689 qui
1721 1632 1876 1689 nup-

222 1687 437 1741 tiarum
469 1688 665 1741 aditus
696 1686 1033 1741 intercludit
1077 1693 1131 1742 et
1176 1689 1514 1758 promiscue
1558 1686 1874 1745 convenire

217 1758 512 1831 hortatur.
554 1760 685 1831 Haec
717 1758 1100 1831 continentur
1126 1758 1386 1831 inrlibro,
1421 1775 1600 1831 quem
1650 1762 1873 1831 accepit

216 1829 535 1899 Apostolus
566 1829 1002 1884 devorandum.
1039 1828 1139 1883 Hic
1176 1828 1321 1884 liber
1355 1828 1738 1899 Evangelium
1786 1828 1876 1886 est

215 1900 381 1971 quod
420 1903 556 1952 κατὰ
583 1901 873 1955 Joannem
908 1900 1257 1964 inlitulatur,
1291 1901 1455 1971 quod
1506 1918 1626 1956 non
1678 1903 1872 1957 solum

216 1970 377 2025 male
399 1972 788 2027 sentientibus
819 1987 1093 2027 amarum
1113 1982 1218 2036 est,
1244 1970 1447 2027 verum
1476 1975 1652 2028 etiam
1687 1975 1875 2027 indis-

219 2040 542 2116 ciplinatis,
561 2046 661 2114 qui
689 2042 1148 2116 noluntcorripi,
1178 2049 1235 2098 ut
1260 2044 1317 2097 in
1347 2044 1515 2115 pejus
1539 2046 1869 2116 proﬁciant.

222 2113 339 2187 ista
362 2113 642 2187 revelatio
672 2130 749 2187 eo
775 2122 1039 2187 tempore
1068 2113 1223 2187 facta
1252 2120 1362 2179 est,
1394 2113 1516 2186 quo
1541 2113 1871 2187 apostolus

218 2185 485 2239 Joannes
511 2185 569 2239 in
602 2185 794 2240 insula
821 2192 945 2240 erat
972 2185 1652 2254 Pathmos,relegatus_a
1683 2188 1874 2242 Domi-

220 2258 385 2310 tiano
415 2255 794 2326 imperatore,
824 2257 959 2329 iidei
983 2273 1195 2329 causa.
1223 2258 1385 2311 Tunc
1412 2257 1517 2313 fuit
1543 2258 1600 2312 in
1630 2258 1871 2329 Spiritu,

218 2332 281 2381 ut
314 2333 513 2397 posset
540 2328 737 2382 videre
770 2327 1054 2390 crelestia,
1074 2335 1126 2382 et
1149 2329 1295 2383 dum
1322 2332 1451 2384 haec
1477 2329 1525 2383 ei
1552 2327 1875 2385 ostendun-

220 2405 336 2462 tur,
368 2414 503 2470 quae
535 2399 732 2453 futura
768 2407 905 2454 sunt
952 2415 1136 2472 causa
1168 2400 1488 2472 impietatis
1515 2406 1572 2456 et
1602 2404 1788 2472 stupri
1819 2408 1876 2457 et

218 2476 593 2545 cancrorum,
628 2472 802 2545 datus
832 2475 919 2525 est
959 2471 1036 2524 illi
1066 2470 1215 2545 liber
1253 2470 1356 2543 qui
1393 2471 1584 2525 dulcis
1629 2470 1870 2545 quidem

222 2545 351 2595 erat
390 2541 448 2595 in
497 2557 619 2605 ore,
653 2542 755 2596 sed
788 2557 1061 2596 amarum
1097 2541 1311 2597 faceret
1341 2548 1606 2597 ventrem
1647 2541 1669 2597 Ξ
1712 2549 1774 2598 ut
1804 2560 1875 2599 ex

220 2611 324 2692 his
348 2612 450 2692 qui
482 2613 958 2692 videntur_unius
990 2629 1364 2692 corpusesse
1396 2614 1874 2692 hominis},is_tis

219 2682 415 2756 dulcis
446 2692 633 2756 esset;
675 2685 775 2755 qui
808 2690 1050 2756 propter
1078 2682 1240 2755 quod
1274 2686 1516 2753 integrae
1546 2685 1874 2756 professio-

224 2754 319 2808 nis
341 2760 496 2816 sunt,
522 2754 580 2809 in
607 2754 709 2810 ore
733 2754 1052 2824 significati
1083 2754 1256 2810 sunt:
1286 2757 1400 2811 hoc
1425 2754 1583 2811 enim
1616 2756 1787 2811 dulce
1814 2758 1874 2813 in

224 2839 330 2879 ore
356 2830 466 2899 est,
493 2826 657 2897 quod
696 2842 881 2899 unum
916 2832 1000 2882 est
1032 2840 1044 2878 :
1079 2826 1191 2881 illis
1223 2833 1421 2899 autem
1455 2829 1557 2899 qui
1598 2828 1878 2884 hmretica

220 2895 528 2970 pravitate
549 2898 1111 2970 carnalitervivunt
1160 2897 1254 2952 vel
1302 2895 1582 2963 sentiunt,
1634 2904 1877 2970 propter

221 2967 388 3041 quod
418 2967 477 3021 in
512 2977 713 3041 ventre
744 2968 1061 3041 signiﬁcati
1091 2975 1249 3033 sunt,
1270 2986 1533 3025 amarus.
1559 2967 1880 3027 Accusabit

224 3039 383 3092 enim
417 3054 517 3111 eos
548 3040 605 3095 in
629 3040 723 3094 die
745 3039 948 3109 judicii
978 3040 1098 3095 Dei.
1127 3041 1263 3096 Post
1284 3040 1705 3097 revelationem
1736 3056 1876 3111 ergo

220 3110 613 3185 Evangelium
636 3111 841 3185 jussus
883 3112 1551 3185 estgscribere,propter
1584 3114 1713 3185 haec
1740 3110 1877 3185 quas

226 3197 410 3251 supra
441 3181 804 3238 diximus.Et
835 3183 1111 3239 Ezechieli
1142 3181 1443 3254 prophetae
1462 3183 1732 3239 similiter
1758 3181 1879 3240 dic-

226 3257 345 3325 tum
374 3258 479 3319 est,
503 3259 564 3308 ut
594 3257 885 3325 acciperet
915 3254 1131 3309 librum
1152 3255 1252 3325 qui
1286 3261 1442 3310 esset
1469 3255 1659 3311 dulcis
1690 3256 1749 3309 in
1776 3271 1877 3311 ore

221 3324 956 3449 pyxsezquindnyperﬁdiam
976 3324 1183 3398 populi
1215 3327 1437 3381 missus
1460 3334 1545 3381 est
1570 3327 1877 3398 increpare

305 3402 447 3450 zech.
478 3411 563 3460 ιιι,
602 3402 673 3460 1).

224 3394 447 3467 (Ezech.
478 3411 563 3460 ιιι,
602 3394 673 3466 1)’.
978 3394 996 3398 ’
1063 3394 1078 3397 ⁷
1738 3394 1749 3398 “

298 3467 380 3537 (a)
423 3466 797 3539 Frequenter,
851 3467 954 3538 qui
998 3467 1424 3538 compendium
1466 3469 1697 3539 quaerit,
1732 3468 1879 3524 solet

220 3552 439 3592 errare.
457 3538 605 3603 Quid
625 3544 713 3593 est
735 3545 796 3592 ut
820 3553 939 3593 non
967 3539 1172 3595 omnia
1198 3539 1274 3594 ad
1299 3555 1543 3593 causam
1563 3539 1719 3594 dicta
1746 3555 1878 3609 pro-

221 3624 437 3680 ponas,
471 3610 577 3663 sed
610 3609 808 3680 aliqua
836 3612 1150 3679 reprimas,
1188 3617 1247 3664 ut
1276 3611 1586 3665 obscurior
1616 3612 1720 3665 fiat
1748 3627 1877 3665 sen-

222 3678 373 3733 sus?
395 3683 539 3735 Nam
568 3678 791 3735 dictum
823 3678 915 3735 est
937 3682 1172 3746 Joanni,
1198 3682 1421 3744 Vade,et
1446 3683 1630 3750 accipe
1650 3681 1873 3747 librum,

220 3750 319 3821 qui
351 3752 515 3823 estin
543 3769 707 3806 manu
736 3753 931 3823 angeli,
968 3760 1014 3807 et
1038 3753 1233 3806 devora
1259 3752 1454 3817 illum;
1482 3760 1529 3807 et
1561 3754 1669 3807 erit
1698 3755 1754 3807 in
1784 3770 1877 3808 ore

221 3828 317 3875 tuo
344 3822 515 3894 dulcis
544 3822 948 3894 tanquam’met,
966 3824 1056 3879 sed
1084 3823 1405 3878 amaricabit
1432 3830 1667 3879 ventrem
1700 3832 1871 3879 tuum.

221 3894 285 3947 Et
315 3893 416 3965 ait,
445 3893 683 3964 Oportet,
711 3894 906 3965 inquit,
929 3902 975 3949 te
999 3895 1322 3965 prophetare
1352 3897 1548 3949 iterum
1577 3895 1796 3965 populis
1825 3904 1871 3951 et

214 3964 470 4033 gentibus
500 3967 709 4021 multis.
743 3964 1041 4030 Quantum
1071 3964 1213 4033 ergo
1244 3966 1321 4020 ad
1355 3966 1472 4020 veri
1506 3964 1755 4036 pertinet
1786 3983 1875 4021 ra-

218 4036 469 4108 tionem,
502 4043 635 4107 post
665 4037 939 4091 exsilium
976 4036 1364 4105 Evangelium
1397 4037 1710 4107 scripsisse
1741 4053 1876 4108 pro-

216 4106 418 4160 batur.
456 4106 517 4161 ln
548 4108 756 4163 exsilio
788 4109 947 4163 enim
992 4108 1217 4178 positus
1248 4108 1304 4162 in
1343 4106 1540 4163 insula
1569 4106 1865 4170 Pathmos.

218 4177 276 4258 in
306 4193 496 4259 quam
520 4178 713 4259 fuerat
743 4198 776 4233 a
807 4177 1145 4259 Domitiano
1173 4180 1872 4259 imperatorerelegatus,

216 4248 370 4302 vidit
410 4250 858 4315 revelationem,
893 4250 1043 4306 sicut
1090 4248 1343 4315 dicit,’in
1381 4251 1475 4305 die
1522 4248 1823 4306 dominico
1857 4268 1868 4306 :

216 4324 376 4393 post,
401 4319 549 4375 sicut
576 4321 718 4389 dixi,
747 4324 980 4391 scripsit
1011 4321 1419 4393 Evangelium,
1451 4323 1614 4393 quod
1649 4322 1869 4377 haereti-

216 4392 308 4464 cis
333 4406 608 4447 amarum
648 4400 754 4457 est,
787 4409 939 4464 quos
980 4394 1038 4448 in
1071 4392 1269 4447 ventre
1311 4392 1679 4463 significavit.
1726 4395 1873 4449 Sunt

215 4463 378 4516 enim
410 4464 701 4529 carnales,
730 4463 875 4534 quia
903 4464 1056 4519 male
1082 4464 1415 4534 intelligunt
1446 4464 1767 4520 Christum.
1805 4465 1872 4519 In

213 4549 306 4586 ore
344 4541 521 4589 autem
552 4541 661 4597 tuo,
698 4535 863 4606 quod
893 4536 1056 4599 dicit,
1088 4537 1195 4590 erit
1236 4534 1407 4590 dulcis
1433 4542 1682 4606 tanquam
1715 4536 1823 4590 mel
1853 4553 1869 4590 :

214 4606 673 4678 quasiomnium
698 4606 1167 4663 Christianorum
1191 4622 1375 4661 unum
1399 4606 1536 4661 facit
1561 4613 1871 4678 corpus,ut

213 4675 430 4750 singuli
452 4678 725 4750 membra
739 4679 853 4733 sint
877 4679 1021 4733 alter
1039 4678 1279 4733 alterius
1297 4695 1308 4750 ς
1326 4679 1404 4733 ita
1428 4684 1488 4732 ut
1505 4679 1562 4733 in
1578 4675 1870 4750 ore,quod

216 4746 420 4820 utique
459 4748 671 4819 capitis
704 4765 842 4820 pars
863 4755 971 4812 est,
994 4749 1467 4804 honorabiliores
1492 4756 1548 4803 et
1575 4746 1870 4805 fideliores

213 4816 765 4892 signiticet,'quibus
788 4821 1002 4875 veritas
1022 4837 1157 4892 quas
1183 4820 1255 4892 de
1288 4820 1516 4892 Christo
1548 4830 1653 4885 est,
1678 4820 1870 4875 dulcis

213 4896 299 4943 est
328 4905 341 4954 ;
377 4890 447 4963 in
469 4890 671 4946 ventre
715 4891 1018 4946 haereticos
1042 4890 1368 4962 'signiﬁcat,
1414 4891 1559 4963 quia
1580 4893 1870 4963 ﬁcarnales

214 4964 375 5034 sunt.
405 4961 634 5017 Veritas
665 4963 820 5017 enim
855 4979 989 5034 quae
1018 4963 1314 5018 Christum
1343 4961 1545 5016 ver—um
1578 4962 1760 5016 Deum
1789 4963 1868 5017 lo-

212 5030 436 5097 quitur,
470 5033 559 5087 his
608 5050 817 5089 amara
868 5030 975 5088 est.
1021 5037 1228 5089 Totum
1279 5035 1438 5088 enim
1486 5034 1867 5099 Evangelium

210 5101 456 5157 Joannis
472 5111 673 5159 contra
690 5105 993 5161 haereticos
1007 5106 1338 5160 est.Contra
1351 5104 1553 5159 Photin
1566 5120 1662 5158 um
1684 5105 1865 5169 enim,

212 5174 312 5244 qui
344 5175 639 5231 Christum
691 5185 826 5232 ante
860 5177 1101 5231 Mariam
1132 5193 1262 5232 esse
1307 5183 1507 5243 negat,
1540 5175 1757 5244 probat
1796 5176 1867 5231 de

212 5244 373 5299 cretis
420 5245 798 5302 descendisse
847 5248 1234 5304 Salvatorem.
1263 5249 1479 5304 Contra
1525 5247 1726 5302 Arium
1769 5264 1870 5301 au-

214 5319 355 5389 tem,
390 5318 647 5373 ostendit
676 5320 967 5374 Christum
996 5319 1225 5374 initium
1272 5335 1391 5374 non
1424 5318 1644 5374 habere
1684 5335 1695 5373 :
1726 5320 1869 5389 quia

212 5384 271 5459 i_n
313 5388 477 5442 initio
513 5396 639 5445 erat
685 5391 836 5444 Deus
866 5390 1133 5446 Christus
1167 5391 1324 5445 filius
1354 5392 1448 5445 Dei
1482 5389 1645 5459 apud
1682 5384 1865 5445 Deum

214 5457 469 5523 Patrem,
507 5466 560 5516 et
590 5463 732 5531 quia
777 5462 921 5516 nihil
954 5462 1077 5516 sine
1118 5462 1215 5517 illo
1247 5462 1470 5516 factum
1522 5457 1626 5523 est,
1665 5461 1863 5531 ipsum

213 5544 331 5585 non
359 5547 536 5601 posse
561 5532 674 5588 dici
708 5533 1016 5588 facturam.
1053 5533 1107 5588 Si
1141 5534 1300 5587 enim
1328 5532 1556 5587 factura
1582 5539 1729 5597 erat,
1753 5532 1866 5587 fac-

272 5630 291 5693 ?
324 5628 416 5693 Ms.
448 5629 659 5679 Colbert
686 5669 696 5686 ,
728 5631 957 5693 corporis
989 5645 1089 5679 esse
1118 5630 1427 5693 hominibus.

274 5690 344 5756 (_a)
378 5691 612 5756 Quaestio,
632 5690 903 5743 eadem'ex
929 5692 1054 5742 Mss.
1081 5692 1300 5742 secundi
1327 5691 1557 5756 generis,
1581 5693 1721 5743 inter
1744 5696 1866 5756 post

212 5751 460 5816 vulgatus
480 5768 545 5805 ex
574 5755 723 5806 Novo
753 5756 891 5806 Test.
929 5756 1264 5820 sexagesima
1292 5751 1498 5820 quinta.

1749 209 2141 266 APPENDIX.

3514 213 3656 271 2270

1999 339 2124 390 tum
2152 338 2309 389 esset
2339 334 2563 408 aliquid
2596 337 2719 392 sine
2741 336 2840 392 illo
2870 352 2882 391 :
2917 338 3015 392 sed
3046 338 3192 408 quia
3217 339 3365 395 nihil
3398 341 3525 397 sine
3550 340 3650 397 illo

1997 414 2142 478 erat,
2170 422 2405 478 semper
2435 409 2562 462 fuit.
2609 409 2929 464 Sabellium
2981 415 3183 464 autem
3224 414 3325 478 qui
3364 413 3649 467 unionem

1996 477 2454 551 accipitPatrem
2484 484 2537 533 et
2561 480 2867 545 Filium,ut
2892 496 3047 535 unus
3073 477 3393 551 singularis
3415 482 3649 538 duobus

1996 549 2341 620 nominibus
2367 556 2764 620 nuncupatur,
2792 552 2875 605 sic
2906 549 3260 607 confutet—ut
3291 552 3547 619 dicat,Si
3571 571 3651 608 me

1993 619 2311 690 dilige-retis,
2352 619 2657 689 gauderetis
2705 624 2908 692 utique,
2942 624 3070 692 quia
3114 623 3247 677 vado
3288 624 3359 677 ad
3404 625 3646 689 Patrem,

2029 692 2121 744 uia
2150 692 2317 746 Pater
2348 694 2523 762 major
2554 710 2630 746 me
2667 700 2743 749 est
2775 694 2951 764 (Joan.
2986 710 3103 757 xxv,
3139 697 3229 761 ‘28)
3265 711 3277 748 :
3316 695 3414 750 ubi
3462 696 3650 750 mani-

2016 764 2226 817 ‘estavit
2255 764 2515 835 duorum
2560 780 2870 834 personas,
2907 764 3154 835 quando
3204 766 3376 820 Filius
3419 768 3649 823 Patrem

1996 835 2284 901 majorem
2327 834 2608 905 appellat.
2660 838 2773 890 Nec
2821 834 2979 890 enim
3019 836 3336 905 singularis
3370 838 3493 906 ipse
3538 838 3650 893 sibi

1993 906 2185 975 major
2214 912 2326 978 est.
2344 908 2581 978 Necnon
2611 908 2909 961 convincit
2935 913 2990 962 et
3014 909 3367 963 Marcionem
3394 910 3495 978 qui
3518 925 3650 964 car-

1993 991 2129 1030 nem
2174 976 2382 1032 Christi
2424 978 2696 1044 denegat.
2743 978 2897 1033 Dixit
2935 980 3117 1044 enim,
3150 979 3223 1034 Et
3265 976 3493 1034 Verbum
3522 996 3648 1035 caro

1987 1048 2191 1117 factum
2221 1056 2314 1111 est,
2343 1054 2391 1102 et
2420 1048 2681 1103 habitavit
2711 1049 2771 1102 in
2795 1050 2946 1104 nobis
2976 1049 3089 1117 (Id.
3119 1067 3155 1114 ι,
3196 1052 3297 1119 tt).
3318 1052 3438 1105 Hoc
3469 1066 3648 1106 sensu

1990 1119 2169 1192 etiam
2209 1121 2595 1192 Manichasum
2628 1122 2842 1189 arguit,
2886 1121 2989 1192 qui
3028 1121 3323 1177 Christum
3367 1123 3423 1175 in
3470 1137 3648 1177 carne

1992 1189 2225 1243 venisse
2276 1191 2479 1255 nescit,
2527 1197 2580 1245 et
2636 1189 2981 1261 nuptiaru'm
3036 1192 3234 1246 aditus
3286 1192 3646 1258 intercludit,

1990 1261 2238 1329 ignarus
2255 1261 2618 1316 Salvatorem
2648 1264 2996 1332 nuptiarum
3019 1264 3359 1317 convivium
3377 1279 3649 1319 remune-

1990 1347 2180 1386 rasse.
2232 1332 2603 1404 Similimodo
2638 1337 2695 1404 et
2738 1335 3043 1404 prophetas
3092 1333 3372 1389 Ezechieli
3420 1335 3646 1390 dictum

1989 1409 2075 1475 est
2101 1404 2178 1457 ab
2208 1402 2421 1475 angelo
2453 1410 2516 1475 ut
2544 1402 2835 1473 acciperet
2855 1402 3138 1459 volumen
3169 1406 3383 1475 (Επειδὴ.
3406 1408 3649 1474 111,1),et

1988 1474 2297 1529 devoraret
2325 1474 2490 1540 illud,
2512 1480 2569 1528 et
2598 1475 2771 1530 dulce
2804 1483 2959 1529 esset
2990 1477 3045 1530 in
3079 1474 3185 1530 ore
3211 1476 3647 1545 ejus,ventrem

1988 1552 2189 1619 autem
2210 1546 2338 1615 ejus
2363 1546 2631 1615 repleret.
2665 1546 2787 1619 Hoc
2812 1548 3031 1602 dictum
3045 1552 3141 1619 est
3166 1547 3491 1619 prophetae,
3508 1564 3645 1603 cum

1991 1617 2209 1670 missus
2230 1623 2313 1671 est
2338 1632 2587 1690 arguere
2610 1618 2899 1688 populum
2924 1618 3221 1690 perﬁdum
3246 1617 3301 1672 et
3326 1618 3646 1689 indiscipli-

1986 1694 2219 1754 natum,
2247 1688 2351 1758 qui
2376 1688 2727 1761 similitergin
2760 1688 2960 1744 ventre
2984 1688 3299 1761 signiﬁcati
3328 1688 3646 1761 sunt,quia

1987 1765 2154 1815 erant
2182 1760 2474 1813 carnales.
2507 1762 2580 1813 Ex
2610 1759 2699 1814 his
2733 1766 2871 1815 sunt
2896 1759 3379 1830 quos'Scriptur'a
3404 1762 3462 1815 in
3492 1759 3647 1818 Isaia

1989 1830 2300 1901 propheta,
2348 1830 2480 1885 licet
2529 1831 2665 1884 mali
2716 1831 2850 1895 sint,
2908 1831 3116 1885 fratres
3158 1831 3444 1901 appellat.
3504 1833 3647 1887 Dicit

1987 1902 2144 1956 enim
2185 1918 2196 1955 :
2240 1901 2338 1956 Vos
2365 1902 2457 1972 qui
2489 1902 2687 1956 timetis
2726 1902 2914 1965 Deum,
2942 1902 3102 1956 dicite
3136 1903 3259 1957 illis
3286 1905 3380 1973 qui
3418 1919 3503 1957 vos
3526 1904 3648 1957 ode-

1987 1978 2140 2031 runt,
2169 1989 2261 2026 nec
2292 1973 2587 2027 audierunt
2613 1982 2887 2044 praecepta
2904 1990 3042 2042 mea,
3062 1974 3293 2029 Fratres
3320 1975 3496 2028 nostri
3522 1976 3646 2030 estis

1989 2044 2147 2114 (Isai,
2186 2060 2335 2108 va1,
2372 2050 2418 2105 5,
2453 2061 2551 2098 sec.
2587 2044 2773 2114 LXX).

2059 2115 2363 2187 LXXllL—
2385 2115 2533 2180 Quid
2561 2122 2649 2171 est
2678 2115 2841 2187 quod
2871 2115 3110 2171 Simeon
3142 2115 3375 2171 dicitad
3402 2116 3641 2172 Mariam

1988 2192 2237 2241 matrem
2274 2186 2506 2240 Domini
2541 2187 2690 2241 inter
2708 2186 2950 2251 'caatera,
2982 2188 3084 2241 Hic
3107 2187 3309 2257 positus
3334 2195 3408 2241 est
3433 2189 3490 2242 in
3522 2189 3648 2242 rui-

1987 2274 2113 2312 nam
2143 2259 2272 2329 etin
2296 2259 2747 2312 resurrectionem
2767 2258 3067 2313 multorum
3087 2258 3145 2312 in
3172 2259 3441 2315 Israel:et
3474 2265 3642 2329 tuam,

1987 2329 2201 2400 inquit,
2223 2328 2393 2398 ipsius
2422 2331 2662 2383 animam
2686 2330 3048 2399 pertransibit
3076 2329 3307 2399 gladius,
3327 2337 3387 2384 ut
3415 2328 3646 2384 reveten-

1988 2407 2088 2473 tur:
2104 2401 2418 2473 multorum
2447 2400 2688 2455 sordium
2720 2402 3062 2473 cogitationes
3103 2402 3260 2473 (Luc.
3295 2418 3351 2466 ιι,
3386 2402 3473 2465 34,
3507 2401 3647 2473 35)?

2058 2471 2296 2526 Simeon
2332 2473 2419 2525 vir
2442 2478 2702 2535 sanctus,
2727 2478 2779 2528 et
2811 2472 3029 2526 divinis
3055 2472 3315 2527 oraculis
3343 2471 3644 2527 commen-

1988 2541 2192 2614 datus,
2216 2558 2324 2614 per
2349 2543 2627 2611 Spiritum
2656 2550 2930 2614 sanctum
2949 2543 3180 2614 locutus
3208 2543 3352 2614 quid
3380 2543 3646 2599 futurum

1988 2618 2147 2667 esset
2165 2613 2511 2668 hominibus
2525 2631 2589 2668 ex
2617 2629 2802 2671 causa
2827 2613 3062 2678 Christi,
3082 2620 3141 2668 ut
3158 2613 3331 2670 ruina
3354 2615 3443 2669 his
3465 2621 3642 2679 esset,

1988 2684 2090 2754 qui
2124 2700 2259 2738 cum
2294 2685 2407 2738 sibi
2444 2685 2785 2740 viderentur
2810 2692 2963 2740 stare
2993 2701 3097 2755 per
3122 2685 3563 2741 observantiam
3591 2691 3648 2741 et

1989 2755 2257 2825 peritiam
2310 2756 2498 2823 Legis.
2533 2755 2867 2811 diffidentia
2896 2762 3097 2811 tamen
3143 2772 3393 2826 Operum
3434 2757 3646 2813 Christi

1989 2827 2289 2899 caderent,
2314 2827 2587 2899 dissoluti
2621 2843 2656 2882 a
2682 2828 3075 2899 promissione
3094 2828 3335 2883 Patrum
3363 2846 3374 2882 :
3398 2827 3511 2883 illis
3537 2844 3648 2884 au-

1991 2904 2105 2953 tem
2133 2898 2235 2968 qui
2260 2898 2478 2952 nullius
2499 2898 3012 2968 prope'dignitatis
3034 2906 3228 2954 essent
3252 2900 3309 2954 in
3340 2900 3509 2967 Lege,
3527 2915 3649 2955 cre-

1989 2969 2270 3023 dentibus
2306 2984 2443 3023 vero
2474 2970 2528 3023 in
2576 2969 2894 3033 Christum,
2925 2970 3273 3026 resurrectio
3323 2970 3382 3025 in
3433 2971 3636 3028 Israel.

1989 3040 2085 3110 [Ut
2112 3040 2277 3123 digni
2318 3042 2437 3094 Deo
2468 3040 2681 3123 “ﬁerent
2712 3041 2815 3111 qui
2860 3042 3025 3123 prius
3055 3040 3285 3123 indigni
3323 3047 3377 3096 et
3409 3041 3644 3123 inutiles

1989 3110 2261 3183 erant,’et
2289 3110 2751 3181 reprobarentur
2780 3110 2883 3181 qui
2914 3110 3136 3183 aliquid
3180 3128 3312 3167 esse
3344 3113 3649 3183 putaban-

1989 3188 2083 3237 tur
2114 3182 2179 3251 ¹.]
2215 3184 2332 3236 Hoc
2381 3188 2470 3237 est
2518 3183 2681 3253 quod
2723 3183 2839 3237 alio
2877 3182 3029 3237 loco’
3050 3182 3189 3238 dicit
3236 3182 3545 3249 Dominus,
3577 3185 3648 3240 In

1980 3253 2259 3322 judicium
2289 3270 2378 3323 ego
2410 3254 2530 3307 veni
2553 3254 2612 3307 in
2642 3254 2785 3308 hunc
2810 3253 3163 3313 mundum.ut
3187 3256 3281 3324 qui
3308 3270 3413 3308 non
3442 3255 3642 3319 vident,

1990 3324 2241 3392 videant;
2266 3332 2315 3379 et
2344 3326 2440 3394 qui
2462 3324 2665 3390 vident,
2697 3326 2826 3380 caeci
2858 3325 2991 3392 ﬁant
3023 3324 3201 3393 (Joan.
3230 3340 3311 3396 71x,
3344 3326 3454 3396 39).
3479 3326 3647 3381 Deni-

1990 3411 2107 3467 que
2138 3411 2258 3450 non
2294 3396 2459 3458 Legis
2486 3397 2782 3460 doctores,
2810 3412 2929 3451 non
2967 3395 3397 3467 Pharisaeimon
3427 3396 3645 3452 Scriba

1991 3466 2172 3522 secuti
2206 3474 2345 3521 sunt
2369 3467 2694 3531 Christum;
2721 3467 2824 3521 sed
2859 3467 3203 3538 piscatores,
3232 3466 3509 3523 homines
3539 3469 3645 3522 im-

1989 3538 2162 3607 periti
2192 3544 2245 3593 et
2278 3540 2583 3593 rusticani.
2620 3540 2761 3594 Hinc
2791 3545 2875 3593 est
2921 3539 3076 3593 unde
3107 3538 3243 3593 dicit
3290 3539 3577 3593 Dominus
3628 3555 3642 3594 :

1992 3609 2396 3681 Pater,gratias
2424 3627 2523 3680 ago
2548 3610 2668 3674 tibi,
2702 3610 2829 3681 quia
2848 3610 3169 3664 abscondisti
3196 3609 3305 3664 haec
3325 3626 3357 3663 a
3385 3610 3645 3679 sapienti-

1988 3680 2085 3735 bus
2110 3688 2158 3735 et
2189 3680 2564 3750 prudentibus,
2594 3688 2640 3735 et
2672 3680 2925 3735 revelasti
2951 3698 3010 3734 ea
3036 3681 3287 3750 parvulis
3315 3680 3533 3749 (Matth.
3561 3697 3639 3749 xx,

1986 3753 2098 3822 25).
2120 3751 2287 3815 Quod
2312 3757 2511 3806 autem
2538 3752 2774 3821 adjecit,
2803 3751 3028 3815 dicens,
3059 3753 3128 3807 Et
3154 3760 3300 3807 tuam
3324 3753 3497 3821 ipsius
3519 3753 3644 3807 ani-

1988 3839 2123 3877 mam
2144 3823 2501 3893 pertranstbit
2531 3823 2841 3894 gladius,ut
2865 3824 3170 3878 revelentur
3205 3824 3501 3878 multorum
3529 3840 3645 3878 cor-

1986 3894 2533 3966 diumcogitationes;
2558 3895 2670 3950 hoc
2694 3896 2895 3965 utique
2922 3895 3450 3966 significavit,quia
3463 3896 3643 3951 etiam

1990 3965 2189 4029 Maria,
2229 3982 2331 4033 per
2360 3982 2543 4037 quam
2578 3970 2813 4034 gestum
2845 3972 2931 4020 est
2976 3965 3639 4037 mysterium’iucarna-

1989 4037 2161 4091 tionis
2193 4036 2539 4101 Salvatoris,
2586 4039 2644 4091 in
2678 4042 2866 4092 morte
2914 4036 3148 4093 Domini
3194 4037 3528 4104 dubitaret;
3562 4038 3644 4094 ita

1988 4112 2209 4171 tamen,
2247 4113 2308 4163 ut
2334 4109 2783 4164 resurrectionis
2808 4108 3034 4164 honore
3080 4115 3135 4163 et
3167 4111 3377 4163 virtute
3409 4109 3642 4164 Domini

1987 4179 2343 4251 firmaretur.
2370 4180 2589 4235 Omnes
2615 4181 2773 4235 enim
2803 4186 3044 4250 stupore
3073 4180 3422 4251 quodamin
3453 4186 3641 4235 morte

1991 4250 2220 4305 Domini
2250 4251 2618 4306 dubitarunt.
2645 4254 2767 4305 Non
2800 4258 2997 4305 tamen
3023 4250 3480 4305 in’dubitatione
3514 4265 3643 4320 per-

1987 4328 2355 4376 manserunt.
2376 4322 2467 4377 Sic
2494 4323 2651 4377 enim
2679 4322 2944 4377 animam
2970 4322 3286 4391 pertransit
3316 4320 3639 4389 gladius,si

1985 4392 2277 4448 dubitatio
2310 4408 2430 4447 non
2460 4399 2809 4463 permaneat
2836 4394 2887 4447 in
2923 4393 3302 4461 cogitatione,
3329 4392 3434 4446 sed
3458 4392 3638 4462 pella-

1986 4470 2078 4534 tur
2105 4463 2556 4534 superveniente
2603 4463 2962 4518 reformante
3010 4479 3071 4517 se
3105 4464 3350 4532 pristina
3393 4464 3628 4520 virtute.

1984 4532 2150 4601 [Quis
2176 4532 2334 4590 enim
2362 4550 2481 4588 non
2514 4534 2845 4602 ambigeret
2876 4535 3084 4589 videns
3115 4550 3276 4599 enm,
3322 4534 3423 4605 qui
3452 4550 3515 4588 se
3550 4535 3637 4589 Fi-

1983 4606 2128 4659 lium
2152 4606 2252 4678 Dei
2284 4604 2631 4678 dicebatsic
2653 4605 3058 4678 humiliatum,
3080 4610 3141 4659 ut
3172 4604 3360 4678 usque
3382 4605 3462 4678 ad
3484 4621 3638 4678 mor-

1986 4681 2103 4731 tem
2135 4674 2559 4730 descenderet?
2584 4677 2645 4729 Et
2667 4677 2832 4747 quia,
2862 4682 2924 4730 ut
2953 4676 3094 4741 dixi,
3121 4674 3316 4731 omnis
3347 4676 3638 4746 ambigui-

1984 4752 2071 4801 tas
2093 4748 2150 4819 in
2177 4748 2605 4819 resurrectione
2623 4747 2858 4802 Domini
2878 4763 3187 4802 recessura
3212 4753 3356 4813 erat,
3374 4753 3637 4819 pertran-

1985 4819 2098 4872 sire
2116 4817 2265 4872 dixit
2285 4817 2573 4886 gladium,
2596 4833 2715 4875 non
2740 4818 3157 4890 supercadere,
3175 4826 3276 4875 aut
3293 4817 3637 4889 contingere

1984 4896 2387 4944 transeuntem
2419 4890 2755 4945 membrum
2787 4890 3055 4962 aliquod.
3092 4892 3162 4946 Ut
3208 4892 3360 4946 sicut
3402 4892 3636 4962 gladius

1984 4962 2200 5015 missus
2220 4962 2801 5033 pertransiensjnxta
2827 4960 3156 5027 hominem,
3174 4960 3446 5018 timorem
3472 4960 3630 5025 facit,

1983 5038 2036 5103 et
2067 5038 2264 5087 tamen
2308 5049 2430 5087 non
2465 5034 2731 5103 percutit,
2766 5036 2846 5090 ita
2875 5040 2930 5089 et
2960 5034 3255 5089 dubitatio
3289 5033 3633 5088 maestitiam

1982 5102 2216 5178 faceret,
2253 5120 2369 5178 non
2416 5102 2616 5159 tamen
2647 5105 2954 5178 occideret
2991 5122 3004 5160 :
3039 5106 3181 5178 quia
3211 5120 3329 5178 non
3380 5103 3633 5178 sedit_in

1981 5174 2203 5236 anima,
2236 5175 2335 5248 sed
2367 5176 2725 5248 pertransiit,
2755 5179 2927 5247 quasi
2959 5173 3374 5248 per'umbram
3406 5173 3635 5248 contin-

1981 5261 2127 5318 gens
2148 5246 2329 5318 corda
2346 5244 2795 5317 discipulorum:
2815 5244 3076 5318 Denique
3095 5247 3385 5316 Cleophas
3405 5250 3463 5301 et
3483 5244 3635 5318 alius

1980 5315 2311 5386 discipulus
2363 5315 2641 5373 Emmaus
2670 5323 2875 5372 euntes
2906 5321 2946 5381 ⁸,
2979 5315 3054 5372 ’ἰιι
3087 5318 3183 5385 via
3214 5315 3429 5381 tristes,
3464 5317 3635 5372 dixe-

1980 5392 2115 5441 runt
2166 5388 2319 5443 inter
2366 5393 2577 5443 cratera
2617 5390 2726 5457 ipsi
2780 5390 3051 5453 Domino,
3105 5390 3434 5444 nescientes
3491 5388 3634 5459 quia

1978 5459 2265 5531 Dominus
2297 5465 2402 5523 est,
2436 5461 2535 5514 Nos
2564 5459 2899 5531 putabamus.
2933 5462 3060 5530 quia
3090 5461 3200 5531 ipse
3231 5467 3349 5515 erat
3378 5460 3471 5531 qui
3496 5461 3636 5515 inci-

1977 5530 2160 5600 piebat
2191 5529 2426 5585 liberare
2454 5531 2628 5585 Israel
2658 5530 2814 5602 (Luc.
2847 5529 3005 5596 xxiv,
3039 5529 3150 5602 2t).
3182 5529 3630 5595 Dubitaverunt,

2038 5694 2051 5756 ἢ
2088 5692 2431 5756 Ηωοᾼᾱθειιιῑιι
2454 5693 2522 5756 in,
2543 5693 2673 5756 Mss.
2698 5692 2918 5741 secundi
2950 5694 3177 5756 generis.

2039 5755 2056 5783 ²
2089 5755 2181 5805 Ms.
2211 5754 2459 5815 Colbert.,
2494 5755 2749 5820 Cleophas
2778 5760 2827 5805 et
2855 5754 3048 5806 Amaus
3069 5761 3256 5808 euntes.
