4120 6202
563 169 699 225 2271

568 293 698 358 sed,
730 293 926 350 statim
957 291 1160 362 agnito
1185 291 1459 358 Domino,
1501 291 1769 347 transivit
1811 290 2102 346 dubitatio
2132 293 2200 357 ¹].

565 366 732 422 Sicut
761 365 1090 420 dictumest
1119 368 1176 418 et
1206 364 1279 418 de
1307 363 1707 434 Joseph,quia
1730 363 1940 432 ferrum
1961 370 2212 433 pertran-

561 439 693 492 sivit
727 439 966 490 animam
1007 436 1120 505 ejus
1168 434 1333 504 (Psal.
1379 450 1488 498 ειν,
1524 433 1632 504 18).
1667 434 1730 487 In
1780 449 2013 489 carcere
2053 436 2210 489 enim

564 508 852 564 innocens
882 509 981 562 diu
1013 504 1262 578 positus,
1296 505 1368 559 de
1399 505 1494 558 Dei
1519 504 1928 578 judiciocirca
1956 506 2211 578 sequod

561 579 939 643 dubitaverit,
968 576 1086 632 non
1124 583 1209 631 est
1242 578 1456 630 mirum
1490 592 1501 629 :
1532 577 1633 629 sed
1666 576 1806 647 quia
1835 576 1967 647 plus
2000 577 2073 631 de
2092 577 2211 632 Deo

563 651 863 722 sperabat,
883 665 998 704 non
1020 647 1348 722 permansit
1370 649 1426 700 in
1448 647 1854 722 ambiguitate.
1875 649 1932 702 ln
1958 650 2210 722 eo_enim

610 723 698 776 uis
719 719 1038 790 judicatur,
1068 721 1124 774 iu
1155 721 1658 790 quoipropensior
1687 726 1792 772 est.
1819 719 2211 789 Apocalypsis

610 739 698 776 U13
719 738 1038 790 jUﬂlCalUI',
1068 738 1124 774 Π]
1155 738 1276 789 quo
1305 738 1658 789 pl‘OpBllSlOl‘
1687 738 1792 772 eat.
1819 738 2211 789 Apocalypsis

561 738 808 848 goannis
838 793 949 846 hoc
983 792 1190 844 sancit.
1226 789 1372 843 Dicit
1403 790 1581 851 enim,
1612 790 1808 844 Dubiis
1831 798 1878 844 et
1908 790 2212 860 inﬁdelibus

562 881 690 936 pars
719 864 824 936 erit
851 864 910 916 in
953 869 1138 932 stagno
1170 862 1310 932 ignis
1338 867 1389 936 et
1429 860 1724 936 sulphuris;
1747 861 1927 932 (Apoc.
1966 879 2086 936 sui,
2120 861 2200 926 8).

562 933 695 990 ideo
725 935 827 1004 qui
874 949 991 987 non
1026 937 1335 1003 permanet
1378 933 1435 986 in
1480 933 1868 995 dubitatione,
1899 934 2145 1003 eripitur
2176 949 2212 988 a

558 1003 855 1072 mortem)
885 1021 896 1058 :
927 1003 1038 1059 hoc
1064 1011 1152 1059 est
1182 1009 1434 1058 mortem
1461 1003 1746 1070 evadere;
1770 1005 1910 1075 quia
1937 1004 2210 1059 dubitare

559 1077 632 1132 de
671 1075 805 1147 Deo,
831 1076 939 1147 ivel
977 1076 1053 1129 de
1100 1076 1348 1147 Christo,
1384 1091 1545 1130 mors
1577 1081 1683 1130 est.
1721 1080 1798 1129 Ac
1831 1092 1935 1147 per
1963 1075 2076 1131 hoc
2108 1077 2209 1147 qui

559 1146 778 1204 desinit
807 1146 1094 1207 dubitare.
1135 1146 1334 1201 evadit
1368 1152 1640 1201 mortem.

637 1218 860 1273 LXXIV.
889 1251 948 1258 -—
976 1217 1126 1283 Quid
1155 1217 1263 1272 sibi
1289 1217 1414 1271 vult
1446 1225 1506 1271 ut
1535 1218 1710 1272 Isaias
1737 1217 2028 1288 propheta
2055 1217 2212 1272 dicat

560 1289 635 1344 de
665 1288 915 1355 Christo,
951 1289 1056 1354 Qui
1099 1295 1364 1358 peccatum
1407 1305 1509 1342 non
1545 1288 1671 1358 fecit
1711 1305 1730 1341 :
1773 1293 1979 1343 contra
2011 1295 2211 1343 autem

559 1360 902 1432 Apostolus,
934 1362 1073 1414 Eum
1105 1361 1212 1432 qui
1230 1359 1761 1432 peccatum,inquit,
1794 1359 2074 1425 nesciebat,
2111 1377 2212 1431 pro

560 1431 714 1487 nabis
733 1438 1004 1502 peccatum
1018 1432 1164 1502 fecit
1195 1431 1353 1502 (lsai.
1388 1447 1494 1499 LIII,
1525 1431 1587 1497 9;
1617 1432 1656 1484 ll
1691 1432 1820 1485 Cor.
1854 1448 1910 1495 v,
1941 1431 2050 1502 21).

633 1501 931 1569 Quantum
957 1501 1035 1556 ad
1051 1518 1292 1556 sensum
1311 1503 1570 1569 pertinet,
1587 1502 1942 1573 quaestiones
1963 1501 2210 1557 diversae

560 1581 718 1638 sunt,
747 1573 852 1626 sed
884 1573 1060 1628 verba
1094 1573 1308 1627 similia
1344 1592 1355 1631 :
1387 1590 1457 1628 ex
1490 1578 1656 1641 parte
1695 1573 1940 1644 quidem
1972 1573 2206 1638 similia,

562 1659 631 1698 ex
661 1650 824 1715 parte
857 1659 993 1698 vero
1029 1644 1450 1715 discrepantia.
1472 1645 1885 1711 Fecitenim,et
1906 1659 2024 1699 non
2055 1645 2206 1708 fecit,

560 1716 924 1770 contrarium
967 1719 1091 1781 est;
1126 1715 1446 1777 nesciebat,
1482 1723 1535 1770 et
1564 1731 1684 1770 non
1717 1716 1849 1770 fecit
1873 1716 2061 1770 simile
2088 1722 2198 1772 est.

565 1787 854 1857 Propheta
879 1801 1021 1855 ergo
1050 1803 1116 1859 ex
1150 1785 1642 1859 personarChristi
1675 1787 1907 1841 locutus
1939 1795 2044 1851 est,
2066 1789 2208 1859 quia

561 1864 873 1928 peccatum
907 1874 1028 1913 non
1072 1858 1226 1921 fecit,
1256 1874 1363 1912 nec
1393 1858 1567 1912 dolus
1597 1860 1872 1914 inventus
1903 1866 1988 1913 est
2019 1858 2207 1913 in’ore

559 1929 724 2010 ejus;
757 1928 1533 2010 Apostoluos‘ver‘oloquitur
1566 1930 1928 2010 de_persona
1956 1931 2054 1986 Dei
2098 1930 2207 1985 Pa-

557 2001 682 2064 tris,
714 2001 816 2070 qui
843 2017 1000 2064 eum,
1039 2000 1095 2054 id
1128 2006 1213 2056 est
1245 2000 1537 2056 Christum
1570 2002 1673 2071 qui
1714 2006 2026 2070 peccatum
2079 2017 2207 2056 nes-

559 2071 773 2140 ciebat,
789 2087 896 2142 pro
911 2073 1078 2126 nobis
1093 2078 1337 2142 peccatu
1349 2089 1401 2126 ω
1432 2072 1585 2127 fecit.
1603 2074 1769 2136 Quod
1786 2072 1821 2125 d
1833 2073 2007 2142 uplici
2029 2072 2207 2127 modo

558 2142 1008 2210 intelligendum
1036 2151 1141 2198 est.
1178 2145 1431 2198 Primum
1460 2144 1616 2197 enim
1647 2143 1779 2198 fecit
1804 2143 1971 2198 illum
2004 2159 2208 2213 pecca-

562 2219 710 2278 tum,
738 2215 882 2286 dum
911 2215 1210 2270 incarnari
1235 2214 1398 2270 illum
1424 2214 1704 2278 voluit,ut
1727 2231 1906 2286 quem
1934 2231 2061 2269 sors
2087 2230 2207 2270 non

557 2285 951 2354 tangebat,de
987 2287 1308 2356 peccatrice
1335 2302 1511 2341 carne
1535 2285 1759 2355 corpus
1777 2287 2089 2356 acciperet,
2108 2301 2211 2351 per

555 2357 719 2429 quod
749 2357 967 2411 dicitur
1007 2356 1194 2412 factus
1236 2362 1569 2427 peccatum.
1604 2358 1822 2412 Deinde
1853 2358 1998 2412 dum
2039 2358 2210 2412 oﬂert

558 2443 695 2482 eum
718 2444 828 2499 pro
853 2430 1132 2499 peccatis,
1150 2429 1466 2486 fecitillum
1489 2429 2206 2499 peccatum.Hostiaenim

558 2500 616 2554 in
641 2499 793 2567 Lege
826 2516 932 2570 pro
956 2502 1212 2570 peccatis
1242 2500 1790 2570 oblata,peccatum
1823 2501 2207 2570 nuncupaba-

559 2575 672 2625 tur.
707 2574 833 2626 Non
873 2586 1014 2639 ergo
1046 2571 1308 2627 Christus
1351 2578 1659 2641 peccatum
1708 2571 1857 2635 fecit,
1891 2572 2041 2626 sicut
2070 2572 2209 2626 dicit

558 2642 882 2712 propheta;
917 2643 1018 2696 sed
1051 2659 1085 2697 a
1133 2643 1301 2696 Patre
1346 2644 1471 2712 ipse
1505 2648 1814 2711 peccatum
1867 2642 2054 2696 factus
2100 2650 2206 2708 est,

558 2713 709 2767 sicut
750 2719 1059 2767 ostensum
1109 2719 1212 2766 est.
1258 2713 1476 2767 Oﬁerre
1525 2719 1723 2767 autem
1775 2713 2067 2784 Christum
2100 2729 2209 2784 pro

557 2783 732 2854 nobis
752 2785 896 2854 quid
922 2789 1028 2846 est,
1044 2785 1154 2838 nisi
1177 2786 1318 2837 dare
1338 2787 1687 2854 potestatem
1715 2783 2048 2838 volentibus
2071 2783 2206 2840 eum

557 2853 866 2908 occidere?
891 2854 1059 2918 Quod
1094 2854 1312 2910 idcirco
1344 2853 1695 2909 Concessum
1727 2855 1988 2926 est,quia
2017 2857 2209 2924 profu-

557 2928 756 2979 turum
783 2931 909 2979 erat
943 2931 999 2982 ut
1031 2930 1185 2980 esset
1208 2941 1393 2981 causa
1419 2926 1817 2981 descendendi
1858 2927 1935 2981 ad
1968 2927 2206 2989 inferos,

561 2995 947 3066 utispoliaret
995 3001 1282 3052 tartarum
1321 2997 1661 3053 animabus.
1697 2998 2208 3066 Superabundans

559 3065 718 3122 enim
741 3073 797 3142 et
815 3067 1150 3142 inauditum
1175 3075 1484 3140 peccatum
1508 3065 1920 3137 est,occidisse
1943 3086 2081 3125 eum
2104 3070 2209 3142 qui

556 3153 679 3195 non
713 3138 904 3210 solum
939 3140 1103 3194 nullo
1135 3138 1348 3204 genere
1379 3147 1750 3210 peccaverat,
1784 3142 1886 3195 sed
1919 3147 1974 3196 et
2010 3138 2208 3197 multis

557 3210 739 3266 vitam
761 3209 1108 3266 donaverat.
1125 3210 1244 3266 Hoc
1262 3209 1506 3282 peccato
1534 3228 1667 3267 reus
1693 3213 1884 3268 factus
1908 3212 2205 3276 diabolus,

557 3283 1003 3337 contradicendi
1028 3283 1340 3338 audaciam
1369 3283 1642 3352 perdidit.
1664 3287 1809 3339 Nam
1834 3284 2022 3339 simile
2044 3285 2208 3339 aliud

556 3357 633 3408 ad
661 3353 895 3408 Galatas
928 3355 985 3409 in
1019 3354 1278 3424 Epistola
1308 3354 1522 3422 legitur
1555 3374 1567 3413 ε
1603 3355 1752 3410 inter
1783 3360 1994 3410 caetera
2025 3357 2205 3422 enim,

557 3425 773 3490 Factus,
806 3425 1018 3496 inquit,
1046 3443 1147 3496 pro
1171 3425 1327 3480 nobis
1354 3425 1694 3480 maledictum
1727 3425 1931 3495 (Galat.
1967 3442 2048 3492 in,
2083 3429 2198 3494 13).

554 3501 601 3552 A
629 3513 760 3568 quo,
785 3496 988 3568 factus,
1021 3498 1135 3552 nisi
1163 3514 1197 3551 a
1228 3500 1393 3551 Patre
1419 3497 1446 3551 ξ)
1481 3498 1710 3552 Judicio
1741 3498 1899 3552 enim
1932 3498 2028 3552 Dei
2063 3513 2205 3552 crux

556 3567 764 3640 Christi
793 3567 1175 3640 maledictum
1198 3573 1288 3622 est
1306 3568 1649 3640 Judieorum
1678 3584 1690 3622 :
1718 3573 2022 3640 peccatum
2047 3570 2204 3624 enim

553 3638 794 3710 illorum,
818 3639 1111 3695 exclamat
1136 3656 1294 3694 mors
1316 3639 1654 3694 Salvatoris.
1673 3638 1945 3709 crucifigi
1973 3656 2114 3710 ergo
2146 3656 2206 3695 se

555 3709 844 3781 permisit,
881 3716 939 3765 ut
996 3711 1193 3780 passio
1231 3712 1354 3782 ejus
1397 3712 1707 3782 proliceret
1738 3711 1936 3776 nobis,
1979 3719 2039 3766 ut
2069 3712 2207 3766 hinc

557 3796 693 3836 cum
719 3782 892 3850 signo
914 3782 1042 3850 ejus
1067 3789 1367 3846 exeuntes,
1391 3800 1426 3837 a
1452 3783 1716 3838 secunda
1744 3787 1934 3838 morte
1958 3783 2207 3838 minime

558 3856 912 3925 teneremur.
949 3853 1142 3907 Metuit
1175 3853 1336 3908 enim
1379 3870 1538 3908 mors
1568 3855 1746 3910 etiam
1780 3870 1979 3910 servos
2006 3855 2136 3925 ejus
2173 3871 2208 3910 a

557 3937 678 3994 quo
703 3922 856 3976 victa
889 3929 997 3977 est.

629 3993 705 4066 (b)
736 3995 1035 4066 Quantum
1063 3993 1139 4048 ad
1164 3996 1537 4066 propositum
1564 3995 1836 4066 pertinet,
1865 4013 1983 4051 non
2011 3996 2205 4051 solum

557 4064 735 4137 verba
758 4064 1117 4137 discrepant,
1134 4065 1235 4119 sed
1258 4070 1314 4120 et
1334 4064 1599 4137 personae
1621 4067 1867 4121 diversae
1890 4074 2043 4123 sunt.
2059 4068 2210 4123 Fecit

556 4135 736 4207 enim,
765 4141 820 4190 et
847 4151 964 4190 non
994 4135 1142 4207 fecit,
1167 4135 1528 4191 contrarium
1561 4141 1664 4193 est.
1689 4138 1799 4191 Sed
1823 4139 1964 4207 quia
1992 4155 2110 4194 non
2130 4139 2208 4194 ab

556 4206 672 4262 hoc
703 4206 925 4262 factum
975 4206 1334 4277 intelligitur.
1387 4209 1489 4278 qui
1542 4207 1746 4262 fecisse
1796 4206 2047 4278 negatus
2095 4216 2203 4276 est,

553 4279 918 4334 contrarium
949 4279 1064 4334 dici
1091 4294 1211 4334 non
1239 4284 1446 4350 potest.
1482 4278 1779 4348 Prophetre
1801 4281 1959 4334 enim
1982 4281 2205 4336 dictum

557 4349 634 4404 ad
650 4360 968 4424 personam
999 4349 1249 4424 pertinet
1276 4351 1508 4424 Christi,
1538 4350 1800 4421 Apostoli
1825 4367 1964 4424 vero
1987 4352 2062 4407 ad
2083 4368 2209 4424 per-

554 4437 767 4477 sonam
819 4421 1025 4477 Patris.
1064 4421 1218 4477 Deus
1252 4423 1411 4477 enim
1444 4423 1612 4478 Pater
1662 4421 2208 4479 reconciliavit—sibi

556 4493 852 4548 mundum
881 4509 988 4561 per
1017 4493 1347 4560 Christum;
1376 4498 1432 4550 et
1456 4494 1536 4550 ita
1565 4492 1785 4550 factum
1812 4499 1921 4552 est.
1955 4501 2018 4550 ut
2046 4511 2205 4562 eum,

554 4564 614 4637 i_d
643 4570 750 4637 est,
783 4565 1101 4630 Christum,
1135 4565 1350 4621 faceret
1397 4572 1732 4637 peccatum.
1783 4566 1902 4620 Hoc
1933 4572 2020 4621 est
2049 4567 2208 4622 enim

556 4635 768 4707 fecisse
799 4653 936 4691 eum
971 4643 1304 4706 peccatum,
1335 4635 1479 4693 dare
1536 4637 1700 4692 illum
1734 4638 1793 4692 in
1841 4643 2004 4693 utero
2035 4637 2210 4707 virgi-

553 4705 699 4771 nali,
751 4713 813 4761 ut
839 4705 1181 4779 nasceretur
1211 4709 1414 4773 homo,
1451 4725 1522 4763 ex
1567 4713 1730 4779 parte
1768 4710 1964 4765 carnis
2018 4705 2209 4765 factus

553 4782 891 4859 peccatum,
931 4778 1073 4859 quia
1104 4795 1248 4859 caro
1275 4781 1513 4859 peccati
1533 4778 1640 4859 est,
1668 4779 1763 4859 hic
1795 4782 1995 4852 utique
2026 4797 2208 4852 quem

555 4863 686 4921 sors
709 4852 764 4903 et
793 4849 1056 4921 conditio
1088 4867 1207 4906 non
1237 4849 1522 4919 tangebat
1542 4851 1846 4906 hominem
1872 4849 2204 4921 procreare.

551 4920 641 4992 Ad
671 4920 784 4976 hoc
817 4920 992 4989 igitur
1012 4927 1188 4977 natus
1220 4927 1327 4986 est,
1362 4929 1419 4976 ut
1447 4922 1644 4977 hostia
1665 4938 1771 4992 pro
1793 4920 2207 4992 peCcatoribus

551 4991 881 5048 offerretur.
942 4995 1255 5048 Peccatum
1289 5008 1430 5060 ergo
1471 4991 1923 5058 factus’dicitur,
1952 4995 2094 5062 quia
2124 5011 2209 5050 se-

550 5063 817 5120 cundum
863 5066 1075 5133 Legem
1106 5064 1302 5119 hostia
1328 5080 1462 5134 quae
1493 5080 1602 5134 pro
1628 5065 1886 5135 peccatis
1915 5065 2204 5121 offereba-

550 5140 662 5202 tur,
688 5142 999 5207 peccatum
1029 5134 1512 5203 nuncupabatur.
1531 5136 1749 5191 Similis
1767 5136 1932 5191 locus
1953 5137 2206 5192 estalius

551 5209 811 5279 Apostoli
867 5208 943 5264 ad
977 5207 1212 5264 Galatas
1243 5207 1492 5262 dicentis
1534 5207 1608 5261 de
1658 5207 1980 5274 Salvatore,
2011 5208 2208 5264 Factus

551 5295 650 5352 pro
678 5280 828 5335 nobis
850 5280 1224 5352 maledictum:
1251 5280 1611 5352 ipsesensus
1638 5280 1968 5343 est,Factus
1992 5287 2205 5352 estpro

550 5351 726 5407 nobis
760 5358 1070 5423 peccatum
1106 5351 1230 5406 sive
1284 5350 1666 5406 maledictum
1700 5357 1902 5408 nostra
1958 5350 2141 5408 causa
2170 5369 2205 5408 a

556 5423 675 5476 Deo
707 5422 869 5479 Patre
897 5425 997 5494 qui
1033 5424 1301 5495 permisit
1332 5422 1500 5478 illum
1543 5438 1579 5478 a
1632 5423 1853 5478 Judreis
1897 5423 2106 5494 occidi,
2141 5429 2204 5480 ut

616 5527 627 5594 ξ
665 5525 997 5594 Hagcdesunt
1025 5530 1076 5594 in
1115 5530 1237 5579 Mss.
1271 5529 1490 5579 secundi
1527 5531 1753 5594 generis.

610 5587 684 5657 (ᾳ)
722 5589 1000 5657 Ιξθιὶςμιλυη]
1032 5591 1181 5657 deest
1206 5594 1258 5641 in
1295 5594 1422 5657 Mss.
1456 5587 1676 5642 sec'undi
1714 5595 1939 5657 generis.

614 5647 684 5721 (ρ)
721 5647 1164 5721 Qum'stio_eade_m
1190 5670 1254 5703 ex
1274 5656 1412 5721 Mss._
1429 5657 1648 5721 secundi
1677 5647 1904 5719 ge'neris,
1924 5657 2064 5708 inter
2089 5663 2205 5721 post

550 5709 799 5776 vulgatus
829 5725 893 5762 ex
922 5714 1070 5765 Novo
1098 5717 1236 5766 Test.
1275 5709 1704 5783 quadragesima”.

1579 164 2042 233 QUAESTIONES
2081 164 2176 221 EX
2215 163 2407 221 Νονο
2448 162 2946 221 TESTAMENTO.

3787 168 3897 224 2272

2321 289 2746 345 incredulitatis
2787 303 2909 343 sure
2934 303 3113 344 causa
3161 285 3577 344 abdicarentur
3601 305 3634 346 a
3679 291 3895 350 nobisin

2322 361 2520 417 locum
2545 361 2780 415 illorum
2807 360 3098 426 inductis;
3132 360 3284 414 sicut
3308 359 3446 415 dicit
3475 359 3743 427 Salvator,
3768 363 3898 420 Tolle-

2321 441 2415 488 tur
2443 451 2474 487 a
2506 431 2648 486 vobis
2672 449 2894 500 regnum
2928 431 3048 497 Dei,
3076 440 3124 486 et
3154 431 3376 486 dabitur
3393 433 3539 502 genti
3561 433 3899 502 [acientifruc-

2322 512 2433 559 tum
2454 505 2566 574 ejus
2598 503 2817 574 (Matth.
2843 519 2964 565 xxx,
2995 504 3106 573 43).
3131 503 3280 558 Nam
3299 519 3475 557 omne
3496 504 3650 574 quod
3675 508 3902 574 permittit

2327 573 2497 640 Deus,
2529 575 2719 629 facere
2741 574 2981 628 dicitur:
3005 575 3148 645 quia
3172 576 3222 645 si
3258 590 3374 629 non
3394 573 3700 642 permittat,
3729 578 3900 633 nonﬁt.

2321 647 2485 703 Unde
2512 646 2653 700 dicit
2683 647 2965 717 Dominus
2997 644 3070 699 ad
3105 644 3375 717 Pilatum,
3404 645 3526 700 Non
3557 646 3753 700 haberes
3772 657 3903 717 potes-

2322 725 2479 772 tatem
2505 719 2562 772 in
2581 718 2814 790 me,7m'si
2833 716 2962 790 data
2987 723 3112 771 esset
3137 717 3248 790 tibi
3269 716 3490 787 desuper
3513 718 3684 790 (Joan.
3700 716 3796 790 xix]
3827 722 3903 790 tl).

2321 791 2450 844 Non
2508 805 2644 859 ergo
2685 788 3027 853 immittens,
3058 787 3164 841 sed
3195 790 3539 859 permittens
3569 788 3701 843 dare
3735 787 3906 846 dicitur

2321 864 2695 932 potestatem,
2731 864 2794 913 ut
2819 859 2961 913 dum
2993 859 3152 914 mala
3175 875 3344 932 mens
3377 859 3686 932 voluntatis
3710 877 3813 932 sua:
3836 877 3906 918 ac-

2320 931 2462 1002 Cipit
2485 936 2855 1002 potestatem,
2875 932 2946 986 sit
2970 947 3100 985 rea:
3127 932 3278 985 sicut
3301 931 3489 985 Judaei
3508 931 3604 1002 qui
3622 931 3904 987 occidentes

2323 1001 2710 1067 salvatorem,
2737 1001 3002 1057 fecerunt
3039 1002 3204 1056 illum
3234 1002 3612 1056 maledictum
3642 1019 3812 1066 suum,
3833 1005 3904 1058 Dei

2315 1074 2724 1145 judicio.Crux
2737 1073 2894 1128 enim
2915 1073 3233 1128 Salvatoris
3251 1073 3618 1128 maledictum
3632 1073 3905 1129 estludaao-

2321 1162 2474 1200 rum.
2510 1148 2634 1200 Non
2666 1146 2824 1200 enim
2855 1146 3008 1216 sicut
3033 1145 3225 1199 hostia
3252 1160 3386 1216 quia
3421 1161 3526 1215 pro
3551 1145 3783 1216 peccatis
3800 1145 3905 1199 olfe-

2320 1217 2580 1285 rebatur,
2611 1216 2898 1271 abluebat
2926 1215 3272 1271 offerentem
3319 1230 3332 1280 ;
3362 1216 3467 1270 sed
3498 1215 3695 1272 contra
3717 1216 3906 1271 oblatus

2321 1288 2586 1343 Salvator
2619 1289 2860 1344 macula
2889 1293 2943 1342 et
2975 1293 3283 1358 peccatum
3305 1288 3370 1342 fit
3400 1285 3760 1342 offerentium
3791 1289 3906 1356 :jus-

2321 1359 2561 1415 tificatio
2583 1365 2782 1414 autem
2803 1359 3039 1413 illorum
3072 1359 3175 1430 qui
3201 1357 3574 1430 dissentiunt.
3601 1365 3658 1412 ut
3681 1360 3906 1430 gentibus

2320 1431 2652 1486 benedictio
2683 1431 2934 1486 Abrahae
2966 1428 3130 1484 ﬁeret
3166 1431 3224 1483 in
3256 1428 3490 1484 Christo
3537 1430 3690 1484 Jesu.
3723 1429 3906 1485 Oblatio

2319 1503 2476 1557 enim
2527 1502 2873 1557 Judaeorum
2916 1501 3162 1572 profecit
3187 1499 3474 1556 Gentibus
3506 1516 3622 1556 non
3648 1500 3908 1555 difﬁdenti-

2317 1573 2431 1628 bus
2463 1588 2496 1627 a
2523 1573 2639 1628 fide
2663 1573 2805 1628 Jesu
2843 1571 3077 1627 Christi.

2394 1645 2584 1700 LXXV.
2618 1673 2684 1685 —
2709 1646 2822 1700 Cur
2877 1643 3146 1699 Salvator
3187 1658 3293 1713 pro
3325 1658 3388 1698 se
3443 1646 3666 1697 tantum
3708 1646 3757 1696 et
3781 1644 3904 1695 Petro

2317 1715 2732 1770 didrachmam
2764 1715 2957 1780 solvit,
2985 1730 3110 1785 (non
3141 1715 3319 1769 etiam
3344 1729 3454 1785 pro
3476 1714 3690 1768 caeteris
3713 1718 3908 1784 Aposto-

2317 1786 2386 1841 lis
2409 1788 2630 1856 (Matth.
2665 1803 2810 1858 ,xvu,
2844 1789 2933 1858 26)
2978 1784 3004 1839 ἳ
3031 1786 3262 1856 Quippe
3293 1784 3432 1858 cum
3464 1801 3667 1840 omnes
3688 1800 3823 1858 eum,
3848 1799 3910 1837 re-

2317 1858 2465 1912 lictis
2521 1857 2921 1914 facultatibus
2951 1858 3257 1919 omnibus,
3313 1857 3614 1912 subsecuti
3663 1857 3781 1923 sint,
3827 1869 3908 1925 pro

2317 1929 2600 1984 omnibus
2632 1929 2859 1984 solvere
2891 1929 3174 1983 debuisse
3206 1927 3457 1982 videtur.

2391 2000 2768 2064 Didrachma,
2819 2000 3081 2067 capitum
3137 1999 3372 2054 exact-io
3430 1998 3770 2067 intelligitur,
3815 2011 3906 2067 non

2318 2072 2700 2144 praediorum,
2727 2066 2918 2144 [quod
2949 2087 3105 2126 nunc
3135 2086 3483 2141 pannosum
3512 2066 3716 2144 aurum
3749 2066 3909 2144 appel-

2318 2140 2492 2207 latur,
2543 2145 2687 2215 quia
2728 2140 2790 2198 ei
2822 2140 3496 2215 pauperes’exiguntur
3524 2142 3539 2177 ¹
3587 2142 3638 2215 _:]
3671 2155 3765 2195 nec
3789 2140 3907 2215 enini

2322 2211 2587 2289 Salvator
2639 2211 2862 2289 aliquid
2899 2211 3362 2289 possidebatin
3417 2212 3659 2289 mundo,
3705 2226 3819 2264 cum
3841 2211 3906 2289 sit

2318 2285 2599 2341 dominus
2632 2279 2860 2341 mundi.
2897 2279 3349 2356 Mortuuslenim
3386 2285 3594 2340 alienis
3648 2279 3908 2353 impendiis

2319 2357 2600 2427 sepelitur
2629 2376 2641 2410 :
2675 2364 2730 2412 et
2760 2373 2869 2412 nos
2893 2373 2930 2411 a
2966 2356 3186 2428 quibus
3213 2356 3481 2411 mundus
3514 2361 3906 2428 extraneus‘est.

2319 2423 2625 2484 facultates
2656 2444 2872 2497 augere
2893 2423 3194 2499 cupimus,
3229 2434 3288 2482 ut
3321 2429 3641 2501 morientes
3670 2423 3903 2501 mundun)

2319 2517 2354 2554 a
2386 2502 2559 2555 nobis
2587 2496 2887 2564 invasum,
2931 2496 3048 2554 non
3082 2503 3312 2554 tantum
3343 2513 3508 2563 voce,
3548 2497 3646 2552 sed
3675 2503 3724 2550 et
3750 2496 3907 2550 litteris

2319 2578 2737 2638 contestemur,
2774 2576 2834 2624 ut
2884 2570 3249 2641 professione
3302 2578 3505 2625 nostra
3535 2569 3610 2624 ab
3651 2584 3730 2632 eo,
3778 2566 3908 2642 cujus

2322 2643 2583 2697 mundus
2613 2636 2731 2706 est,
2771 2636 3264 2697 condemnemur.
3331 2643 3477 2696 Hinc
3533 2641 3806 2702 Dominus,
3833 2636 3907 2700 Qui

2318 2731 2444 2778 non,
2479 2713 2689 2784 inquit,
2718 2714 3001 2784 reliquerit
3020 2714 3221 2777 omnia,
3254 2720 3304 2767 et
3330 2721 3538 2768 secutus
3561 2729 3632 2784 uie
3650 2709 3814 2780 fuerit,
3833 2722 3909 2760 non

2317 2793 2482 2855 potest
2503 2783 2651 2840 meus
2675 2803 2778 2840 esse
2801 2783 3100 2850 discipulus
3117 2784 3277 2855 (Luc.
3297 2801 3419 2849 xxv,
3448 2786 3560 2853 26).
3575 2783 3909 2855 [Quicumque

2320 2851 2460 2925 ergo
2493 2859 2574 2912 sic
2604 2858 2779 2912 habet
2807 2851 3310 2920 facultates‘suas,
3340 2863 3403 2910 ut
3430 2851 3594 2926 speni
3627 2852 3683 2908 in
3712 2851 3807 2926 illis
3823 2862 3908 2904 non

2318 2924 2555 2992 habeat.
2598 2933 2840 2998 paratus
2871 2933 3070 2982 autem
3103 2928 3174 2981 sit
3206 2943 3317 2998 pro
3369 2924 3486 2982 fide
3535 2925 3660 2998 illas
3685 2924 3908 2993 abjicere,

2317 2999 2476 3055 viam
2501 2997 2769 3055 ambulat
2798 3015 2920 3068 qua
2938 2999 3050 3053 itur
3071 2998 3146 3054 ad
3173 2997 3475 3054 Christum
3498 2997 3787 3054 Dominum
3812 3007 3909 3068 nos:

2319 3076 2474 3126 trum
2509 3072 2572 3142 1].
2606 3068 2960 3126 Didrachma
2982 3085 3122 3140 ergo
3154 3069 3232 3124 ab
3259 3069 3356 3124 bis
3389 3068 3675 3138 exigenda
3693 3069 3910 3188 erat-,3m

2319 3143 2542 3188 alimiid
2580 3143 2796 3188 negotii
2831 3141 3136 3188 gerebant-
3183 3147 3287 3188 aut
3320 3141 3550 3188 artibus
3581 3153 3798 3188 onerum
3866 3148 3910 3186 a-

2319 3141 2545 3213 aliquid
2579 3143 2799 3210 negotii
2831 3141 3136 3211 gerebant,
3174 3141 3550 3213 autpartibus
3581 3153 3798 3210 operam
3818 3141 3910 3213 ua-

2316 3206 2481 3268 bant.
2517 3206 2785 3269 Salvator
2814 3206 3034 3278 autem,
3083 3212 3227 3283 quia
3254 3212 3406 3283 nihil
3459 3206 3666 3268 horum
3694 3206 3908 3265 curabat,

2318 3301 2511 3360 neque
2543 3284 2829 3360 (discipuli
2855 3284 3006 3360 ejus,
3029 3282 3376 3360 exigendus
3421 3283 3617 3360 utique
3650 3296 3756 3360 non
3778 3283 3905 3360 erat:

2319 3351 2432 3411 sed
2453 3357 2596 3427 quia
2623 3351 2902 3411 inimicus
2924 3354 3202 3410 diabolus
3229 3370 3471 3426 semper
3497 3351 3553 3427 in
3582 3351 3786 3427 insidiis
3800 3351 3907 3427 erat.

2317 3421 2690 3482 occasionem
2746 3443 3018 3500 quaerens
3069 3427 3116 3500 si
3162 3421 3676 3500 possettinclinare
3705 3421 3909 3500 Salvator

2317 3515 2440 3554 rem
2466 3518 2477 3559 :
2513 3489 2856 3554 exactorum
2883 3489 3250 3554 didrachmas
3281 3498 3521 3552 animos
3549 3492 3840 3562 occupavit,
3864 3489 3908 3540 ut

2317 3570 2716 3640 ejusfacerent
2733 3569 3098 3625 voluntatem
3126 3590 3138 3633 ;
3164 3577 3223 3622 ut
3248 3567 3680 3640 accedentesad
3698 3567 3904 3640 (Petrum,

2315 3630 2418 3714 (fni
2469 3641 2876 3714 primusinter
2898 3630 3416 3714 _Apostolosera_t,
3452 3638 3595 3694 solvi
3624 3637 3811 3714 debere
3839 3630 3904 3714 ab

2316 3702 2522 3791 eorum
2557 3713 2848 3791 magistro
2877 3702 3601 3791 dicerent__didrachmam,
3625 3707 3722 3791 qui
3753 3705 3817 3760 ab
3839 3702 3903 3791 hjf

2317 3785 2597 3840 oneribus
2617 3771 2780 3839 liberi
2809 3790 2996 3838 erant.
3026 3783 3173 3838 Nihil
3195 3783 3357 3836 enim
3384 3771 3710 3851 agebantin
3729 3771 3904 3851 mundo

2317 3857 2478 3925 quod
2506 3860 2663 3911 esset
2685 3855 2891 3927 mundi
2918 3877 2928 3908 :
2967 3854 3185 3927 utquia
3208 3869 3327 3908 non
3358 3848 3484 3927 erat
3516 3851 3662 3927 unde
3688 3848 3901 3927 solveret,

2317 3915 2419 4001 aut
2451 3927 2539 3980 bis
2567 3925 2852 3981 seandalo
2883 3915 3189 4001 essetiaut
3221 3933 3380 3980 certe
3400 3915 3904 4001 humilitatesuti'ra:

2319 3997 2397 4066 gii
2430 4003 2722 4069 qmereret
2746 4014 2781 4052 a
2828 4014 2950 4069 quo
2995 3985 3344 4052 solveretur.
3399 3996 3563 4050 Tunc
3595 3991 3841 4069 Dominus
3862 3985 3906 4036 ul

2319 4067 2716 4139 improvidum
2751 4067 3052 4124 diabolum
3087 4069 3380 4123 adversus
3407 4067 3766 4137 semetipsum
3794 4071 3905 4112 sem-

2319 4157 2418 4210 per
2434 4141 2758 4212 machinari
2773 4139 3130 4206 ostenderet,
3158 4139 3233 4194 ad
3255 4155 3420 4194 mare
3436 4141 3516 4194 ire
3543 4139 3905 4212 Petriim_ap95'

2319 4204 2500 4267 tolum
2525 4211 2694 4281 jubet
2719 4213 2759 4274 ³,
2792 4212 3022 4280 etcapti
3067 4204 3242 4280 piscis
3273 4227 3345 4266 os
3377 4212 3622 4281 aperire,
3649 4211 3700 4261 et
3723 4204 3817 4281 illic
3840 4204 3904 4281 in-

2319 4271 2543 4338 venire.
2568 4271 2885 4338 nummum
2915 4271 3208 4337 exactioni
3257 4271 3524 4338 debitum
3561 4300 3571 4336 :
3603 4294 3714 4338 duo
3737 4271 3901 4330 soluto,

2317 4371 2436 4409 non
2463 4352 2658 4409 solum
2675 4353 3026 4410 scandalum
3043 4369 3162 4408 non
3190 4360 3346 4407 esset
3362 4351 3744 4413 exactoribus,
3759 4351 3904 4412 neque

2318 4425 2703 4480 inclinaretur
2719 4426 3008 4497 requisito
3021 4424 3238 4481 auxilio
3260 4425 3340 4479 ad
3361 4423 3704 4497 solvendum
3719 4437 3731 4485 ;
3746 4423 3903 4497 vperqu

2319 4498 2496 4552 etiam
2529 4498 2765 4566 signum
2800 4494 3027 4551 virtutis
3061 4497 3342 4551 maximae
3375 4495 3800 4550 demonstraret,
3827 4494 3902 4566 ρςζ

2318 4558 2701 4650 quodcapms
2722 4586 2758 4623 a
2784 4567 3021 4650 diabolo
3043 4567 3118 4622 ad
3135 4569 3499 4650 .setraheret,
3531 4558 3903 4650 uthai'gutnstlff

2318 4637 2376 4694 et
2405 4637 2621 4694 astutia
2660 4655 2771 4694 sua
2815 4639 3099 4710 diabolus,
3132 4644 3522 4710 torqueretur.
3583 4637 3902 4710 Dicuntuergo

2319 4717 2622 4766 exactores
2638 4710 3004 4764 didrachmas
3032 4709 3106 4766 ad
3138 4700 3374 4766 Petrum
3395 4708 3738 4780 apostolum.
3755 4700 3902 4764 M093“

2318 4789 2401 4836 ter
2425 4789 2596 4836 vester
2622 4799 2726 4836 non
2757 4781 2914 4836 solvit
2932 4781 3325 4844 didrachmam,
3350 4776 3460 4835 etc'.
3483 4782 3604 4844 Quo
3626 4776 3782 4835 dicto,
3811 4780 3900 4822 ωε·

2319 4853 2562 4922 gistrum
2598 4860 2658 4908 ut
2683 4869 2787 4922 pro
2815 4854 3098 4908 omnibus
3128 4852 3436 4922 discipulis
3459 4851 3717 4922 solveret,
3741 4849 3901 4922 60!)“:

2319 4913 2550 4980 nerunt.
2603 4913 2872 4997 Salvator
2905 4929 3104 4979 autem
3141 4913 3298 4997 cuni
3325 4939 3437 4997 pro
3461 4938 3522 4976 se
3551 4926 3603 4974 et
3633 4919 3783 4997 Petro

2311 4979 2501 5067 jubet,
2534 5012 2642 5066 pro
2669 4979 2954 5051 omnibus
3000 4979 3573 5068 exsolvisse‘videtur
3599 5008 3610 5045 :
3638 4979 3898 5068 quiaflc‘}!

2316 5049 2373 5122 in
2390 5049 2924 5124 *ssivatsraasni
2951 5049 3162 5122 omnes
3201 5049 3385 5122 eausa
3417 5049 3755 5131 magisterii.
3777 5053 3836 5108 ita
3859 5049 3896 5100 et

2315 5145 2446 5210 post
2472 5142 2840 5194 Salvatorem
2865 5138 2923 5192 in
2941 5141 3101 5193 Petro
3128 5153 3337 5192 omnes
3351 5130 3730 5210 continentur.
3746 5130 3895 5210 lpistl'}:

2315 5188 2471 5266 buim
2508 5210 2806 5265 constituit
2836 5225 2967 5264 esse
2995 5215 3175 5280 caput
3223 5224 3456 5272 eorum,
3477 5207 3757 5280 utpastol‘
3783 5188 3897 5280 05'???

2316 5261 2480 5353 gite
2508 5261 2860 5338 asseras:
2872 5261 3021 5337 Nan;
3036 5261 3196 5337 ista
3221 5261 3591 5336 egressam
3615 5261 3893 5340 discipulis:

2375 5412 2389 5442 ¹
2426 5408 2630 5457 Absunt
2663 5408 2772 5458 hmo
2803 5422 2833 5457 a
2858 5407 2956 5460 Ms.
2990 5406 3306 5461 Colbertino.

2375 5472 2392 5500 ²
2428 5473 2548 5519 Haec
2573 5471 2770 5519 absunt
2791 5483 2821 5519 a
2845 5469 2974 5521 Mss.
3017 5468 3236 5518 secundi
3267 5467 3495 5531 generis.

2376 5535 2392 5562 ³
3054 5514 3297 5586 addunt?
3311 5514 3462 5593 ἀπιξιεί
3487 5527 3565 5575 cui
3586 5533 3740 5571 curam
3756 5514 3892 5561 ἀοιπω

2315 5596 2650 5706 ἀείεῇῗυεναε.
2806 5658 2814 5666 _
3038 5657 3048 5666 θ
3431 5653 3440 5663 .
3801 5637 3807 5645 _

2377 5660 2392 5686 ⁴
2483 5671 2552 5706 ss.
2597 5657 2816 5707 secundi
2872 5670 3081 5720 generis
3112 5670 3122 5705 :
3161 5654 3508 5720 Ipsumeuiin,
3532 5652 3638 5713 post
3663 5657 3706 5694 se
3727 5637 3832 5697 reliq

2310 5724 2588 5783 pastorem,
2610 5724 2664 5769 ut
2681 5725 2858 5782 pastor
2877 5715 2998 5769 Esset
3026 5715 3199 5782 gregis
3220 5715 3483 5769 dominici.

3835 5630 3890 5678 uit
