4112 6192
248 203 390 264 2273

250 333 511 407 Vigilate,
534 340 582 389 et
607 339 776 399 orate,
825 350 899 407 ne
942 334 1157 391 intretis
1190 336 1245 390 in
1295 336 1643 393 tentationem
1676 338 1896 407 (Matth.

239 421 401 471 xxvx,
432 405 545 477 41).
579 408 645 480 Εἰ
676 410 839 480 Petro
866 406 1005 480 dicit
1055 424 1067 461 :
1100 408 1238 463 Ecce
1266 416 1483 463 satanas
1512 405 1894 480 expostulavit,

241 485 304 534 ut
327 493 416 531 vos
443 477 660 551 ventilet
680 478 817 551 sicut
841 479 1081 533 triticum
1111 497 1127 533 :
1154 496 1245 551 ego
1274 488 1451 535 autem
1480 477 1669 551 rogavi
1692 498 1794 551 pro
1824 489 1893 546 te,

240 555 425 622 utnon
454 548 668 618 deﬁciat
691 549 818 618 ﬁdes
847 554 970 604 tua:
1003 558 1051 605 et
1085 557 1143 605 tu
1169 548 1465 622 aliquando
1489 548 1896 607 conversuscon-

237 621 403 695 ﬁrma
428 622 637 695 [ralres
675 628 791 675 tuos
823 622 977 695 (Luc.
1018 639 1160 683 xxii,
1192 621 1279 689 3t,
1309 625 1426 693 32).
1459 624 1608 689 Quid
1644 624 1895 695 ambigi-

241 700 338 747 tur
355 692 384 745 Ἰ
400 696 514 765 Pro
536 692 699 747 Petro
716 693 985 760 rogabat,
1013 703 1064 748 et
1089 711 1194 765 pro
1211 696 1432 750 Jacobo
1458 702 1511 750 et
1532 698 1762 750 Joanne
1777 692 1894 750 non

238 764 516 832 rogabat,
552 771 613 817 ut
661 770 907 819 caeteros
960 764 1191 820 taceam
1225 766 1254 818 ?
1305 766 1679 822 Manifestum
1710 774 1796 821 est
1835 767 1894 821 in

239 838 645 908 Petroqomnes
664 835 949 908 contineri
977 853 987 891 :
1018 852 1237 905 rogans
1254 838 1415 892 enim
1440 854 1546 908 pro
1576 838 1757 901 Petro,
1787 854 1894 908 pro

239 906 525 980 omnibus
548 920 791 973 rogasse
808 907 1199 975 dignoscitur.
1227 906 1473 980 Semper
1490 910 1647 963 enim
1664 910 1723 964 in
1748 906 1894 979 prse-

241 979 432 1051 posito
468 979 743 1051 populius,
768 986 871 1033 aut
902 980 1234 1051 corripitur,
1271 979 1380 1035 aut
1400 980 1697 1035 laudatur.
1749 980 1897 1046 Quia

240 1058 297 1123 et
323 1050 440 1104 alio
472 1050 819 1123 loco‘dicite
836 1050 953 1123 Ego
976 1050 1076 1121 pro
1099 1051 1181 1104 his
1204 1068 1329 1122 rogo
1358 1068 1483 1123 quos
1510 1053 1648 1106 mihi
1671 1052 1891 1115 dedisti,

241 1121 451 1244 Pater
470 1119 654 1244 e122an
682 1128 740 1175 ut
763 1120 856 1175 ubi
880 1119 1130 1192 egoisum,
1162 1130 1210 1176 et
1224 1119 1330 1193 ipsi
1355 1119 1462 1178 sint
1494 1139 1693 1178 mecum
1712 1123 1895 1193 (Joan.

241 1208 383 1244 xvu.
458 1236 470 1244 .
606 1233 617 1244 .

241 1208 383 1255 xvn,
417 1194 470 1257 9,
504 1194 617 1257 24).

697 1261 957 1335 Joannes
996 1265 1053 1318 in
1107 1264 1443 1335 Evangelia,
1476 1265 1611 1329 Lex,
1671 1264 1771 1329 ait,
1802 1280 1897 1333 per

240 1334 457 1404 Moysen
486 1333 615 1406 data
641 1341 735 1399 est,
766 1334 963 1388 Gratia
991 1342 1039 1389 et
1057 1335 1258 1389 veritas
1277 1333 1380 1406 per
1406 1335 1587 1389 Jesum
1615 1336 1898 1391 Christum

238 1406 387 1476 facta
417 1411 492 1459 est
526 1404 634 1473 (Id.
665 1421 703 1473 ι,
736 1406 855 1475 1Ἷ);
886 1420 1027 1475 ergo
1051 1407 1245 1461 Gratia
1275 1404 1330 1460 et
1360 1409 1576 1462 veritas
1616 1415 1751 1462 ante
1776 1421 1895 1461 non

242 1477 377 1533 fuit.
402 1478 718 1550 Quomodo
744 1492 881 1550 ergo
906 1478 1020 1532 Lex
1048 1494 1082 1532 a
1110 1479 1228 1533 Deo
1258 1477 1397 1533 data
1428 1480 1659 1547 dicitur,
1692 1481 1749 1533 in
1777 1495 1899 1550 qua

240 1550 460 1603 veritas
486 1564 607 1603 non
636 1548 741 1603 fuit
768 1548 795 1602 ‘l

316 1622 439 1676 Non
473 1620 553 1673 sic
582 1620 805 1690 passim
833 1620 1312 1689 praetereundum
1354 1626 1458 1684 est,
1498 1621 1599 1675 sed
1633 1620 1899 1675 conside-

241 1691 501 1745 randum
533 1697 621 1744 est
653 1692 793 1762 quid
831 1693 921 1753 sit,
986 1690 1095 1745 Lex
1119 1707 1219 1761 per
1247 1692 1461 1761 Moysen
1489 1693 1618 1746 data
1661 1700 1754 1746 est.
1798 1696 1899 1747 Per

238 1762 670 1835 Moysen‘enim
706 1763 818 1835 Lex
845 1762 985 1835 data
1026 1762 1540 1835 manifestahabet
1569 1769 1897 1835 praecepta;

244 1835 349 1887 sed
384 1832 613 1906 scripsit
642 1837 699 1886 et
729 1832 1065 1906 historiam,
1094 1850 1229 1905 quas
1252 1843 1307 1887 et
1338 1834 1470 1904 ipsa
1496 1832 1611 1889 Lex
1638 1832 1901 1906 appella-

242 1910 355 1959 tur.
393 1907 456 1960 Et
486 1905 813 1975 videamus,
849 1904 992 1976 quid
1025 1920 1081 1958 II)
1115 1904 1424 1976 praeceptis
1465 1907 1594 1976 ejus
1644 1904 1763 1961 non
1792 1908 1901 1960 erit

240 1992 449 2047 verum
478 1993 490 2030 :
523 1977 665 2031 forte
697 1976 859 2047 quod
905 1976 1064 2035 dicit,
1098 1976 1221 2031 Non
1250 1977 1473 2045 occides,
1520 1977 1642 2032 Non
1661 1978 1899 2047 fornica-

245 2046 407 2111 beris,
439 2047 561 2101 Non
584 2046 799 2117 furtum
826 2048 993 2109 facies
1014 2047 1216 2114 (Exod.
1242 2064 1338 2112 xx,
1370 2048 1588 2118 13-15)?
1613 2046 1748 2103 talia
1765 2056 1900 2102 sunt

243 2127 299 2174 et
331 2125 562 2174 caetera.
598 2122 741 2173 Nam
779 2119 1023 2174 historia
1054 2120 1202 2188 ejus,
1234 2122 1379 2190 quia
1411 2125 1547 2174 ante
1574 2120 1899 2175 adventum

244 2190 453 2246 Christi
487 2190 699 2245 veritas
732 2206 851 2245 non
894 2197 1034 2254 erat,
1071 2191 1182 2245 hoc
1215 2191 1595 2246 manifestum
1638 2198 1743 2245 est.
1780 2195 1900 2246 Ete-

240 2264 365 2317 nim
398 2278 531 2333 qua:
567 2262 681 2316 sub
724 2262 1018 2317 velamine
1075 2268 1259 2325 erant,
1293 2262 1437 2334 quid
1472 2263 1897 2331 signiﬁcarent,

238 2334 534 2388 incertum
569 2338 712 2405 erat.
743 2335 887 2388 Cum
922 2339 1118 2387 autem
1156 2349 1263 2405 per
1294 2335 1585 2389 Christum
1618 2335 1898 2388 manifes-

240 2408 482 2471 taretur,
522 2404 688 2475 cujus
718 2420 976 2476 persona
1008 2406 1076 2459 sit
1108 2404 1240 2476 quas
1273 2406 1413 2460 dicit
1444 2406 1499 2459 in
1531 2407 1759 2474 Genesi,
1793 2406 1899 2460 Fa-

238 2475 448 2529 ciamus
473 2476 733 2530 hominem
764 2475 833 2530 ad
862 2475 1150 2545 imaginem
1173 2484 1220 2531 et
1246 2478 1315 2531 ad
1332 2477 1752 2531 similitudinem
1778 2494 1899 2531 nos-

240 2552 385 2620 tram
428 2548 580 2617 (Gen.
617 2563 654 2620 i,
689 2548 803 2619 ‘26),
838 2554 888 2601 et
917 2550 1051 2620 quis
1079 2555 1165 2603 est
1194 2550 1295 2620 qui
1328 2548 1501 2620 fecit;
1534 2554 1590 2603 et
1616 2551 1749 2620 quis
1780 2551 1899 2603 fue-

238 2618 314 2672 rit
336 2620 437 2689 qui
468 2620 524 2673 in
556 2619 707 2673 rubo
738 2636 771 2673 a
792 2619 1141 2674 Patriarcbis
1168 2618 1327 2673 visus
1350 2618 1672 2688 fuit(E.tod.
1702 2623 1895 2689 111,2);

236 2696 294 2744 et
319 2690 418 2760 qui
446 2690 501 2743 in
534 2695 695 2761 petra
724 2696 1005 2761 operatus
1025 2692 1118 2752 sit,
1142 2706 1276 2761 qua:
1308 2691 1470 2745 dedit
1491 2707 1681 2761 aquas
1716 2692 1770 2745 in
1800 2692 1897 2745 de-

238 2768 395 2833 serto
430 2760 545 2831 (Id.
567 2760 777 2832 xvu,6)
803 2777 817 2833 ξ
844 2762 987 2833 quia
1022 2760 1218 2825 Petra,
1254 2763 1462 2833 inquit,
1492 2760 1609 2815 erat
1641 2763 1897 2816 Christus

237 2834 282 2901 (I
320 2832 442 2887 Cor.
469 2849 525 2896 x,
556 2835 612 2903 4)
644 2850 656 2887 :
690 2836 769 2886 sic
796 2832 905 2886 fuit
934 2833 1147 2887 veritas
1176 2849 1278 2904 per
1305 2832 1622 2898 Christum,
1652 2835 1898 2904 quando

240 2918 312 2957 ea
343 2918 475 2975 qua:
506 2904 790 2975 latebant,
830 2909 958 2975 aut
1006 2904 1063 2956 in
1097 2904 1348 2957 dubium
1379 2904 1719 2969 veniebant,
1752 2905 1898 2975 quid

238 2974 937 3042 signiﬁcarentaChristo
964 2981 1273 3029 ostensum
1305 2981 1407 3029 est.
1440 2978 1584 3030 Nam
1605 2976 1753 3029 inter
1772 2974 1894 3029 caa-

236 3056 363 3100 tera
382 3048 665 3101 Dominus
690 3046 792 3111 ait,
814 3051 885 3101 De
910 3062 989 3100 me
1012 3047 1229 3117 scripsit
1252 3047 1451 3117 Moyses
1479 3047 1663 3117 (Joan.
1699 3063 1754 3112 v,
1781 3049 1893 3117 46).

240 3116 365 3170 Hoc
396 3118 557 3186 prius
583 3116 753 3171 latuit
785 3133 799 3183 ;
835 3134 997 3172 error
1027 3116 1184 3172 enim
1214 3124 1357 3172 erat.
1394 3116 1714 3172 Putabatur
1739 3118 1897 3172 enim

241 3189 403 3259 Deus
435 3187 624 3252 Pater,
659 3188 762 3259 qui
785 3196 907 3244 erat
932 3190 1338 3259 Filius;etqui
1367 3189 1775 3243 aestimabatur
1797 3204 1897 3244 an-

246 3258 449 3331 gelus,
494 3258 770 3329 cognitus
802 3266 889 3315 est
935 3277 1063 3315 esse
1107 3262 1202 3315 Dei
1258 3258 1456 3316 Filius.
1492 3262 1555 3314 Et
1584 3261 1901 3331 promissio

244 3330 401 3404 facta
435 3330 622 3404 fuerat
655 3332 929 3400 Abrahaa,
963 3347 1094 3403 quae
1122 3332 1414 3404 quamdiu
1442 3346 1563 3386 non
1588 3330 1899 3404 reddeba-

240 3402 443 3474 tursin
477 3403 763 3474 ambiguo
793 3412 955 3469 erat;
984 3402 1124 3457 cum
1146 3402 1352 3459 autem
1377 3404 1645 3458 veniente
1671 3403 1899 3457 Christo

237 3471 474 3547 reddita
500 3478 609 3538 est,
638 3471 901 3547 factaest
932 3476 1140 3530 veritas
1171 3492 1183 3530 :
1219 3475 1464 3547 quando
1495 3480 1551 3547 et
1578 3474 1742 3547 quod
1767 3490 1898 3545 pro-

242 3544 495 3624 missum
524 3551 611 3599 est
640 3545 939 3631 redditum
974 3553 1081 3631 est,
1115 3551 1175 3627 et.
1198 3544 1371 3631 cdgpit
1425 3546 1555 3631 sciri
1584 3544 1748 3617 quod
1770 3544 1900 3601 erat

238 3618 631 3741 promissum.
669 3618 1058 3672 Promittentis
1085 3619 1242 3672 enim
1266 3618 1413 3672 ﬁdes
1442 3625 1581 3673 tunc
1607 3634 1741 3673 vera
1767 3633 1899 3688 pro-

285 3692 436 3741 atur.
466 3704 603 3741 cum
638 3690 888 3741 exsolvit
915 3690 1296 3741 Dromissum.

285 3692 436 3751 atur,
463 3704 603 3758 cum
638 3690 888 3742 exsolvit
915 3690 1296 3758 promissum.

317 3758 394 3828 (a)
428 3757 760 3813 Videndum
808 3757 1070 3831 estquid
1107 3762 1200 3826 sit,
1254 3761 1363 3814 Lex
1389 3776 1486 3830 per
1516 3760 1737 3831 Moysen
1765 3759 1899 3814 data

236 3835 335 3883 est.
372 3834 473 3884 Per
504 3832 745 3901 Moysen
776 3838 975 3886 autem
1027 3831 1141 3885 Lex
1173 3832 1334 3895 data,
1368 3834 1685 3886 manifesta
1718 3830 1899 3885 habet

284 3908 553 3971 raecepta,
589 3908 644 3957 et
665 3904 808 3972 quid
836 3902 952 3958 illic
982 3918 1097 3957 non
1128 3904 1233 3957 erit
1254 3902 1501 3957 verum?
1526 3903 1648 3957 Non
1673 3902 1893 3967 occides,

279 3973 363 4026 ’on
388 3973 754 4039 fornicaberis
781 3973 810 4026 ‘?
838 3974 975 4028 talia
1006 3979 1060 4028 et
1091 3980 1304 4029 caetera
1331 3978 1483 4028 sunt.
1520 3974 1631 4028 Sed
1666 3974 1899 4044 scripsit

235 4048 295 4098 et
327 4044 632 4099 historiam
660 4046 717 4117 in
742 4062 863 4117 qua
883 4061 1074 4117 usque
1102 4045 1175 4100 ad
1207 4046 1527 4099 adventum
1552 4044 1895 4109 Salvatoris,

233 4131 373 4186 qua:
391 4122 561 4186 esset
595 4116 829 4181 veritas,
851 4116 1233 4171 manifestata
1268 4132 1385 4170 non
1412 4121 1555 4170 erat.
1582 4117 1723 4169 Cum
1754 4131 1895 4185 ergo

234 4185 346 4256 per
375 4185 670 4242 Christum
729 4188 1165 4253 manifestatur,
1216 4190 1385 4256 cujus
1430 4202 1687 4258 persona
1712 4187 1891 4251 dicat,

232 4259 549 4330 Faciamus,
583 4265 793 4329 etquae
826 4260 895 4313 sit
928 4275 1060 4330 qute
1094 4258 1271 4313 faciat
1305 4281 1314 4323 ;
1348 4264 1402 4313 et
1424 4260 1570 4330 quis,
1589 4258 1757 4312 fuerit
1792 4259 1893 4328 qui

234 4330 298 4383 in
332 4329 505 4394 rubo,
537 4327 1002 4385 autPatriarchis
1031 4331 1193 4383 visus
1222 4330 1322 4395 sit;
1357 4334 1410 4383 et
1433 4327 1534 4401 qui
1560 4327 1891 4401 inapetram,

232 4416 375 4455 cum
407 4416 626 4472 aquam
658 4402 785 4472 ipse
804 4402 1103 4471 produxit,
1132 4406 1413 4471 operatus
1430 4404 1515 4463 sit,
1538 4400 1682 4472 quia
1703 4400 1891 4466 Petra,

232 4471 595 4541 inquit,’erat
624 4471 912 4527 Christus:
940 4472 999 4527 ﬁt
1028 4488 1169 4541 ergo
1204 4474 1412 4527 veritas
1445 4487 1549 4541 per
1575 4471 1889 4534 Christum,

231 4544 379 4615 dum
412 4559 632 4613 eaquae
668 4544 724 4598 in
747 4544 1000 4599 dubium
1028 4545 1361 4606 veniebant,
1395 4543 1539 4615 quid
1563 4542 1892 4612 significent

231 4614 663 4687 intelliguntur.
686 4619 883 4687 Itaque
898 4615 1009 4670 Lex
1026 4632 1131 4687 per
1154 4617 1389 4687 Moysen
1406 4614 1545 4670 data
1570 4630 1700 4669 reos
1724 4630 1892 4687 cons-

231 4686 392 4739 tituit
423 4693 763 4756 peccatores
794 4703 806 4740 :
838 4686 1043 4741 Gratia
1075 4686 1273 4741 autem
1326 4688 1623 4756 promissa
1653 4686 1710 4739 in
1744 4686 1890 4754 Lege

232 4756 585 4821 adveniens,
668 4758 903 4813 donatis
972 4758 1229 4828 peccatis
1294 4764 1625 4827 peccatores
1704 4765 1891 4812 morte

230 4828 508 4900 privavit.
536 4828 694 4884 Ordo
727 4844 866 4897 ergo
898 4829 1003 4884 fuit
1029 4831 1287 4899 primum
1314 4828 1527 4900 Legem
1558 4831 1720 4893 dare,
1756 4845 1892 4899 pos-

233 4899 330 4954 tea
360 4915 497 4955 vero
531 4900 1020 4964 misericordiam,
1069 4917 1201 4969 quae
1236 4907 1371 4954 tunc
1400 4900 1457 4953 tit
1490 4899 1710 4965 Gratia,
1743 4901 1888 4955 dum

230 4970 422 5052 donat
473 4977 743 5052 peccata.
784 4976 939 5052 ante
982 4972 1139 5052 enim
1190 4970 1511 5052 promissio
1536 4980 1701 5052 “erat,
1753 4988 1889 5052 qua:

229 5046 443 5112 postea
475 5043 539 5097 ﬁt
570 5042 782 5106 gratia.
811 5044 987 5096 Veniet
1011 5044 1173 5104 enim,
1198 5041 1413 5110 inquit,
1444 5058 1507 5095 ex
1530 5041 1655 5095 Sion
1674 5044 1889 5112 quieri-

268 5114 349 5167 iat
377 5120 424 5167 et
450 5119 663 5167 avertat
690 5114 1017 5184 impietatem
1050 5114 1117 5167 ab
1144 5114 1306 5167 Jacob
1340 5113 1492 5182 (Isai.
1530 5129 1634 5173 ιιι,
1670 5117 1754 5173 20.
1785 5130 1883 5165 sec.

224 5129 349 5238 piat
377 5129 424 5167 et
450 5129 663 5167 avertat
690 5129 1017 5184 impietatem
1050 5129 1117 5167 ao
1144 5129 1306 5167 JaCOD
1340 5129 1492 5182 (isaz.
1530 5129 1634 5173 ιιι,
1670 5129 1754 5173 zu.
1785 5130 1883 5165 sec.

281 5186 412 5253 XX).
458 5186 586 5240 Haec
615 5186 932 5256 promissio
965 5201 1069 5256 per
1096 5186 1411 5250 Christum,
1446 5186 1602 5256 facta
1632 5191 1718 5238 est
1748 5183 1887 5238 Gra-

231 5256 335 5327 tia,
397 5256 539 5311 dum
574 5254 760 5311 donat
805 5254 984 5325 gratis
1035 5262 1296 5327 peccata.
1334 5254 1649 5320 Quomodo
1690 5260 1883 5309 autem

234 5325 489 5383 donaret
514 5398 517 5399 ν
542 5334 806 5398 peccata,
842 5328 887 5381 si
920 5325 1050 5382 non
1091 5328 1255 5399 prius
1309 5327 1519 5399 Legem
1566 5327 1747 5387 daret,
1782 5342 1887 5399 per

229 5412 412 5468 quam
444 5398 555 5453 reis
590 5400 759 5454 factis
786 5399 1021 5453 veniam
1054 5398 1369 5469 largiretur
1401 5398 1429 5452 ‘l
1456 5400 1601 5452 Nam
1636 5413 1753 5451 non
1786 5398 1885 5451 da-

233 5476 321 5523 ret
350 5470 461 5523 nisi
506 5471 666 5540 quod
723 5469 837 5525 sibi
869 5470 1217 5526 debebatur.
1280 5470 1492 5523 Deberi
1537 5474 1734 5523 autem
1766 5483 1884 5523 non

231 5545 483 5611 poterat,
512 5540 622 5595 nisi
659 5542 769 5597 Lex
802 5542 1179 5611 praecederet.

304 5610 544 5667 LXXVII.
581 5643 645 5653 —
679 5610 831 5678 Quid
856 5618 943 5668 est
971 5613 1135 5684 quod
1170 5614 1320 5667 inter
1347 5616 1558 5666 caetera
1580 5610 1719 5665 dicit
1742 5612 1888 5665 Mar-

297 5700 366 5760 (a)
402 5699 630 5759 Quaestio
675 5702 857 5751 eadem
910 5715 973 5750 ex
1030 5701 1153 5751 Mss.
1210 5700 1429 5749 secundi
1486 5699 1711 5763 generis,
1748 5699 1887 5748 inter

230 5765 355 5824 post
379 5763 624 5829 vulgatus
660 5778 724 5816 ex
760 5764 906 5815 Novo
936 5764 1081 5819 Test.
1127 5765 1416 5829 trigesima.

1762 202 2154 271 APPENDIX.

3520 220 3659 279 2274

2002 355 2105 393 cus
2133 338 2511 408 Evangelista
2538 338 2611 395 de
2635 339 2879 405 Christo,
2914 338 3142 395 Intrans
3160 342 3219 395 in
3240 342 3454 399 domum
3482 348 3656 402 voluit

2005 412 2265 489 neminem
2316 412 2474 489 scire,
2507 418 2553 465 et
2602 429 2707 466 non
2726 414 2916 489 potuit
2934 412 3099 489 latere
3130 413 3326 489 (Marc.
3362 432 3456 479 vn,
3512 420 3602 489 24)
3627 419 3655 473 ?

2006 483 2223 608 sigrgo
2248 482 2429 537 voluit
2450 488 2506 537 et
2532 498 2652 538 non
2675 484 2881 555 potuit,
2904 482 3205 541 inﬁrmata
3224 486 3493 543 voluntas
3524 482 3653 559 ejus

2006 570 2058 608 γι
2107 570 2137 607 e
2169 568 2254 607 ur.

2005 562 2254 608 VldBlUl‘.

2076 623 2444 696 lmpossibile
2495 640 2739 696 prorsus
2770 631 2857 680 est
2889 631 2949 680 ut
3006 626 3324 683 Salvatoris
3381 629 3655 685 voluntas

2004 710 2125 770 non
2158 695 2506 770 impleatur;
2537 712 2643 751 nec
2667 703 2857 770 potest
2885 698 3027 752 velle
3054 700 3218 770 quod
3242 701 3350 754 scit
3380 700 3502 755 ﬁeri
3533 716 3655 757 non

2002 768 2256 822 debere:
2285 768 2507 822 idcirco
2532 769 2697 839 quod
2752 768 2972 823 factum
3006 768 3110 834 est,
3146 770 3259 825 hoc
3293 772 3547 827 voluisse
3572 772 3656 827 di-

2003 839 2229 894 cendus
2260 844 2367 893 est.
2394 842 2536 894 Nam
2566 839 2836 893 voluntas
2864 840 2992 909 ejus
3018 856 3327 911 nunquam
3362 850 3525 897 extra
3553 859 3656 899 na-

2003 918 2199 985 turam
2223 913 2352 979 ejus
2386 917 2489 965 est.
2522 912 2679 985 Sicut
2702 926 2841 979 ergo
2870 918 3083 985 natura
3105 914 3233 980 ejus
3260 914 3319 967 in
3341 915 3653 985 reprehen-

2005 983 2385 1057 sionem_non
2439 982 2616 1057 cadit,
2650 984 2728 1057 ita
2777 998 2885 1057 nec
2936 984 3240 1057 voluntas.
3301 982 3443 1039 Nam
3490 986 3655 1057 quod

2002 1054 2395 1134 propon_it_ur,_
2433 1053 2651 1107 factum
2698 1053 2911 1134 legitur
2942 1054 3001 1108 in
3034 1055 3255 1134 ﬁnibus
3308 1056 3432 1134 Tyri
3468 1053 3657 1134 :_tunc

2004 1124 2246 1179 intravit
2274 1125 2330 1177 in
2363 1124 2632 1186 domum,
2657 1131 2711 1178 et
2743 1126 3044 1179 neminem
3075 1127 3257 1181 voluit
3288 1124 3455 1182 scire.
3493 1131 3656 1183 Nunc

2001 1194 2321 1268 requiritur
2341 1195 2646 1268 quomodo
2680 1195 2769 1250 vel
2799 1212 2985 1268 quare
3008 1199 3307 1252 neminem
3331 1200 3516 1254 voluit
3543 1200 3658 1255 sci-

2003 1282 2084 1339 re.
2118 1266 2850 1339 Animadvertendumrest
2880 1269 3058 1332 enim,
3086 1269 3231 1339 quia
3260 1270 3415 1324 istud
3440 1271 3497 1324 in
3530 1268 3656 1325 ﬁni-

2004 1337 2376 1462 busgestum
2408 1343 2493 1391 est
2546 1338 2883 1403 Gentilium,
2916 1337 3136 1410 quibus
3180 1340 3375 1395 adhuc
3417 1346 3654 1412 tempus

2004 1425 2124 1462 orte
2176 1408 2370 1462 icandi
2402 1424 2520 1462 non
2553 1416 2695 1462 erat.
2755 1411 3015 1462 Denique
3054 1411 3288 1462 mittens
3332 1413 3654 1462 discinulos

2004 1408 2370 1480 praedicandi
2402 1416 2695 1483 nouerat.
2755 1408 3015 1483 Denique
3054 1411 3288 1483 mittens
3332 1408 3657 1483 discipulos

2005 1479 2147 1533 suos
2181 1480 2473 1550 praecepit,
2508 1479 2733 1541 dicens,
2766 1480 2832 1533 In
2864 1482 3006 1533 viam
3036 1482 3282 1536 Gentium
3309 1499 3371 1536 ne
3386 1479 3654 1548 abieritis,

2004 1559 2055 1605 et
2090 1552 2146 1604 in
2171 1552 2415 1605 civitates
2459 1550 2930 1605 Samaritanorum
2961 1569 3023 1604 ne
3055 1554 3393 1607 introieritis
3425 1554 3555 1618 ;sed
3586 1557 3657 1609 ite

2000 1627 2183 1694 potius
2211 1624 2279 1675 ad
2304 1639 2419 1675 oves
2447 1640 2563 1692 quae
2592 1628 2870 1692 perierunt
2922 1622 3106 1677 domus
3132 1625 3313 1678 Israel
3343 1626 3562 1693 (Matth.
3598 1643 3655 1690 x,

2008 1701 2055 1763 5,
2090 1696 2164 1765 6).
2204 1694 2422 1747 Idcirco
2456 1694 2645 1748 noluit
2675 1711 2733 1747 se
2760 1694 2950 1764 prodi,
2980 1697 3139 1765 quod
3171 1701 3327 1749 esset
3351 1698 3406 1750 in
3430 1698 3653 1763 domo;

2005 1767 2223 1835 requiri
2255 1770 2455 1837 autem
2491 1783 2551 1819 se
2584 1781 2703 1819 non
2736 1765 2941 1828 noluit,
2976 1767 3078 1820 sed
3110 1766 3359 1821 libenter
3395 1770 3647 1837 accepit.

2007 1837 2284 1901 Quamvis
2317 1836 2475 1890 enim
2507 1840 2745 1906 tempus
2776 1852 2890 1890 non
2936 1845 3089 1891 esset
3120 1839 3483 1906 praedicandi
3512 1836 3657 1894 Gen.

2007 1908 2227 1971 tilibus,
2256 1907 2407 1961 ultro
2437 1916 2633 1961 tamen
2663 1908 2965 1962 venientes
2997 1910 3070 1962 ad
3118 1907 3298 1964 ﬁdem
3323 1925 3443 1964 non
3474 1912 3655 1964 susci-

2005 1995 2164 2050 pere,
2195 1978 2430 2032 invidias
2459 1985 2601 2033 erat.
2634 1980 2724 2034 Sic
2749 1978 2970 2033 factum
2996 1986 3099 2043 est,
3137 1984 3197 2034 ut
3223 1982 3365 2037 dum
3394 1981 3655 2036 Salvator

2008 2067 2041 2106 a
2072 2050 2395 2133 discipuli?
2414 2050 2681 2133 proditus
2708 2066 2827 2105 non
2856 2056 3032 2133 esset,
3062 2051 3137 2106 ab
3169 2052 3296 2133 aliis
3330 2057 3528 2133 tamen
3554 2052 3656 2133 qui

2006 2138 2141 2175 eum
2171 2120 2883 2194 ingredientemdomum
2917 2122 3205 2194 viderant,
3237 2124 3504 2194 proditus
3536 2120 3607 2179 sit
3639 2136 3650 2175 :

2007 2198 2061 2247 et
2095 2195 2271 2263 coepit
2303 2192 2432 2246 sciri
2461 2192 2624 2263 quod
2656 2198 2808 2247 esset
2834 2194 2893 2247 in
2925 2193 3127 2258 domo,
3163 2192 3549 2250 ubintrarent
3578 2195 3655 2249 ad

2007 2263 2171 2337 illum
2204 2263 2305 2335 qui
2354 2263 2569 2337 vellent
2598 2265 2877 2337 consequi
2931 2264 3247 2337 beneﬁcia.
3289 2270 3333 2319 A
3362 2267 3488 2321 suis
3522 2282 3654 2337 ergo

2006 2335 2193 2408 noluit
2216 2334 2545 2408 praedicari,
2573 2335 2734 2406 quod
2764 2334 2913 2390 esset
2935 2334 2989 2389 in
3013 2335 3215 2391 domo.
3238 2337 3471 2408 Requiri
3494 2334 3655 2392 enim

2006 2422 2067 2461 se
2095 2406 2308 2471 voluit;
2344 2412 2396 2461 et
2419 2407 2495 2461 ita
2514 2407 2732 2461 factum
2765 2413 2868 2461 est.
2890 2410 3014 2462 Non
3039 2408 3198 2463 enim
3228 2406 3399 2463 latuit
3428 2409 3504 2464 ab
3526 2409 3654 2463 aliis

2005 2478 2449 2532 demonstratus
2471 2478 2635 2551 quod
2659 2485 2816 2551 esset
2838 2479 2894 2533 in
2911 2481 3129 2551 domo.
3161 2481 3421 2551 Denique
3445 2480 3656 2534 mulier

2007 2551 2349 2603 Chananaaa
2381 2550 2631 2621 audiens,
2658 2549 2731 2603 de
2766 2549 2880 2614 illo,
2910 2550 3145 2605 intravit
3175 2549 3420 2621 adeum
3452 2551 3656 2621 depre-

2006 2627 2239 2693 cansut
2270 2619 2973 2693 expelleretdaampnium
3007 2638 3041 2676 a
3068 2622 3185 2676 ﬁlia
3216 2618 3381 2693 ejus:
3413 2618 3546 2693 quae
3566 2624 3655 2676 ni-

2006 2692 2051 2745 si
2087 2690 2247 2761 prius
2286 2692 2639 2759 subjecisset
2666 2706 2725 2745 se
2759 2691 2869 2745 Deo
2900 2690 3262 2763 Judaaorum,
3296 2690 3652 2748 beneﬁcium

2005 2767 2323 2818 consecuta
2354 2778 2473 2816 non
2528 2770 2695 2816 esset.
2739 2763 2984 2833 Impleta
3031 2780 3172 2833 ergo
3226 2764 3499 2820 voluntas
3532 2765 3654 2819 Sal-

2007 2834 2223 2888 vatoris
2253 2840 2339 2887 est
2372 2834 2701 2914 secundum
2725 2835 3340 2914 quaeexplanavimus
3364 2852 3374 2891 :
3402 2852 3473 2891 ea
3494 2837 3653 2914 enim

2004 2920 2138 2976 quas
2193 2904 2572 2976 compendio
2605 2904 2906 2959 brevitatis
2966 2904 3229 2960 studens
3283 2907 3656 2974 Evangelista

2005 2975 2354 3101 potilnplexus
2385 2982 2491 3039 est,
2544 2975 2947 3040 discutientes,
3004 2978 3344 3032 invenimus
3374 2977 3536 3049 quod
3570 2977 3657 3034 la-

2031 3063 2059 3101 e
2111 3064 2186 3101 a.

2004 3052 2186 3102 tebat.

2078 3118 2154 3200 (αξ
2185 3119 2301 3170 Ηοο
2331 3116 2492 3186 quod
2532 3130 2638 3187 per
2667 3117 3105 3200 compendium.
3141 3119 3515 3200 propositam
3536 3124 3654 3200 est,

2008 3194 2069 3269 _ut
2101 3188 3057 3269 plus_seusum.possetpecuI-ere,
3092 3188 3149 3242 in
3179 3188 3400 3269 ﬁnibus
3429 3191 3657 3269 laetum

2006 3258 2219 3329 legitur
2238 3259 2367 3328 Tyri
2389 3276 2399 3331 ξ
2429 3258 2577 3331 quia
2594 3274 2731 3312 cum
2756 3258 3025 3314 Salvator
3042 3261 3404 3331 pervenisset
3428 3262 3484 3315 in
3504 3263 3655 3319 ﬁnes

2006 3332 2159 3402 Tyri,
2194 3330 2428 3402 intravit
2462 3331 2519 3383 in
2547 3330 2817 3402 domum.
2855 3332 2918 3385 Et
2946 3330 3087 3401 quia
3128 3347 3249 3386 non
3280 3332 3478 3387 adhuc
3506 3332 3659 3387 Gen-

2009 3400 2168 3457 tibus
2198 3401 2523 3472 prmdicare
2576 3400 2907 3472 oportebat,
2947 3400 3120 3471 jussit
3149 3403 3447 3456 neminem
3482 3402 3656 3458 alicui

2010 3472 2288 3529 nuntiare
2318 3472 2645 3527 adventum
2678 3489 2889 3527 suum:
2919 3473 3032 3527 hoc
3058 3480 3161 3538 est,
3192 3476 3453 3528 neminem
3488 3474 3658 3529 voluit

2007 3551 2145 3600 scire
2188 3561 2208 3598 .·
2235 3550 2287 3600 et
2320 3543 2689 3607 subauditur,
2742 3560 2778 3598 a
2804 3545 2926 3598 suis
2955 3544 3145 3601 noluit
3178 3546 3433 3599 nuntiari
3483 3544 3659 3601 alicui

2007 3619 2150 3689 quia
2175 3622 2299 3671 erat
2324 3616 2387 3689 in
2415 3614 2621 3689 domo:
2651 3616 2885 3689 Requiri
2916 3622 3113 3670 autem
3169 3633 3229 3670 se
3257 3617 3463 3681 noluit,
3514 3617 3655 3689 quia

2008 3686 2246 3759 tempus
2273 3686 2555 3759 offerendi
2584 3686 2869 3741 Gentibus
2896 3688 3288 3759 gratiamrnon
3319 3694 3464 3744 erat.
3492 3686 3655 3744 Deni-

2054 3777 2122 3813 ue
2144 3758 2396 3813 veniens
2424 3758 2653 3830 mulier,
2683 3764 2987 3827 comperto
3017 3759 3094 3812 ab
3116 3758 3242 3813 aliis
3264 3760 3365 3830 qui
3389 3760 3660 3816 viderant

2006 3829 2171 3884 illum
2231 3831 2481 3883 intrasse
2527 3830 2582 3883 in
2616 3829 2888 3901 domum,
2921 3830 3134 3886 orabat
3181 3829 3394 3901 expelli
3436 3833 3659 3887 daemo-

2007 3903 2170 3956 nium
2221 3918 2254 3955 a
2286 3901 2404 3954 ﬁlia
2430 3916 2559 3954 sua.
2594 3900 2858 3955 Salvator
2892 3906 3088 3956 autem
3137 3900 3327 3956 sciens
3378 3917 3496 3957 non
3527 3918 3657 3957 esse

2006 3971 2603 4042 tempusdandiultro
2636 3972 2884 4040 gratiam
2910 3972 3212 4039 Gentibus,
3245 3974 3347 4039 ait,
3370 3973 3656 4039 Sine,nati

2003 4044 2162 4115 prius
2186 4048 2526 4097 saturentur.
2561 4042 2684 4116 Non
2715 4045 2853 4116 enim
2890 4043 3011 4098 licet
3038 4044 3273 4116 accipere
3301 4062 3491 4116 panem
3518 4045 3657 4115 ﬁlio-

2004 4114 2151 4180 rum,
2184 4122 2232 4168 et
2264 4116 2477 4169 mittere
2501 4114 2739 4169 canibus.
2770 4114 2934 4169 Tunc
2968 4114 3178 4170 mulier
3203 4114 3653 4171 consensitSal-

2004 4186 2227 4241 vatoris
2254 4186 2466 4249 verbis,
2491 4196 2546 4241 et
2577 4185 2803 4257 accepit
2827 4186 3178 4241 beneﬁcium
3204 4188 3365 4257 quod
3395 4187 3651 4241 volebat.

2005 4258 2441 4314 Consentiendo
2467 4258 2622 4312 enim
2662 4258 2857 4327 junxit
2902 4274 2962 4311 se
2990 4258 3109 4313 Deo
3135 4257 3503 4312 Judaaorum.
3536 4257 3655 4312 Hac

2003 4345 2144 4397 ergo
2176 4345 2362 4383 causa
2396 4329 2582 4383 noluit
2626 4344 2731 4399 per
2757 4345 2900 4382 suos
2928 4329 3061 4382 sciri
3093 4329 3255 4399 quod
3279 4334 3436 4383 esset
3465 4329 3521 4382 in
3553 4330 3657 4383 do-

2003 4417 2104 4455 mo
2139 4417 2151 4454 :
2181 4408 2236 4455 et
2260 4400 2340 4455 ita
2381 4399 2600 4453 factum
2633 4406 2721 4454 est
2752 4405 2812 4454 ut
2844 4399 3043 4453 voluit.

2076 4472 2322 4527 LXXVIII
2339 4470 2430 4539 (ὁ).
2450 4502 2505 4511 -—
2533 4470 2766 4536 Legitur
2787 4474 2844 4524 in
2867 4469 3185 4537 Evangelio
3206 4469 3471 4532 Joannis,
3492 4468 3657 4540 quod

2003 4558 2140 4597 cum
2196 4547 2472 4609 negasset
2500 4558 2562 4593 se
2594 4540 2860 4597 Salvator
2891 4541 3212 4596 ascendere
3250 4540 3328 4595 ad
3358 4540 3519 4595 diem
3548 4540 3655 4595 feso

2004 4620 2149 4677 tum,
2185 4613 2451 4668 ascendit
2482 4612 2662 4681 (Joan.
2696 4630 2792 4676 vn,
2828 4616 2878 4676 8,
2916 4613 3005 4683 14)
3035 4630 3050 4665 :
3100 4611 3213 4666 hoc
3265 4612 3657 4667 inconstantis

2001 4702 2133 4741 esse
2164 4685 2416 4738 videtur.

2072 4757 2319 4826 Semper
2349 4753 2614 4826 breviata
2644 4754 3052 4826 propositione
3086 4768 3329 4809 sensum
3360 4754 3647 4811 occultas.

2001 4830 2149 4882 Nam
2182 4825 2293 4881 hcc
2323 4826 2484 4897 quod
2518 4825 2574 4897 in
2604 4825 3000 4897 quaestionem
3042 4841 3225 4881 vocas
3267 4832 3404 4881 tunc
3427 4826 3650 4882 factum

2000 4904 2104 4967 est,
2141 4896 2388 4969 quando
2415 4898 2471 4951 in
2511 4896 2746 4953 Galilaea
2791 4897 3020 4968 positus
3064 4904 3306 4969 propter
3336 4899 3657 4969 tumultum

1998 4968 2369 5035 Judteorum,
2422 4968 2701 5023 fratribus
2730 4969 2850 5023 suis
2897 4969 3095 5024 adhuc
3126 4986 3247 5023 non
3279 4968 3658 5024 credentibus

2000 5042 2135 5107 sibi,
2191 5040 2663 5111 compellebatur
2708 5041 3031 5096 ascendere
3075 5042 3133 5095 in
3166 5042 3469 5111 Judeeam,
3510 5039 3659 5110 quia

1999 5113 2234 5167 futurus
2266 5110 2392 5167 erat
2421 5113 2547 5165 dies
2596 5112 2777 5167 festus
2807 5113 3176 5173 Judaeorum,
3210 5117 3271 5167 ut
3303 5110 3658 5165 seditionem

2000 5189 2318 5254 pateretur.
2359 5187 2506 5254 Ipse
2536 5188 2736 5237 autem
2789 5184 3099 5254 respondit
3126 5185 3227 5245 eis,
3282 5182 3520 5254 dicens:
3561 5180 3657 5236 Vos

1998 5252 2266 5307 ascendite
2296 5253 2365 5306 ad
2389 5252 2527 5307 diem
2560 5254 2751 5323 festum
2782 5252 2961 5317 istum,
3011 5253 3138 5323 quia
3184 5252 3409 5305 mundus
3436 5268 3521 5305 vos
3552 5268 3656 5306 non

1998 5325 2116 5380 odit
2143 5340 2161 5375 :
2191 5342 2270 5377 me
2299 5332 2479 5377 autem
2502 5324 2637 5387 odit,
2685 5326 2815 5395 quia
2838 5341 3009 5393 arguo
3035 5340 3195 5393 opera
3221 5324 3352 5393 ejus.
3410 5324 3525 5392 Ego
3554 5339 3659 5377 non

1999 5396 2220 5449 ascendo
2252 5396 2321 5448 ad
2346 5396 2483 5449 diem
2513 5398 2704 5463 festum
2735 5396 2892 5459 hunc,
2925 5395 3049 5465 quia
3081 5402 3283 5465 tempus
3322 5410 3493 5448 meum
3527 5411 3657 5449 non-

1997 5468 2123 5521 dum
2146 5466 2429 5536 impletum
2452 5474 2547 5521 est.
2580 5470 2739 5521 Tunc
2771 5466 2975 5520 fratres
2998 5467 3127 5535 ejus
3159 5465 3557 5521 ascenderunt
3578 5466 3655 5521 ad

1997 5538 2157 5593 diem
2190 5538 2430 5601 festum,
2480 5538 2607 5609 ipse
2654 5552 2794 5593 vero
2849 5538 3070 5593 mansit
3130 5536 3188 5591 in
3222 5536 3479 5593 Galilasa.
3516 5537 3657 5594 Post

2061 5637 2132 5697 (α)
2185 5636 2415 5694 Quwstio
2451 5634 2638 5683 eadem
2673 5650 2735 5684 ex
2798 5635 2920 5684 Mss.
2961 5635 3181 5683 secundi
3236 5636 3466 5695 generis,
3518 5637 3657 5687 inter

1996 5702 2118 5763 post
2149 5699 2395 5763 vulgatus
2427 5712 2497 5763 ex
2527 5697 2675 5763 Novo
2708 5698 2861 5763 Teste
2880 5698 3140 5763 vigesima
3164 5699 3369 5763 quinta.

2059 5761 2127 5823 (ὁ)
2156 5760 2279 5811 Htec
2312 5762 2539 5826 quaestio
2569 5761 2633 5811 de
2664 5762 2811 5812 estin
2847 5760 2972 5811 Mss.
3004 5760 3226 5812 secundi
3255 5760 3493 5827 generis.
