4112 6192
568 139 710 195 2275

561 268 763 322 autem
793 267 850 319 et
879 262 1004 334 ipse
1037 258 1307 334 ascendit
1326 259 1405 316 ad
1428 259 1587 316 diem
1611 259 1850 315 festum.
1878 260 2029 334 Quid
2056 260 2213 334 vide-

559 343 653 393 tur
684 331 1066 397 contrarium,
1091 331 1338 403 quando
1366 347 1485 388 non
1510 338 1648 387 tunc
1676 333 1941 387 ascendit
1964 332 2210 403 quando

558 407 813 476 negavit,
842 405 947 460 sed
970 403 1238 458 ascendit
1257 408 1464 476 postea
1484 419 1501 472 ;
1524 409 1579 476 et
1597 404 1874 476 ascendit
1892 419 2014 476 non
2031 404 2210 476 quasi

557 474 826 535 addiem
855 476 1088 539 festum,
1113 476 1215 529 sed
1257 474 1433 546 quasi
1465 475 1541 529 ad
1569 474 1727 546 litem
1752 474 1779 528 εἰ
1798 475 1878 529 Illi
1903 474 2067 530 enini
2083 491 2208 530 om.

553 565 659 606 nes
684 549 800 602 laeti
828 548 1245 610 ascenderunt,
1269 545 1440 617 quasi
1458 546 1536 601 ad
1559 545 1949 617 perfruendas
1968 547 2207 601 delicias

557 620 674 675 diei
706 618 859 673 festi.
911 621 1145 673 Certum
1176 623 1263 672 est
1293 633 1455 688 ergo,
1511 618 1653 687 quia
1686 633 1805 672 non
1834 619 2101 672 ascendit
2130 618 2209 674 ad

555 691 715 747 diem
746 689 983 744 festum.
1016 689 1307 745 Salvatori
1341 696 1539 743 autem
1579 689 1669 743 ille
1699 688 1807 743 fuit
1836 689 1965 743 dies
1996 689 2204 755 festus,

554 777 676 834 quo
706 762 991 834 passione
1049 775 1158 834 sua
1188 759 1437 815 redemit
1464 758 1784 834 mundum.
1819 760 2083 834 Denique
2126 761 2209 815 di-

554 829 666 889 cit:
709 829 884 886 Nunc
933 831 1278 901 clari/icatus
1329 837 1401 884 est
1453 829 1637 885 Filius
1684 831 1935 896 hominis,
1979 829 2027 885 et
2069 834 2210 887 Deus

554 904 892 973 clariﬁcatus
917 911 989 957 est
1018 904 1074 956 in
1124 918 1180 955 eo
1211 902 1392 970 (Joan.
1446 915 1566 962 xiii,
1602 906 1711 971 31).
1748 904 1846 957 Hic
1868 903 1995 957 dies
2020 902 2208 958 festus

554 977 684 1047 ejus
730 979 840 1041 est,
876 974 935 1028 in
968 990 1101 1047 quo,
1123 974 1255 1047 vicit
1286 978 1562 1047 mortem.

625 1047 830 1101 LXXIX
860 1049 957 1112 (a).
986 1042 1050 1086 l—
1081 1046 1137 1100 Si
1168 1044 1409 1115 proprio
1437 1043 1674 1115 arbitrio
1710 1042 1986 1108 vivimus,
2020 1059 2207 1115 quare

556 1118 827 1174 Salvator
864 1117 1031 1184 dixit,
1064 1117 1229 1170 Nemo
1269 1114 1413 1187 venit
1466 1114 1536 1167 ad
1570 1131 1670 1175 me,
1718 1115 1835 1167 nisi
1878 1114 2061 1172 Pater
2112 1117 2211 1187 qui

552 1190 701 1244 misit
738 1205 838 1255 me,
888 1187 1130 1243 traxerit
1174 1203 1291 1241 eum
1323 1186 1430 1257 (ld.
1466 1202 1537 1248 vr,
1570 1188 1695 1253 44):
1730 1194 1786 1240 et
1830 1186 2207 1242 consentiens

552 1260 645 1316 bis
670 1260 1006 1329 Apostolus,
1024 1258 1207 1328 Neque
1227 1257 1475 1319 volentis,
1506 1258 2203 1329 inquit,_nequecurrentis,

550 1332 641 1387 sed
654 1327 959 1386 miserentis
975 1330 1076 1384 Dei
1099 1327 1294 1392 e’st:et,
1320 1329 1488 1397 Cujus
1513 1327 1625 1381 vult
1658 1327 1961 1392 miseretur,
1989 1337 2039 1383 et
2051 1346 2206 1399 quem

552 1403 665 1458 vult
697 1402 925 1457 indurat
951 1402 1126 1471 (Rom.
1160 1416 1237 1469 ix,
1272 1401 1352 1464 16,
1380 1400 1467 1469 18)
1483 1399 1509 1451 ?
1542 1400 1857 1471 Quomodo
1887 1400 2205 1455 voluntatis

553 1474 863 1530 arbitrium
914 1470 1165 1527 liberum
1201 1479 1306 1536 est,
1356 1470 1604 1541 quando
1655 1470 1895 1525 alterius
1927 1478 2077 1527 nutu
2107 1479 2208 1527 aut

556 1545 633 1601 ad
658 1544 887 1600 bonum
915 1544 1172 1605 ducitur,
1199 1549 1302 1597 aut
1323 1540 1400 1596 ad
1433 1540 1661 1596 malum
1684 1541 1711 1595 ‘l

622 1616 800 1670 Aliter
825 1631 1013 1671 causa
1058 1630 1119 1668 se
1150 1614 1331 1685 habet
1378 1629 1560 1685 quam
1600 1610 1910 1682 proposita
1941 1617 2046 1667 est.
2080 1617 2203 1669 Non

550 1686 711 1741 enim
733 1686 829 1741 hic
852 1685 1199 1757 quaestionis
1228 1684 1646 1757 hujusscnsus
1667 1690 1754 1757 est
1777 1699 1968 1757 quem
1997 1685 2202 1757 obten-

550 1758 662 1813 dis.
696 1760 845 1812 Nam
872 1753 1047 1812 'nullo
1080 1770 1293 1824 genere
1311 1753 1391 1810 'ex
1418 1755 1510 1809 his
1540 1754 1702 1808 liberi
1745 1753 1971 1809 arbitrii
1996 1756 2205 1826 poterit

550 1844 733 1884 causa
770 1827 1033 1883 turbari:
1068 1828 1208 1898 quia
1241 1827 1289 1880 si
1323 1828 1557 1898 penitus
1606 1842 1848 1898 sensum
1904 1826 2202 1884 dictorum

549 1901 842 1964 advertas,
868 1899 1016 1954 scies
1030 1896 1167 1953 hinc
1188 1896 1380 1965 magis
1395 1897 1617 1952 arbitrii
1634 1896 1803 1951 liberi
1827 1897 2050 1953 ﬁrmari
2074 1915 2206 1954 sen-

548 1972 823 2033 tentiam,
855 1973 985 2026 Haec
1014 1969 1173 2024 enim
1206 1976 1413 2041 contra
1444 1968 2033 2041 malevolosAJudaaos
2070 1987 2203 2041 pro-

548 2041 670 2097 lata
693 2047 850 2097 sunt.
880 2045 1025 2098 Cum
1053 2042 1211 2095 enim
1243 2040 1383 2095 dolo
1421 2038 1821 2094 simulationis
1844 2047 1986 2094 ortae
2018 2038 2089 2096 ex
2118 2043 2204 2096 in-

548 2114 729 2175 vidia.
749 2113 968 2184 Joseph
995 2118 1213 2183 patrem
1242 2113 1552 2184 proprium
1574 2117 1630 2164 et
1654 2110 1805 2184 ﬁlios
1835 2111 1976 2184 ejus,
1995 2111 2203 2168 fratres

548 2182 1341 2246 assererent'Sal’vatoris,’ne
1364 2182 1463 2236 Dei
1487 2197 1621 2236 esse
1652 2182 1825 2236 Filius
1848 2183 2200 2247 crederetur,

548 2260 689 2311 tunc
720 2256 992 2310 Salvator
1020 2256 1121 2320 ait,
1155 2254 1321 2309 Nemo
1360 2254 1503 2307 venit
1544 2252 1615 2307 ad
1642 2269 1741 2317 me,
1775 2254 1886 2307 nisi
1910 2254 2079 2309 Pater
2108 2258 2203 2325 qui

550 2328 697 2381 misit
724 2344 823 2391 me,
865 2326 1171 2381 attraxerit
1208 2342 1345 2379 eum.
1408 2326 1725 2388 Quomodo
1784 2331 1985 2380 autem
2036 2329 2203 2382 Pater

548 2398 883 2453 attrahebat
922 2398 995 2452 ad
1033 2398 1259 2462 Filium,
1295 2396 1405 2449 nisi
1437 2411 1540 2466 per
1570 2411 1755 2466 opera
1784 2412 1920 2466 quae
1950 2397 2200 2454 faciebat

546 2484 654 2542 per
682 2468 928 2542 iillumi‘?
951 2470 1043 2524 Sic
1073 2467 1415 2542 enimAdicit,
1455 2466 1618 2521 Pater
1645 2483 1863 2542 manens
1881 2468 1938 2521 in
1968 2484 2067 2542 me,
2092 2471 2200 2539 ipse

544 2538 803 2611 operatur
833 2540 1012 2611 (Joan.
1048 2556 1181 2611 xiv,
1205 2539 1289 2608 tO)
1318 2554 1330 2591 :
1368 2543 1431 2593 ut
1470 2554 1652 2608 opera
1682 2538 2202 2611 haecfattraherent

546 2610 625 2668 ad
654 2610 1096 2666 ﬁdem’Christi.
1143 2610 1395 2664 Virtutes
1430 2611 1587 2664 enim
1620 2625 1775 2680 quas
1805 2610 2198 2667 faciebatSal-

544 2688 734 2749 vator,
776 2684 921 2754 ipsa:
947 2682 1279 2754 suadebant
1307 2681 1488 2754 Deum
1516 2696 1660 2754 esse
1694 2680 1924 2754 Patrem
1944 2682 2154 2737 Christi
2182 2699 2193 2736 :

545 2760 609 2810 ut
638 2756 741 2825 qui
772 2751 959 2809 alium
992 2759 1218 2824 patrem
1244 2751 1463 2807 habere
1494 2751 1658 2825 illum
1686 2752 1925 2817 diceret,
1958 2769 2077 2807 non
2106 2759 2196 2809 at»

545 2823 875 2881 traheretur
900 2841 935 2880 a
965 2823 1083 2879 Deo
1116 2825 1189 2879 ad
1212 2825 1527 2896 Christum:
1546 2823 1679 2896 Ideo
1702 2838 1847 2896 ergo
1882 2826 2032 2878 Deus
2058 2841 2197 2896 ope-

542 2896 789 2969 rebatur
818 2913 921 2969 per
938 2896 1255 2969 Christum,
1282 2900 1343 2949 ut
1368 2893 1640 2969 verbisej
1656 2910 1720 2946 us
1754 2894 1900 2969 rides
1930 2893 2197 2969 commo-

542 2965 1069 3040 dareturfquibus
1108 2966 1346 3040 dicebat
1385 2981 1448 3019 se
1484 2965 1711 3040 _Filium
1770 2966 1890 3040 Dei.
1938 2966 2197 3040 Haecqest

542 3040 835 3104 attractio,
864 3034 1000 3096 'non
1042 3038 1353 3101 violentiae,
1397 3034 1503 3091 sed
1542 3037 1953 3092 testimonium
1997 3038 2097 3093 Dei
2135 3040 2197 3094 in

544 3110 795 3174 Christo,
829 3111 922 3166 cui
943 3110 1047 3182 qui
1077 3109 1657 3182 credidit,at_tractu_s
1686 3108 1899 3182 dicitur
1917 3110 2003 3182 ab,
2028 3126 2097 3165 eo
2119 3110 2195 3166 ad

544 3179 1077 3254 Christum.iNe‘mo
1138 3182 1299 3254 enim
1349 3179 1641 3254 Salvaiori
1700 3180 1903 3245 credit,
1950 3180 2063 3254 nisi
2092 3182 2197 3254 qui

545 3252 780 3309 Patrem
824 3252 976 3308 illius
1008 3253 1318 3324 prOprium
1349 3251 1492 3324 dicit
1520 3251 1914 3324 Deum.ANam
1946 3251 2195 3323 Aposlo-

541 3324 634 3380 lus
665 3341 786 3380 non
821 3330 883 3380 ut
918 3321 1229 3380 arbitrium
1263 3322 1548 3395 pulsaret,
1578 3322 1703 3395 haec
1742 3321 1896 3395 fatus
1936 3321 2023 3377 est
2062 3340 2197 3395 quae

542 3396 603 3451 in
633 3398 1027 3468 quaestionem
1061 3393 1339 3468 redegisti
1366 3412 1380 3461 ;
1418 3393 1527 3468 sed
1570 3402 1631 3468 ut
1658 3393 1951 3462 judicium
1980 3393 2197 3468 Deira-

543 3464 779 3540 iractari
819 3467 1181 3540 prohiberet,
1222 3464 1359 3540 haec
1398 3464 1565 3540 dixit,
1602 3464 1832 3540 justum
1866 3466 2198 3540 praedicans

538 3538 723 3595 Deum
769 3556 781 3594 :
820 3536 939 3593 'scit
982 3540 1140 3594 enim
1182 3538 1355 3606 cujus
1392 3536 1605 3591 debeat
1646 3536 1939 3591 misereri.
1988 3537 2196 3594 Cordis

538 3612 698 3666 enim
739 3612 1043 3682 inspector
1081 3609 1354 3682 providet
1394 3606 1750 3682 postulantis
1795 3615 2075 3682 mentem,
2119 3626 2195 3665 an

541 3679 1155 3751 mereatur—accipere.
1200 3681 1462 3751 Denique
1492 3679 1633 3733 dicit
1673 3694 1777 3751 per
1818 3680 2193 3750 prophetam,

542 3753 695 3807 Plebs
725 3753 836 3807 haec
864 3752 1023 3807 labiis
1054 3770 1131 3807 me
1160 3752 1524 3814 honorat,cor
1547 3755 1726 3823 autem
1752 3768 1932 3807 eorum
1957 3751 2103 3823 longe
2121 3760 2197 3807 est

541 3840 575 3877 a
607 3840 684 3876 me
711 3824 1047 3888 (Isai.xx1x,
1086 3826 1189 3893 l3).
1222 3826 1367 3877 Nam
1401 3822 1761 3877 simulatoris
1787 3824 2197 3894 animumjus-

542 3898 667 3948 tum
695 3899 783 3947 est
813 3898 874 3947 ut
904 3894 1159 3948 obduret
1190 3895 1298 3964 Qui
1338 3894 1497 3947 enim
1525 3909 1642 3964 non
1671 3910 1776 3964 per
1800 3910 2084 3961 errorem,
2106 3911 2197 3950 ve-

540 3980 675 4019 rum
702 3970 877 4018 vocat
928 3964 1169 4026 falsum,
1203 3963 1306 4017 sed
1350 3978 1454 4034 per
1485 3963 1989 4031 malevolentiam,
2025 3971 2087 4021 ut
2111 3966 2197 4020 in-

540 4034 811 4104 telligens
842 4034 1093 4100 bonum,
1132 4036 1320 4107 tingat
1373 4037 1709 4107 se_nesci_re
1749 4036 1913 4107 quod
1966 4038 2192 4092 bonum

541 4112 649 4173 est,
675 4103 748 4161 ut
770 4113 1076 4161 convertat
1106 4103 1251 4160 illud
1273 4105 1329 4159 in
1351 4103 1611 4177 malum;
1647 4103 1991 4177 hoc—utique
2018 4107 2194 4163 debet

535 4177 615 4245 illi
648 4177 938 4250 praestari,
965 4183 1026 4232 ut
1056 4191 1339 4250 vere‘non
1372 4175 1656 4250 intelligat
1699 4175 1949 4243 bonum,
1980 4195 2053 4234 ne
2083 4180 2195 4234 sal-

538 4246 726 4314 vetur,
760 4249 923 4320 quod
959 4265 1080 4304 non
1113 4246 1252 4303 vult.
1283 4250 1394 4303 Nec
1425 4247 1581 4320 enim
1616 4247 1849 4316 justum
1878 4256 1982 4313 est,
2019 4256 2077 4304 ut
2110 4252 2195 4305 in-

536 4321 696 4376 vitus
730 4319 1011 4386 salvetur,
1045 4320 1146 4391 qui
1188 4334 1321 4391 non
1355 4334 1461 4390 per
1490 4319 1907 4391 ignorantiam
1938 4320 2191 4377 salutem

537 4392 782 4464 spernit,
810 4392 913 4446 sed
947 4408 1050 4463 per
1068 4388 1371 4464 malitiam
1417 4388 1506 4444 vel
1536 4390 1847 4464 invidiam.
1885 4391 1983 4445 His
2014 4393 2193 4464 igitur

537 4461 925 4519 conﬁrmatur
949 4461 1146 4533 inagis
1202 4462 1458 4516 liberum
1489 4461 1793 4516 arbitrium
1828 4478 2012 4533 quam
2063 4463 2193 4519 des-

538 4536 770 4606 truitur,
798 4539 861 4606 ut
893 4535 1213 4606 unicuique
1242 4550 1348 4606 pro
1369 4539 1529 4606 voto
1562 4548 1687 4606 suo
1721 4534 2181 4605 respondeatur.

611 4604 684 4674 (b)
711 4605 884 4676 Nullo
907 4604 1133 4673 genere
1149 4621 1213 4660 ex
1252 4604 1343 4659 his
1368 4604 1534 4658 liberi
1564 4605 1785 4659 arbitrii
1813 4604 1998 4661 eausa
2027 4613 2194 4676 pote-

536 4674 611 4729 rit
626 4675 875 4749 turbari.
894 4676 947 4749 Si
963 4678 1119 4731 enim
1136 4676 1295 4749 dicta
1308 4678 1381 4749 ad
1403 4691 1647 4749 causam
1665 4674 2192 4749 referasquadicta

537 4750 699 4811 sunt,
725 4748 873 4800 scies
907 4746 1044 4802 hinc
1069 4748 1261 4816 magis
1285 4747 1508 4801 arbitrii
1532 4745 1696 4801 liberi
1715 4745 2193 4804 ﬁrmarisenten-

537 4817 707 4872 tiam.
731 4816 881 4871 Cum
900 4819 1057 4873 enim
1082 4818 1271 4872 Judaei
1300 4817 1499 4871 studio
1526 4817 1961 4874 malevolentiae
1980 4837 2101 4874 sua:
2118 4820 2191 4875 de

538 4888 848 4944 Salvatore
872 4889 1156 4953 dicereut,
1180 4889 1370 4943 Nonne
1396 4888 1481 4960 hic
1510 4894 1584 4942 est
1605 4887 1756 4959 ﬁlius
1785 4890 2001 4960 Joseph.
2033 4894 2190 4959 cujus

534 4977 633 5015 nos
657 4960 900 5014 novimus
918 4968 1137 5030 patrem
1165 4960 1194 5011 ‘l
1222 4959 1487 5026 Quomodo
1507 4976 1629 5029 ergo
1652 4960 1743 5013 hic
1769 4959 1922 5027 dicit,
1956 4962 2093 5027 Quia
2125 4964 2192 5017 de

534 5032 659 5087 ccelo
679 5032 921 5087 descendi
948 5032 974 5088 ‘2
1006 5030 1091 5085 Ad
1122 5031 1231 5084 hoc
1262 5031 1567 5101 respondit
1595 5032 1764 5084 Jesus
1791 5051 1803 5086 :
1834 5032 2002 5087 Nemo
2024 5041 2189 5102 potest

534 5104 719 5158 venire
744 5104 813 5157 ad
836 5120 936 5165 me,
968 5102 1077 5157 nisi
1106 5102 1272 5156 Pater
1300 5102 1394 5171 qui
1410 5102 1560 5156 misit
1586 5118 1679 5164 me,
1714 5105 2018 5158 attraxerit
2048 5122 2184 5160 eum.

536 5178 701 5231 Nunc
734 5174 1060 5230 videndum
1099 5180 1185 5227 est
1222 5174 1532 5243 quomodo
1566 5174 1741 5229 trahit
1774 5177 1958 5229 Pater.
1997 5176 2187 5245 Ipsius

538 5246 859 5301 Salvatoris
882 5246 1128 5301 verbum
1158 5250 1431 5317 sumatur
1458 5261 1471 5309 ;
1498 5245 1639 5299 dicit
1665 5247 1845 5307 enim.
1874 5246 2047 5317 Opera
2067 5264 2186 5317 qum

534 5317 699 5387 facio,
722 5318 890 5373 Pater
927 5318 1085 5385 facit.
1115 5316 1333 5371 Credite
1356 5317 1486 5387 quia
1514 5333 1604 5386 ego
1635 5318 1694 5370 in
1717 5317 1903 5384 Patre,
1924 5316 1994 5372 et
2021 5316 2189 5373 Pater

535 5388 596 5441 in
624 5405 730 5444 me.
766 5389 821 5443 Si
858 5403 1000 5457 ergo
1024 5388 1082 5442 in
1107 5387 1250 5442 Filio
1274 5388 1439 5443 Pater
1455 5394 1756 5459 operatur,
1784 5404 1967 5460 opera
1984 5394 2186 5445 autem

598 5494 665 5552 ia)
694 5493 1096 5565 .Pelagianizare
1134 5493 1342 5543 videtur
1392 5497 1578 5544 auctor
1611 5493 1771 5556 hujus
1807 5496 2187 5559 sequentisque

537 5557 1138 5685 quiflfftillﬁiriggtiqpadem
1173 5632 1237 5685 ex
1267 5618 1395 5685 Mss.
1427 5618 1650 5685 secundi
1671 5619 1881 5685 generis
1910 5620 2048 5670 inter
2066 5624 2189 5685 post

535 5674 785 5741 vulgatae
813 5689 878 5724 ex
909 5676 1059 5726 Novo
1087 5679 1226 5727 Test.
1263 5681 1539 5742 trigesima
1560 5674 1815 5735 secuvnda.

1609 127 2070 202 QUESTIONES
2109 132 2203 191 EX
2240 131 2436 192 NOVO
2472 130 2971 193 TESTAMENTO.
3778 138 3876 201 2216

2320 264 2463 345 sun-tl
2486 278 2621 345 quae
2648 262 2898 344 invitant
2924 260 3003 317 ad
3035 260 3219 345 ﬁdem
3241 278 3258 345 _;
3290 261 3877 345 recte_di_xit,_quiaiieao

2319 333 2465 387 venit
2490 332 2561 388 ad
2590 351 2689 398 me,
2717 334 2828 387 nisi
2854 349 3006 406 quem
3023 332 3203 406 Pater
3233 333 3484 387 traxerit.
3514 332 3691 406 Trahit
3712 344 3878 406 autem,

2318 420 2457 460 cum
2488 412 2766 476 operatur
2796 420 2903 476 per
2927 404 3161 461 Filium.
3187 406 3331 459 Nam
3362 405 3464 529 qlui
3486 405 3589 460 sibi
3621 406 3726 462 vult
3748 404 3881 476 credi,

2318 476 2628 529 quomodo
2661 476 2808 529 tollit
2848 474 3015 529 liberi
3048 475 3273 529 arbitrii
3320 491 3390 529 vo
3417 476 3705 529 untatem?
3740 482 3784 529 Et
3810 486 3881 529 nui

2317 474 2628 554 quomodo
2661 474 2815 531 tollit
2848 474 3015 554 liberi
3048 475 3273 554 arbitrii
3320 474 3705 554 voluntatem?
3740 482 3796 554 Et
3810 474 3883 554 qui

2318 547 2688 603 iucredulum
2721 547 2933 615 arguit,
2967 562 3089 618 qua
3119 547 3346 601 ratione
3369 547 3533 602 trahit
3553 548 3803 608 invitum?
3825 547 3885 609 Ad

2315 618 2551 674 .ludteos
2570 620 2770 691 utique
2798 619 2909 691 hoc
2935 618 3313 691 protulit,qui
3338 618 3515 691 alium
3535 627 3734 691 patrem
3753 623 3884 689 illius,

2316 635 2551 674 JlltltBOS
2570 635 2770 691 utique
2798 635 2909 673 noc
2933 635 3313 743 Eroruut,qui
3338 635 3515 673 auum
3535 635 3734 690 patrem
3753 635 3884 689 tlltus,

2316 706 2512 815 quam.
2532 690 2635 771 qui
2668 696 2775 771 est,
2800 690 2928 744 dice
2978 694 3100 770 aut.
3129 692 3319 769 Nemo
3343 690 3495 744 enim
3522 690 3773 746 Salvatori
3800 711 3889 751 cre-

2361 768 2420 815 it.
2457 777 2569 815 ntst
2601 777 2704 815 aut
2735 761 2969 815 Patrem
3002 759 3159 815 illius
3207 760 3348 814 dicit
3386 761 3585 815 Deum.
3633 766 3887 815 Apostolus

2361 762 2420 826 it,
2457 759 2569 816 nisi
2601 762 2704 833 qui
2735 761 2969 833 Patrem
3002 759 3159 833 illius
3207 760 3348 833 dicit
3386 761 3585 833 Deum.
3633 766 3887 833 Apostolus

2318 848 2559 904 quoque
2591 830 2710 888 non
2746 838 2806 887 ut
2845 831 3159 887 arbitrium
3192 830 3475 904 pulsaret,
3506 832 3623 887 haec
3666 830 3798 904 fatus
3825 846 3888 891 est

2316 903 2639 975 quainunc
2690 904 3001 974 proposita
3045 909 3220 975 sunt;
3254 903 3378 975 sed
3409 910 3471 957 ut
3498 903 3797 960 ostenderet
3817 907 3888 962 Dei

2315 972 3029 1046 essejustum’judicium,
3057 973 3159 1046 qui
3186 972 3313 1046 fal_li
3337 989 3455 1028 non
3469 980 3649 1045 potest
3675 975 3723 1029 in
3737 976 3891 1034 danda

2316 1052 2419 1101 aut
2443 1044 2563 1101 non
2578 1044 2781 1101 danda
2806 1044 3231 1117 misericordia.
3257 1044 3353 1100 Est
3378 1044 3530 1100 enim
3557 1047 3652 1116 qui
3668 1048 3889 1117 postulat,

2315 1123 2371 1172 et
2399 1133 2516 1172 non
2555 1124 2809 1171 meretur
2834 1116 3107 1186 accipere
3132 1134 3145 1181 ;
3175 1115 3324 1170 alius
3350 1132 3485 1171 vero
3511 1115 3735 1187 pelia—et
3757 1135 3888 1174 mere-

2318 1194 2410 1243 tur
2447 1190 2735 1259 accipere.
2775 1188 3080 1260 Hicdenim
3114 1202 3233 1260 non
3271 1187 3417 1260 solis,
3440 1187 3643 1260 verbis,
3675 1189 3763 1243 sed
3788 1206 3893 1260 ope-

2315 1261 2479 1315 ribus
2512 1258 2788 1315 obsecrat
2817 1278 2829 1325 ;
2859 1258 2953 1314 ille
2978 1258 3107 1313 sola
3136 1258 3374 1325 lingua;
3410 1258 3501 1313 hic
3521 1266 3571 1315 et
3618 1260 3772 1315 corde
3790 1258 3890 1315 con-

2316 1332 2595 1404 tribulato
2607 1349 2623 1401 ;
2643 1331 2772 1404 talis
2789 1332 3157 1404 enimpotest
3180 1329 3515 1404 impetrare.
3544 1331 3892 1404 Deniquequid

2313 1402 2538 1457 dictum
2571 1400 2625 1456 in
2657 1402 2807 1466 Lege
2834 1408 2921 1456 est
2945 1400 2979 1456 ?’
2998 1400 3154 1455 Plebs
3181 1400 3291 1455 haec
3309 1401 3475 1456 labiis
3503 1418 3576 1456 me
3600 1400 3895 1466 Ιιοηογαιζοοτ·

2312 1480 2488 1527 autem
2516 1472 2735 1527 illorum
2750 1472 2897 1543 longe
2921 1478 2996 1526 est
3016 1489 3049 1525 a
3068 1490 3164 1526 me.
3202 1474 3256 1528 Si
3278 1489 3420 1541 ergo
3438 1472 3553 1527 duo
3570 1479 3765 1543 petant,
3780 1490 3894 1529 unus

2313 1552 2511 1600 autem
2545 1560 2613 1599 ex
2648 1545 2738 1599 his
2764 1545 3037 1615 accipiat,
3071 1544 3247 1599 debet
3279 1544 3411 1599 sciri
3443 1543 3598 1599 hunc
3638 1544 3714 1599 sic
3743 1554 3897 1615 postu-

2311 1616 2469 1670 lasse
2502 1621 2564 1671 ut
2588 1615 2807 1685 dignus
2837 1614 2988 1669 esset
3013 1616 3279 1686 accipere
3313 1634 3325 1670 :
3360 1616 3503 1686 quia
3534 1614 3676 1687 Deus
3702 1614 3895 1687 quijus-

2315 1694 2405 1741 tus
2418 1694 2523 1751 est,
2541 1703 2658 1741 non
2685 1686 2790 1741 dat
2812 1687 2920 1740 nisi
2943 1687 3036 1741 cui
3059 1687 3330 1741 dandum
3354 1688 3481 1741 scit.
3498 1686 3665 1741 Vides
3678 1686 3897 1755 ergouon

2312 1759 2619 1813 arbitrium
2643 1762 2949 1826 negatum,
2968 1757 3071 1811 sed
3096 1757 3421 1812 ﬁrmatum.
3439 1760 3581 1813 Nam
3599 1759 3641 1811 si
3661 1774 3898 1813 unamen-

2312 1836 2385 1893 te,
2431 1845 2547 1883 una
2593 1828 2942 1899 operatione
2998 1829 3150 1883 duos
3204 1828 3465 1884 audieris
3525 1829 3833 1899 postulasse,
3858 1834 3897 1883 et

2312 1916 2498 1955 unum
2513 1916 2585 1955 ex
2617 1901 2706 1955 his
2725 1901 3095 1964 exauditum,
3122 1900 3372 1955 alterum
3407 1900 3732 1971 despectum
3754 1917 3766 1965 ;
3786 1908 3897 1955 recte

2309 1977 2366 2027 et
2389 1971 2697 2026 arbitrium
2727 1988 2844 2026 non
2875 1988 3028 2035 esse,
3061 1977 3115 2027 et
3142 1971 3331 2027 Deum
3360 1978 3717 2043 acceptorem
3746 1987 3899 2042 perso-

2310 2059 2524 2098 narum
2568 2050 2827 2115 putares.

2382 2111 2671 2170 LXXXI—
2690 2116 2849 2169 Certe
2872 2111 3146 2168 autﬁlius
3175 2111 3276 2167 Dei
3308 2111 3563 2184 quisque
3598 2116 3678 2168 est
3698 2118 3784 2184 aut
3808 2111 3897 2166 dia-

2313 2185 2465 2241 boli:
2501 2201 2736 2256 semper
2765 2200 2913 2256 ergo
2935 2183 3089 2256 ﬁlius
3128 2190 3216 2238 est
3247 2200 3261 2248 ;
3295 2183 3433 2256 sed
3464 2183 3769 2256 aliquando
3811 2184 3893 2247 Dei,

2310 2254 2650 2327 aliquando
2665 2272 2803 2311 vero
2838 2254 3084 2310 'diaboli
3118 2270 3131 2307 :
3166 2254 3313 2326 quid
3342 2270 3485 2325 ergo
3538 2254 3812 2311 nascimur
3836 2270 3896 2308 re-

2308 2328 2669 2400 quirendum
2702 2332 2808 2382 est.

2382 2399 2591 2454 Domin
2604 2416 2671 2452 us
2688 2414 2824 2453 cum
2850 2395 2943 2451 ﬁlii
2966 2395 3316 2468 lsraelsaipe
3337 2395 3893 2468 delinquerentediucti

2309 2469 2381 2524 de
2406 2474 2678 2541 Egypto,
2710 2470 2893 2524 iratus
2909 2466 3265 2522 sententiam
3283 2468 3470 2533 dedit,
3490 2466 3701 2541 dicens,
3716 2466 3896 2521 nullum

2307 2540 2544 2596 illorum
2562 2540 2935 2596 intraturum
2958 2540 3015 2593 in
3035 2544 3248 2594 terram
3278 2540 3683 2610 promissionis
3703 2544 3896 2608 excepto

2308 2612 2487 2667 Caleb
2519 2620 2573 2667 et
2596 2615 2771 2667 Josue
2795 2610 2913 2666 ﬁlio
2929 2615 3101 2674 Nave,
3129 2612 3229 2681 qui
3248 2611 3412 2681 prius
3435 2610 3892 2681 Ausesdicebatur.

2308 2682 2419 2737 Eos
2448 2689 2648 2738 autem
2680 2684 2782 2754 qui
2814 2682 2937 2737 nati
2970 2680 3203 2736 fuerant
3228 2680 3576 2754 inideserto,
3604 2682 3751 2753 ipsos
3779 2680 3900 2754 dixit

2308 2754 2649 2819 intraturos,
2677 2751 2748 2809 eo
2772 2754 2935 2824 quod
2964 2754 3258 2807 nescirent
3279 2752 3523 2824 bonum
3568 2751 3663 2807 aut
3692 2751 3893 2806 malum.

2307 2826 2539 2880 Nescire
2569 2832 2768 2880 autem
2786 2823 3013 2879 bonum
3044 2830 3146 2879 aut
3171 2823 3426 2888 malum,
3446 2824 3901 2894 simplicitasque-

2307 2897 2450 2951 dam
2476 2904 2561 2951 est
2584 2896 2890 2967 naturalis,
2906 2912 3042 2967 quas
3057 2897 3346 2967 nequead
3368 2896 3596 2951 malum
3610 2895 3898 2967 eruditaest.

2308 2970 2437 3023 Haec
2469 2976 2559 3023 est
2586 2965 3079 3038 ignorantia—sine
3131 2965 3382 3038 malitia.
3420 2967 3557 3023 Sine
3587 2983 3751 3021 sensu
3778 2965 3899 3038 enini

2307 3032 2639 3095 nascimur?
2653 3039 2755 3112 sed
2770 3044 2981 3093 natura
2998 3043 3202 3112 nostra
3213 3036 3331 3112 hoc
3343 3039 3573 3112 bonum
3592 3032 3900 3112 habet,q_uo§i

2306 3126 2499 3182 capax
2530 3118 2614 3166 est
2645 3111 2911 3182 ediscere
2932 3110 3279 3182 veritatem.
3301 3110 3483 3165 Filius
3505 3116 3694 3182 autem
3721 3104 3899 3182 diaboli

2306 3177 2414 3247 est,
2442 3182 2544 3264 qui
2574 3187 2748 3263 natus
2777 3181 2947 3264 malis
2972 3181 3149 3264 rebus
3183 3181 3498 3264 imbuitur,
3529 3187 3590 3235 ut
3615 3181 3699 3235 his
3719 3177 3902 3264 studeai

2307 3269 2439 3326 qua:
2462 3250 2702 3326 inimica
2716 3262 2844 3326 sunl
2872 3252 3150 3326 Creatori,
3181 3251 3401 3326 multos
3421 3250 3846 3326 asserensdeos,
3864 3250 3903 3326 et

2306 3320 2397 3379 his
2418 3325 2856 3380 immolandum
2874 3323 3047 3395 quasi
3069 3323 3275 3378 mundi
3290 3324 3733 3395 rectoribus.Hic
3746 3320 3902 3375 siresi-

2305 3396 2517 3467 piscat,
2532 3396 2772 3468 etjuxta
2786 3394 3064 3468 naturam
3077 3396 3512 3468 suamsentiat,
3537 3394 3611 3450 ad
3626 3398 3900 3468 Creatorein

2311 3460 2373 3544 se
2396 3460 2734 3544 conferens,
2764 3467 2921 3521 ﬁlius
2951 3466 3049 3544 Dei
3079 3467 3206 3521 erit.
3241 3467 3320 3520 Ac
3356 3467 3604 3544 perhoc
3627 3460 3899 3544 nequeﬁiii

2310 3538 2409 3593 Dei
2440 3545 2579 3593 sunt
2604 3528 3087 3609 qui'nascuntur,
3146 3528 3477 3607 neque'ﬁlii
3525 3528 3754 3609 diaboli:
3785 3528 3898 3597 Quid

2307 3605 3153 3665 enimdicitSalvatorJudteis
3176 3608 3203 3663 ‘l
3237 3605 3334 3680 Vos
3356 3605 3780 3680 depatrediaibolo
3792 3608 3896 3663 estis,

2306 3688 2354 3735 et
2379 3681 3021 3752 concupiscentiaspatris
3041 3681 3209 3734 vestri
3241 3679 3409 3734 vultis
3435 3679 3620 3752 facere
3637 3679 3793 3749 (Joan.
3810 3690 3895 3749 vui,

2304 3753 2417 3823 44).
2448 3753 2621 3808 Vides
2655 3768 2795 3821 ergo
2808 3751 3089 3822 operibus
3114 3752 3573 3823 etprofessione
3594 3751 3897 3823 ﬁlios_crean

2305 3818 2527 3879 diaboli
2572 3841 2585 3879 :
2614 3818 2953 3878 hos'aut-em
2988 3838 3114 3895 esse
3144 3818 3295 3877 ﬁlios
3310 3823 3447 3895 Dei,
3481 3823 3583 3895 qui
3613 3818 3897 3877 conﬁtentes

2308 3897 2615 3965 proprium
2638 3897 2972 3967 esseDeum
3012 3894 3238 3967 Patrem
3264 3893 3517 3957 Christi,
3539 3900 3683 3947 recte
3714 3901 3896 3967 versan-

2309 3973 2419 4020 tur.
2447 3967 2538 4023 Sic
2571 3966 2729 4021 enim
2766 3966 2918 4019 Deus
2948 3965 3195 4019 instituit
3219 3979 3410 4032 genus
3439 3973 3717 4025 nostrum,
3739 3965 3895 4014 utsine

2306 4053 2483 4091 sensu
2519 4051 2855 4108 nascamur,
2889 4035 3345 4108 possibilitatem
3382 4042 3579 4092 tamen
3612 4034 3896 4108 habeamus

2304 4108 2598 4172 discendi,
2633 4110 2752 4162 sive
2785 4100 2966 4173 bona,
2993 4106 3117 4179 sive
3166 4106 3327 4163 mala
3366 4123 3380 4172 ;
3417 4114 3478 4162 ut
3514 4107 3621 4177 ipsi
3648 4100 3895 4179 nobisaut

2307 4178 2466 4235 mala
2497 4170 2907 4250 acquiramus,
2939 4170 3041 4232 aut
3066 4178 3229 4233 bona
3257 4195 3269 4232 :
3298 4170 3651 4255 ut’laatemur
3672 4170 3893 4255 innubis,

2305 4267 2440 4305 cum
2470 4244 2625 4306 recte
2655 4256 2899 4320 agentes
2933 4262 3394 4305 remuneramur
3420 4269 3436 4320 ;
3494 4255 3594 4305 aut
3639 4246 3741 4318 ipsi
3764 4244 3893 4299 nobis

2305 4322 2691 4392 imputemus,
2727 4321 2777 4375 si
2811 4336 2995 4391 prava
3027 4327 3343 4392 sequentes
3379 4320 3837 4392 condemnemur.

2377 4384 2447 4464 (a)
2480 4384 2783 4457 Dominus,
2811 4384 2949 4464 cum
3001 4384 3308 4464 filii-Israel
3355 4408 3515 4463 saepe
3546 4384 3890 4464 delinquerent

2302 4462 2495 4519 educti
2526 4465 2884 4535 deAﬁgypto,
2916 4463 3116 4527 iratus,
3144 4462 3701 4535 nullumillorumin
3724 4465 3889 4535 terram

2347 4528 2736 4590 romissionis'
2750 4528 2966 4589 intrare
2991 4534 3277 4604 permisit,
3294 4541 3546 4605 excepto
3560 4531 3722 4605 Caleb
3738 4528 3888 4605 etlesu

2347 4551 2723 4590 romisstonis
2750 4551 2966 4589 intrare
2991 4551 3546 4605 permisit,excepto
3560 4551 3887 4588 uaieneucsu

2302 4551 2664 4661 Ravel‘ilios
2680 4612 2875 4662 autem
2894 4621 3100 4659 eorum
3115 4605 3215 4675 qui
3232 4606 3350 4659 nati
3368 4603 3665 4661 fuerantin
3691 4600 3887 4675 deserto,

2300 4676 2463 4749 ipsos
2484 4677 2634 4733 dixit
2662 4677 3004 4749 intraturos,
3023 4692 3093 4749 eo
3111 4668 3271 4748 quod
3289 4680 3586 4749 nescirent
3606 4668 3887 4749 bonum}!!!

2303 4738 2552 4804 malum.
2573 4748 2802 4803 Nescire
2816 4738 3014 4802 autem
3030 4738 3257 4802 bonum
3276 4747 3366 4801 vel
3390 4748 3635 4812 malum,
3662 4738 3887 4812 simplici-

2302 4825 2395 4874 tas
2422 4820 2700 4893 quirdam
2726 4827 2809 4874 est
2836 4818 3139 4893 naturalis,
3157 4834 3292 4893 quae
3307 4834 3504 4893 neque
3518 4818 3590 4873 ad
3609 4817 3804 4893 bonum
3820 4821 3887 4893 se_-

2300 4907 2417 4962 que
2439 4890 2508 4946 ad
2543 4891 2769 4945 malum
2797 4890 3029 4945 erudita
3050 4897 3137 4962 est
3162 4890 3193 4942 εί
3208 4890 3322 4945 hoc
3342 4897 3452 4954 est,
3472 4890 3779 4962 ignorantia
3799 4890 3884 4962 sint

2302 4956 2547 5017 malitia.
2579 4962 2711 5016 Sine
2766 4977 2947 5016 sensu
3001 4961 3159 5016 enim
3212 4956 3536 5028 nascimur,
3590 4957 3687 5013 sed
3733 4956 3884 5009 nostra

2301 5040 2518 5088 natura
2549 5049 2738 5102 capax
2766 5038 2853 5087 est
2879 5032 3139 5087 ediscere
3173 5033 3500 5086 veritatem.
3534 5030 3697 5086 Filius
3733 5029 3883 5098 anteit}!

2301 5105 2525 5160 diaboli
2557 5112 2661 5169 est,
2695 5104 2797 5174 qui
2842 5108 3017 5159 natus
3078 5102 3248 5157 malis
3303 5103 3483 5157 rebus
3529 5102 3883 5174 imbutus,_‘u§‘

2303 5177 2499 5230 studet
2518 5163 2742 5247 quaead
2754 5191 2954 5248 versus
2973 5176 3305 5248 Creatorem
3322 5178 3491 5248 sunt,
3510 5163 3884 5248 dicenstnulfi)s

2299 5262 2429 5301 esse
2462 5238 2627 5311 deos,
2655 5253 2709 5301 et
2737 5247 2805 5300 iis
2837 5245 3296 5301 sacriﬁcandum
3320 5245 3492 5316 quasi
3525 5240 3716 5299 mundi
3739 5238 3883 5314 reclO'

2299 5320 2481 5373 ribus.
2518 5319 2617 5372 Hic
2639 5318 2684 5371 si
2704 5318 3031 5387 resipiscat,
3060 5317 3133 5371 ad
3168 5316 3496 5372 naturalem
3513 5318 3884 5387 regres§u§l"5f

2300 5391 2510 5454 titiam,
2536 5382 2835 5458 recipiens
2865 5388 3041 5441 ﬁdem
3098 5387 3329 5449 Christi,
3371 5388 3481 5442 erit
3510 5385 3658 5441 ﬁlius
3688 5382 3802 5434 Dei:
3828 5386 3880 5458 ac

2298 5477 2414 5533 per
2438 5461 2550 5533 hoc
2589 5455 2783 5533 neque
2812 5460 2910 5533 lilii
2944 5460 3041 5533 D_e_i
3067 5458 3338 5533 suntqui
3373 5461 3703 5533 nascuntur;
3732 5455 3880 5533 ρςφις

2298 5511 2546 5587 ὃῖεώόἱίξ
2579 5511 2920 5596 causam
2946 5511 3651 5585 uiarsuiuor‘mdsis
3678 5511 3703 5577 ‘P
3739 5511 3879 5575 Voide

2360 5621 2433 5683 (a)
2462 5619 2691 5684 Quaestio
2727 5617 2914 5684 eadem
2973 5632 3038 5684 e_x
3097 5616 3220 5667 Mss.
3279 5616 3497 5684 secundi
3530 5612 3740 5684 generis,
3775 5606 3881 5654 ἰηιετ

2302 5678 2426 5747 post
2450 5678 2697 5747 vulgatae
2722 5694 2786 5731 ex
2816 5681 2965 5733 Novo
2993 5681 3134 5732 Test.
3171 5678 3578 5747 quadrageslma
3599 5678 3770 5741 prima.
