4120 6202
202 186 346 247 2277

191 320 361 385 patre
390 313 599 369 diabolo
618 316 741 369 nati
761 314 904 380 estis,
936 319 985 368 et
1001 311 1456 384 concupiscenti'as
1483 314 1659 383 patris
1689 314 1851 368 vestri

196 386 574 457 vultis/acere.
599 386 771 440 Vides
795 400 934 451 ergo
951 385 1232 457 operibus
1245 391 1300 441 et
1316 386 1682 457 professione
1701 386 1853 441 tilios

195 455 422 511 diaboli
448 456 763 526 procreari.
818 457 909 512 Sic
959 455 1117 512 enim
1164 455 1328 511 Deus
1362 456 1614 511 instituit
1666 471 1854 525 genus

198 531 475 582 nostrum
510 530 711 582 utsine
730 528 1070 587 sensunati.
1097 530 1617 599 possimustamen
1632 528 1853 582 erudiri

194 599 275 655 ad
305 604 643 669 utrumque,
671 600 871 653 utsive
889 599 964 653 ad
994 598 1243 665 bonum,
1265 602 1389 653 sive
1405 599 1482 653 ad
1500 598 1848 669 malumipsi

199 671 379 725 nobis
406 669 864 739 quodammodo
890 670 1081 725 simus
1128 675 1403 725 auctores
1434 688 1449 723 :
1493 676 1555 723 ut
1585 669 1853 725 laetemur

193 742 258 796 in
278 741 470 805 nobis,
486 756 621 795 cum
640 748 793 797 recte
807 749 1048 809 agentes
1066 758 1186 797 rem
1199 757 1515 796 uneramur
1533 757 1544 803 ;
1565 753 1667 795 aut
1683 741 1853 796 nobis

194 813 565 883 imputemus
582 812 630 865 si
656 828 843 883 prava
871 820 1183 883 sequentes
1206 813 1397 882 pmnis
1427 811 1849 881 subjiciamur:

194 883 335 939 ideo
362 883 588 952 judicio
612 889 817 938 nostro
834 899 939 937 nos
963 886 1209 949 dimisit,
1238 891 1504 954 utneque
1528 899 1854 954 queramur

193 955 274 1010 de
303 954 493 1019 malis,
522 970 715 1025 nequc
740 955 975 1019 frustra,
1005 956 1220 1010 sicutet
1241 957 1338 1009 Dei
1362 955 1514 1009 ﬁlios
1542 970 1644 1025 per
1672 956 1851 1009 fidem

193 1025 348 1091 fieri,
372 1025 444 1080 de
464 1026 637 1081 nobis
661 1025 1032 1095 gaudeamus
1063 1027 1111 1081 si
1142 1042 1519 1081 coronemur.
1547 1027 1853 1080 Deuscon-

192 1100 354 1153 ditor
378 1104 431 1151 et
453 1101 661 1151 auctor
688 1097 1035 1151 substantia:
1053 1104 1265 1152 nostra:
1292 1098 1470 1151 voluit
1495 1097 1721 1168 aliquid
1745 1112 1854 1151 nos

190 1169 510 1249 proprium
561 1174 829 1249 iiOstrum
855 1169 1096 1249 habere,
1134 1175 1195 1249 iit
1227 1184 1345 1249 non
1374 1168 1615 1249 indigne
1644 1168 1852 1235 glorie-

194 1239 421 1295 inurde
436 1240 761 1310 tide,quam
780 1239 1142 1294 habemusin
1159 1240 1411 1303 Deo.0ui
1428 1239 1585 1293 enim
1601 1245 1852 1310 potesta-

193 1313 272 1365 tis
303 1328 423 1365 suae
458 1327 574 1366 non
605 1317 705 1375 est,
728 1310 1331 1380 quidquidhabuerit,
1354 1310 1616 1364 alienum
1646 1316 1769 1375 est;
1794 1316 1854 1364 ut

193 1382 587 1508 necl‘gloriari
622 1384 805 1454 possit
834 1381 907 1436 de
933 1382 1117 1447 bonis,
1156 1397 1262 1436 nec
1310 1397 1444 1436 reus
1472 1383 1747 1436 constitui
1780 1385 1854 1435 de

194 1470 302 1508 ma
331 1471 398 1507 is.

194 1470 398 1509 matis.

278 1526 488 1581 LXXXI.
526 1555 591 1563 -—
621 1521 938 1592 Apostolus
956 1523 1055 1588 ait,
1082 1524 1192 1579 Nos
1209 1529 1413 1577 natura
1435 1522 1618 1578 λιιάωί
1646 1522 1851 1591 (Galat.

191 1612 260 1661 ii,
288 1596 375 1666 15)
410 1612 421 1649 :
456 1596 528 1649 de
553 1596 772 1649 Judaeis
805 1610 946 1663 ergo
971 1594 1129 1649 nasci
1159 1595 1396 1666 Iudaeos
1423 1594 1684 1649 ostendit
1706 1608 1716 1646 :
1737 1610 1855 1649 non

191 1668 275 1722 de
310 1664 620 1737 prOSelytis
650 1666 806 1729 dico,
836 1682 989 1737 quos
1015 1670 1249 1720 constat
1280 1664 1404 1720 ﬁeri
1448 1666 1714 1720 Judaeos.
1752 1667 1856 1719 De-

195 1740 385 1809 nique
413 1739 597 1809 quiin
620 1753 821 1809 eremo
850 1737 967 1791 nati
1002 1744 1159 1801 sunt,
1194 1752 1311 1791 non
1332 1743 1469 1809 sunt
1499 1737 1851 1809 circumcisi,

192 1817 255 1865 et
288 1807 490 1864 tamen
532 1807 721 1862 Judaei
767 1814 954 1863 erant.
990 1810 1115 1862 Non
1165 1823 1306 1871 ergo
1352 1808 1729 1862 circumcisio
1760 1809 1855 1862 Ju-

192 1882 404 1935 daeum
434 1879 569 1934 facit
598 1879 737 1943 ;sed
769 1879 1045 1934 nativitas
1080 1879 1191 1933 sub
1232 1879 1329 1932 Dei
1363 1878 1652 1934 Creatoris
1677 1880 1857 1933 devo-

194 1953 362 2008 tione
393 1952 726 2022 progenita.
757 1950 813 2022 Si
840 1966 992 2022 ergo
1015 1950 1088 2004 de
1133 1950 1351 2005 Judaeis
1381 1950 1563 2005 Judaei
1598 1966 1829 2006 nascun

194 2028 317 2087 tur,
347 2020 532 2093 quare
586 2036 703 2075 non
735 2021 913 2093 etiam
962 2021 1036 2075 de
1087 2022 1428 2076 Christianis
1482 2020 1857 2078 Christiani?

194 2110 346 2150 nam
370 2091 528 2148 etde
568 2091 818 2162 Paganis
848 2092 1068 2161 Pagani
1098 2099 1443 2147 nascuntur.

275 2168 402 2221 Non
424 2179 603 2220 omne
632 2165 796 2236 quod
825 2165 1107 2228 nascitur,
1142 2164 1254 2219 hoc
1286 2170 1341 2219 et
1374 2162 1531 2218 unde
1570 2164 1852 2218 nascitur.

198 2239 356 2292 Nam
375 2242 429 2291 et
460 2235 670 2291 aurum
689 2236 763 2289 de
790 2242 941 2290 terra
966 2235 1253 2303 nascitur,
1274 2241 1328 2289 et
1352 2251 1467 2290 non
1485 2240 1682 2289 tamen
1704 2241 1856 2289 terra

197 2314 292 2362 est
322 2325 337 2376 ;
364 2311 419 2363 et
450 2322 703 2376 gemmae
730 2312 788 2361 et
818 2306 932 2361 alia
959 2307 1181 2364 multa:
1212 2316 1267 2361 et
1293 2306 1365 2360 de
1398 2306 1560 2375 ligno
1587 2321 1724 2360 esca
1754 2322 1854 2360 iia-

197 2380 407 2444 scitur,
432 2386 488 2433 et
512 2379 584 2432 de
598 2393 709 2433 ovo
724 2377 942 2449 pullus.
960 2378 1037 2431 De
1062 2378 1311 2446 Paganis
1326 2384 1524 2432 autem
1546 2384 1605 2431 ut
1630 2376 1857 2449 Pagani

196 2455 529 2530 nascantur
560 2449 686 2504 haec
714 2449 852 2528 facit
878 2465 1091 2530 causa:
1122 2450 1262 2530 quia
1279 2449 1436 2530 enim
1453 2449 1649 2502 omnis
1672 2464 1859 2529 paga-

198 2538 322 2576 nus
355 2522 411 2576 in
445 2520 781 2591 ignorantia
828 2525 933 2583 est,
967 2526 1021 2575 et
1059 2520 1160 2591 qui
1210 2521 1485 2591 nascitur
1510 2536 1584 2573 ex
1633 2536 1701 2574 eo
1733 2522 1857 2574 sine

200 2608 387 2648 sensu
426 2590 531 2657 est,
564 2593 746 2648 ambo
768 2590 1109 2660 ignorantes
1141 2598 1295 2645 sunt.
1333 2590 1446 2646 Sed
1479 2590 1590 2645 hoc
1617 2590 1859 2645 interest

200 2664 358 2719 inter
388 2671 730 2735 utrumque,
758 2662 900 2735 quia
924 2662 1025 2735 qui
1050 2668 1311 2735 generat,
1334 2662 1458 2735 sine
1487 2660 1673 2715 dubio
1700 2661 1857 2716 blas-

200 2735 464 2807 phemus
491 2740 595 2799 est,
612 2732 697 2789 ‘ac
720 2732 822 2807 per
853 2732 967 2807 hoc
986 2734 1146 2807 titius
1168 2732 1389 2807 diaboli
1416 2738 1501 2787 est
1526 2748 1536 2785 ε
1558 2740 1729 2807 natus
1751 2749 1860 2788 au-

200 2804 325 2863 tem
360 2806 556 2861 infans
589 2806 774 2861 nescit
804 2804 1248 2875 blasphemare,
1280 2804 1427 2859 sicut
1462 2805 1646 2858 nescit
1678 2804 1860 2858 bene-

199 2878 403 2932 dicere
432 2899 443 2941 ;
478 2892 751 2948 paganus
777 2884 976 2948 tamen
1004 2882 1109 2948 est,
1142 2877 1284 2946 quia
1306 2876 1430 2948 sine
1452 2892 1628 2929 sensu
1643 2882 1745 2930 est.
1782 2876 1858 2948 De

200 2949 412 3004 Judmo
438 2946 638 3003 autem
688 2948 908 3001 idcirco
956 2947 1197 3001 Judaeus
1230 2946 1514 3011 nascitur,
1548 2948 1690 3016 quia
1744 2947 1859 3000 sub

202 3019 499 3075 Creatoris
520 3019 836 3073 devotione
859 3024 1194 3087 generatur.
1226 3019 1383 3073 Sicut
1406 3017 1551 3071 dixit
1580 3017 1762 3071 Adam
1786 3017 1859 3071 de

202 3093 367 3154 Cain,
404 3090 697 3145 Procreavi
726 3090 989 3144 hominem
1018 3088 1470 3159 perDeum(Gen.
1492 3104 1570 3152 iv,
1591 3089 1665 3158 1).
1702 3089 1863 3142 Sicut

198 3165 361 3219 enim
389 3164 607 3231 Pagani
662 3162 925 3217 indevoli
960 3162 1240 3225 Creatori,
1290 3161 1604 3214 diemoniis
1636 3160 1861 3225 gratias

202 3238 395 3305 agunt
415 3234 471 3288 in
487 3232 773 3305 omnibus
787 3250 922 3304 qua:
950 3237 1165 3305 agunt;
1185 3233 1261 3286 ita
1277 3238 1332 3286 et
1353 3231 1540 3305 Judaei
1566 3232 1680 3285 Deo
1696 3232 1863 3305 Crea-

203 3302 317 3361 tdri
350 3302 932 3377 supplices,laudant
960 3320 1095 3358 eum
1122 3304 1179 3357 in
1202 3302 1537 3377 omniactu
1562 3318 1689 3371 suo,
1717 3302 1774 3356 in
1794 3316 1864 3356 eo

203 3374 580 3449 despiciendi
593 3376 733 3449 quia
750 3392 867 3449 non
882 3381 1247 3449 cognoscunt
1264 3374 1865 3449 Christum,perquem

209 3445 351 3504 sunt
383 3445 627 3503 omnia.‘
648 3448 761 3501 Hoc
794 3445 1865 3503 etiammododeJudteoJudaausna-

210 3521 421 3576 scitur.
450 3522 576 3575 Non
600 3519 758 3574 enim
787 3518 940 3573 sicut
960 3517 1743 3590 quibusdamvidetiir,quia
1765 3516 1871 3571 cir-

208 3592 500 3648 cumcisio
534 3591 667 3646 facit
691 3588 996 3644 Judaeum:
1026 3588 1409 3643 Circumcisio
1438 3588 1596 3643 enim
1629 3590 1867 3658 signum

210 3662 503 3719 Judaismi
524 3668 630 3720 est.
652 3660 1135 3716 nonJudaismus
1158 3662 1326 3731 :quia
1350 3676 1467 3714 non
1494 3660 1744 3713 Abrahae
1764 3659 1872 3713 cir-

210 3733 744 3804 cumcisiojustitia
767 3739 877 3796 est,
907 3732 1009 3785 sed
1039 3732 1558 3804 signumjustitiae,
1579 3731 1775 3804 utnati
1801 3745 1871 3783 ex

211 3802 784 3874 Abraham‘signum
818 3804 1125 3867 haberent,
1161 3819 1259 3873 per
1289 3802 1451 3873 quod
1479 3802 1873 3874 probarentur

212 3877 315 3931 filii
349 3892 484 3931 esse
515 3872 768 3930 Abrahae
804 3894 815 3932 :
849 3874 1067 3946 quippe
1087 3872 1220 3927 cum
1254 3889 1322 3927 ex
1354 3874 1503 3946 Juda
1534 3872 1873 3946 Machabaeo

212 3949 329 4003 hoc
362 3948 605 4002 nomine
637 3947 757 3999 sint
793 3944 1096 4016 appellati,
1134 3952 1195 3998 ut
1223 3960 1340 4016 non
1376 3944 1569 3998 solum
1604 3960 1671 3998 ex
1696 3945 1870 4007 Juda,

214 4020 319 4075 sed
344 4024 401 4073 et
426 4018 619 4073 caeteri
635 4033 705 4071 ex
724 4015 1006 4071 omnibus
1026 4016 1159 4069 tiliis
1176 4015 1376 4084 Jacob,
1394 4016 1579 4069 Judaei
1597 4030 1872 4069 vocaren-

214 4098 330 4152 tur,
362 4094 669 4160 propterea
695 4088 861 4159 quod
888 4087 1073 4160 Judas
1105 4086 1225 4140 dux
1280 4086 1450 4160 fuerit
1483 4088 1585 4160 eis.
1617 4086 1875 4160 Ideoque

217 4162 341 4216 nati
366 4156 557 4215 Iudaei
585 4156 821 4229 signum
838 4159 1158 4225 accipiunt,
1194 4163 1251 4212 ut
1274 4156 1876 4229 quisuntintelligan-

216 4238 335 4287 tur.
373 4235 448 4287 De
490 4230 826 4287 Christiano
854 4234 1051 4284 autem
1081 4229 1211 4283 ideo
1239 4245 1359 4284 non
1391 4230 1653 4283 nascitur
1684 4229 1873 4283 Chris-

219 4304 438 4368 tianus,
459 4304 745 4373 quiaipse
775 4302 878 4369 qui
903 4300 1651 4373 generat.nongnatus,sed
1682 4299 1876 4355 factus

218 4381 309 4431 est
346 4371 731 4429 Christianus.
785 4371 1187 4438 Quamobrem
1219 4376 1274 4426 ct
1314 4371 1423 4425 iste
1452 4371 1552 4441 qui
1596 4372 1875 4434 nascitur,

221 4446 348 4501 fieri
378 4450 631 4517 oportet,
658 4450 717 4517 ut
741 4444 832 4517 sit.
865 4446 978 4499 Nec
1000 4443 1157 4517 enim
1183 4459 1285 4513 per
1315 4442 1875 4517 substantiamnas-

219 4518 396 4580 citur,
422 4513 529 4571 sed
560 4532 665 4587 per
694 4515 875 4570 ﬁdem
908 4530 1042 4586 quia
1077 4514 1205 4587 jam
1249 4515 1403 4587 natis
1435 4515 1681 4569 accedit.
1712 4513 1879 4581 Igno-

223 4589 422 4644 rantia
449 4585 606 4642 enim
641 4603 777 4641 cum
792 4585 970 4641 carne
994 4586 1280 4649 nascitur,
1298 4585 1654 4639 ﬁdesautem
1676 4590 1881 4655 postea

224 4658 773 4731 spiritualiratione
801 4658 1099 4731 inseritur.
1128 4656 1241 4731 Sed
1273 4656 1489 4731 dicitur
1507 4674 1543 4731 e_
1567 4663 1792 4731 contra,
1824 4656 1878 4711 Si

225 4728 424 4787 factus
458 4730 659 4801 utique
691 4728 902 4799 estqui
932 4734 1195 4793 generat,
1226 4728 1483 4801 hocjam
1511 4728 1884 4801 debetgene-

219 4818 357 4859 rare
388 4798 711 4873 quod‘ipse
738 4798 845 4865 est,
872 4804 935 4855 ut
972 4803 1220 4870 accepta
1272 4798 1528 4867 dignitas
1568 4799 1879 4873 traducem

222 4871 463 4930 faceret.
491 4871 636 4928 Nam
669 4878 968 4927 senatores
993 4876 1280 4935 generant
1310 4876 1629 4935 senatores,
1663 4871 1773 4924 Sed
1792 4886 1881 4924 se-

223 4950 508 5001 natorum
534 4944 791 5009 dignitas
811 4959 929 4998 non
963 4941 1143 4996 habet
1171 4942 1331 5009 apud
1365 4945 1548 4995 Deum
1583 4942 1879 4995 meritum.

221 5020 425 5097 Neque
448 5017 579 5097 ipsa
611 5021 845 5097 natura,
878 5014 991 5097 hqc
1023 5018 1110 5097 est
1137 5013 1469 5097 substantia
1496 5013 1883 5097 consequitur

222 5084 610 5151 beneﬁcium,
646 5086 748 5140 sed
782 5086 839 5140 in
875 5084 999 5139 sola
1034 5084 1190 5138 fama
1232 5089 1288 5137 et
1318 5098 1591 5138 sermone
1622 5084 1882 5151 dignitas

224 5160 493 5215 vertitur.
522 5164 602 5213 Ac
625 5157 859 5229 perhoc
880 5155 1319 5229 curritquidem
1349 5170 1544 5209 sermo
1558 5171 1662 5225 per
1686 5155 1882 5229 tradu-

228 5248 357 5287 cem
394 5226 753 5293 carnisfsed
788 5227 933 5282 nihil
965 5226 1125 5281 aliud
1153 5232 1414 5296 praestat,
1444 5242 1627 5296 quam
1654 5226 1883 5295 opinio-

226 5319 368 5357 nem
402 5301 707 5364 dignitatis
746 5299 937 5353 :sicut
965 5301 1022 5352 et
1050 5298 1110 5351 hi
1141 5299 1241 5368 qui
1276 5298 1549 5352 consules
1580 5304 1739 5361 sunt,
1782 5301 1884 5351 aut

230 5374 442 5429 statuis
466 5371 882 5435 honestantur,
900 5370 1230 5439 gaiidentin
1248 5385 1419 5423 vano.
1449 5369 1757 5423 Christiani
1782 5384 1885 5422 au-

231 5452 350 5501 tem
387 5460 523 5499 cum
554 5442 721 5505 ﬁunt,
765 5442 877 5512 ipsi
932 5448 1156 5496 naturae
1216 5439 1441 5512 accedit
1502 5440 1885 5512 dignitas,g_ut

228 5517 485 5571 essentia
500 5517 629 5584 ipsa
655 5510 914 5568 hominis
931 5520 1217 5567 aeternum
1235 5511 1449 5584 habeat
1474 5510 1886 5584 incorruptibi-

229 5588 412 5643 litatis
430 5580 785 5641 beneﬁcium
806 5589 997 5638 utnon
1018 5583 1220 5655 opinio
1243 5583 1389 5655 sola,
1411 5583 1515 5655 sed
1540 5587 1596 5637 et
1620 5580 1885 5655 ressitin

230 5658 444 5714 effectu
478 5657 639 5727 apud
678 5657 883 5711 Deum.
916 5653 1162 5727 Tale‘est
1192 5654 1444 5719 utistud,
1475 5653 1519 5707 si
1542 5656 1677 5725 quis
1702 5653 1888 5727 diser-

233 5736 327 5787 tus
366 5725 599 5804 pauper
622 5727 682 5784 in
713 5727 890 5784 laude
921 5726 994 5783 sit
1031 5731 1086 5783 et
1116 5730 1286 5797 egeat
1310 5742 1486 5799 pane,
1513 5730 1619 5782 aut
1647 5725 1886 5800 reliquis

1724 182 2115 247 APPENDIX.

3477 192 3618 252 2278
3678 232 3681 235 λ

1963 313 2334 392 necessariis._
2364 317 2493 392 Haec
2526 315 2686 392 enim
2716 331 2855 372 vera
2879 314 3007 392 laus
3035 326 3142 385 est,
3185 319 3231 373 si
3262 320 3345 375 sic
3374 320 3455 376 illi
3479 336 3616 392 pro-

1964 386 2120 440 ficiat
2154 388 2401 457 quaesita
2431 386 2711 457 dignitas,
2749 394 2809 444 ut
2836 389 3053 443 nullius
3085 396 3289 458 egeat;
3323 386 3615 450 dum-hoc

1964 464 2187 531 natura:
2213 458 2341 531 ejus
2364 465 2695 531 priestatur,
2720 464 2777 531 ut
2808 475 2912 531 per
2935 476 2996 515 se
3028 462 3159 531 ipsa
3182 462 3359 529 vivat,
3386 468 3441 516 et
3463 465 3617 521 bene

1964 528 2125 583 vivat
2148 530 2309 583 nullo
2336 530 2620 599 requisito
2649 528 2936 599 suﬂ'ragio
2975 528 3140 589 :.hoc
3165 537 3269 597 est,
3306 528 3436 588 vere
3468 535 3618 590 divi-

1967 605 2082 655 tem
2117 599 2241 654 ﬁeri
2271 605 2326 654 et
2361 600 2717 670 gloriosum.

2036 672 2123 745 (α)
2147 674 2270 725 Non
2288 686 2478 745 omne
2509 672 2671 743 quod
2708 671 2985 734 nascitur.
3009 672 3118 727 hoc
3150 681 3237 729 est
3263 675 3427 745 quod
3456 676 3616 732 unde

1962 744 2247 797 nascitur.
2283 744 2427 796 Nam
2464 749 2518 797 et
2544 760 2788 809 aurum,
2823 750 2931 809 etc,
2969 744 3242 808 Paganus
3274 744 3475 802 tamen
3506 754 3616 813 est,

1963 818 2108 882 quia
2138 814 2264 867 sine
2298 830 2478 868 sensu
2513 821 2621 876 est,
2650 830 2843 885 neque
2883 831 3061 869 suum
3082 816 3312 871 habens
3338 820 3617 875 meritum

1964 900 2157 955 neque
2185 885 2445 939 alterius.
2500 885 2575 939 De
2606 886 2813 939 .ludaao
2871 893 3072 940 autem
3118 888 3339 943 idcirco
3378 889 3620 945 Judaeus

1962 956 2243 1033 nascitur,
2276 962 2385 1018 etc,
2416 957 2528 1033 Sed
2561 956 2776 1033 dicitur
2806 973 2836 1010 e
2859 966 3081 1011 contra.
3118 959 3173 1013 Si
3196 959 3384 1033 factus
3413 960 3617 1033 utique

1962 1026 2183 1102 estqui
2212 1032 2475 1095 generat,
2500 1026 2622 1102 _hoc
2655 1028 2832 1082 debet
2862 1044 3146 1102 generare
3168 1031 3331 1101 quod
3363 1031 3489 1102 ipse
3505 1026 3615 1097 est,

1964 1097 2170 1169 utjam
2196 1104 2442 1168 accepta
2479 1098 2739 1169 dignitas
2770 1102 3074 1154 traducem
3111 1097 3288 1156 faciat
3335 1118 3345 1156 :
3383 1097 3533 1158 sicut
3560 1108 3616 1158 et

1963 1168 2022 1240 in
2047 1168 2289 1231 Judaeis,
2327 1170 2472 1239 quia
2521 1168 2824 1224 Abraham
2876 1171 2949 1224 de
2981 1185 3240 1240 pagano,
3283 1174 3379 1227 Dei
3429 1174 3619 1229 cultor

1966 1238 2156 1293 factus
2180 1243 2286 1303 est,
2320 1238 2374 1293 et
2414 1257 2484 1294 ex
2512 1257 2581 1295 eo
2615 1241 2782 1309 origo
2812 1238 3153 1297 Judaeorum
3182 1260 3195 1307 ;
3226 1244 3375 1298 sicut
3405 1252 3460 1299 et
3483 1244 3619 1301 facti

1963 1316 2288 1374 senatores,
2312 1312 2438 1380 jam
2464 1319 2764 1365 senatores
2798 1322 3105 1381 generant.
3131 1314 3241 1369 Sed
3274 1323 3618 1371 senatorum

1963 1381 2222 1458 dignitas
2249 1398 2369 1435 non
2402 1382 2586 1458 apud
2626 1386 2807 1458 Deum
2872 1385 3147 1458 meritum
3194 1385 3400 1458 habet,
3422 1402 3617 1458 neque

1965 1454 2093 1523 ipsa
2125 1461 2358 1515 natura,
2398 1453 2456 1507 id
2480 1460 2564 1508 est
2592 1453 2927 1508 substantia
2958 1457 3347 1524 consequitur
3388 1453 3621 1513 benéti-

1964 1526 2120 1578 cium
2154 1546 2164 1588 ;
2200 1525 2304 1577 sed
2338 1526 2395 1577 in
2427 1524 2554 1579 sola
2579 1524 2739 1579 fama
2770 1532 2825 1579 et
2852 1541 3128 1579 sermone
3155 1527 3415 1595 dignitas
3449 1529 3619 1583 verti-

1965 1601 2057 1667 tur
2092 1611 2197 1659 ;ac
2230 1611 2332 1665 per
2360 1595 2474 1649 hoc
2498 1596 2677 1649 currit
2701 1612 2896 1650 sermo
2924 1613 3027 1667 per
3062 1597 3365 1651 traducem
3399 1600 3616 1663 carnis,

1966 1666 2109 1721 nihil
2140 1668 2302 1720 aliud
2334 1673 2644 1737 praestans,
2675 1682 2860 1738 quam
2914 1666 3260 1737 Opinionem
3295 1669 3619 1725 mundanas

1964 1738 2288 1808 dignitatis.
2324 1740 2517 1803 Quare
2540 1738 3305 1793 autemdeJudaeoJudieus
3337 1743 3617 1805 nascitur,

1956 1810 2088 1879 jam
2116 1810 2343 1863 dictum
2372 1814 2457 1863 est
2486 1809 2881 1863 :Christianus
2898 1815 3095 1863 autem
3114 1826 3249 1864 cum
3265 1811 3619 1880 bonidigni-

1965 1888 2051 1935 tas
2083 1888 2310 1934 naturae
2342 1880 2453 1953 ipsi
2479 1880 2728 1942 accedit,
2752 1888 2814 1934 ut
2845 1881 3181 1936 substantia
3208 1882 3467 1936 hominis
3500 1897 3623 1953 qua

1964 1958 2193 2005 constat
2224 1951 2582 2023 beneficium
2601 1957 3022 2022 consequatur,
3043 1957 3240 2007 utnon
3253 1954 3457 2023 opinio
3471 1951 3619 2018 sola,

1964 2023 2069 2077 sed
2097 2029 2150 2077 et
2178 2038 2267 2095 res
2284 2023 2355 2076 sit
2379 2024 2436 2075 in
2463 2020 2672 2077 eﬂ‘cctu
2689 2020 2851 2093 apud
2866 2024 3071 2095 Deum.
3096 2020 3358 2095 Denique
3376 2031 3624 2095 accepta

1964 2094 2311 2148 remissione
2339 2099 2740 2164 peccatorum,
2758 2094 3107 2164 purificatur
3134 2094 3288 2149 totus
3316 2094 3624 2161 homo,ita

1964 2170 2027 2219 ut
2052 2171 2108 2220 et
2138 2165 2295 2219 filius
2327 2180 2362 2218 a
2389 2165 2517 2236 Deo
2566 2164 2905 2236 adoptetur.
2966 2167 3373 2230 Quamobrem
3406 2182 3622 2222 omnes

1964 2242 2136 2291 natos
2164 2235 2398 2291 renasci
2423 2243 2683 2306 oportet,
2715 2236 2857 2306 quia
2874 2236 3285 2295 misericordia
3305 2237 3405 2292 Dei
3424 2238 3626 2306 singu-

1965 2307 2035 2362 lis
2074 2308 2258 2389 douat
2296 2308 2565 2387 gratiam.
2630 2310 2743 2390 Nec
2792 2309 2952 2386 enim
3004 2307 3151 2387 alter
3208 2308 3372 2364 alteri
3434 2313 3625 2390 potest

1966 2379 2377 2450 remissionem
2405 2379 2692 2449 accipere.
2710 2378 2924 2433 Anima
2952 2380 3106 2432 enim
3124 2395 3259 2450 quae
3284 2378 3618 2434 nasciturin

1965 2466 2231 2521 corpore.
2253 2449 2344 2504 vel
2370 2466 2505 2504 cum
2522 2466 2789 2520 corpore,
2810 2450 3051 2505 subdita
3068 2449 3239 2505 morti
3268 2452 3515 2505 inventas
3544 2451 3622 2506 ab

1965 2522 2178 2585 Adam,
2209 2521 2593 2592 nisigsignum
2622 2522 2913 2592 acceperit
2943 2523 3146 2576 evictaa
3176 2523 3403 2591 mortis,
3438 2526 3623 2577 tarta-

1964 2608 2099 2647 rum
2130 2590 2342 2645 inferni
2376 2608 2494 2646 non
2543 2590 2781 2646 evadit.’
2824 2592 3243 2663 Unusquisque
3302 2590 3466 2648 enim
3508 2592 3623 2648 sibi

1966 2664 2198 2733 accepit
2229 2663 2609 2729 beneﬁcium,
2646 2679 2760 2717 non
2809 2667 2867 2717 et
2893 2664 2942 2717 ei
2982 2664 3083 2732 qui
3123 2663 3393 2719 nondum
3421 2669 3528 2719 est.
3570 2664 3627 2720 Si

1966 2735 2125 2788 enim
2144 2734 2333 2805 factus
2353 2733 2720 2793 Christianus
2746 2734 3097 2788 immortalis
3116 2735 3244 2805 jam
3272 2741 3449 2798 esset,
3472 2740 3626 2791 recte

1968 2810 2144 2878 natus
2165 2805 2240 2878 de
2272 2804 2369 2878 illo
2402 2805 2514 2859 hoc
2548 2812 2729 2878 esset
2757 2804 2919 2876 quod
2955 2813 3008 2878 et
3042 2804 3289 2875 genitor.
3343 2809 3489 2861 Nam
3522 2807 3626 2878 qui

1968 2877 2113 2931 ﬁunt
2146 2877 2477 2940 Christiani,
2513 2876 2751 2944 signum
2784 2876 3107 2947 accipiunt,
3151 2893 3223 2931 ne
3250 2894 3285 2931 a
3314 2883 3501 2932 morte
3533 2876 3627 2932 se-

1968 2947 2169 3002 cunda
2199 2953 2509 3020 teneantur
2545 2962 2555 3001 :
2588 2963 2706 3001 non
2737 2954 2935 3020 tamen
2980 2956 3223 3003 mortem
3247 2955 3624 3020 praesentem,

1968 3034 2151 3089 quam
2179 3018 2366 3090 Adam
2390 3019 2632 3083 invenit,
2666 3018 2954 3073 evadunt.
2982 3018 3471 3075 Infantes'autem
3493 3036 3631 3090 pro-

1968 3088 2172 3159 pterea
2202 3088 2602 3159 baptizantur,
2632 3105 2771 3143 cum
2811 3091 2927 3143 sint
2956 3090 3322 3157 innocentes,
3347 3088 3629 3147 utanima

1968 3158 2131 3215 rudis
2163 3164 2302 3214 nata
2325 3158 2384 3212 in
2417 3174 2688 3229 corpore,
2723 3160 2963 3227 signum
3000 3160 3213 3217 habeat
3245 3162 3461 3217 mortis
3502 3161 3628 3217 evi-

1970 3236 2095 3296 ctaa,
2133 3245 2206 3285 ne
2231 3230 2419 3299 possit
2448 3234 2526 3284 ab
2557 3245 2626 3285 ea
2660 3229 2864 3284 teneri.
2902 3230 3022 3284 Hoc
3054 3232 3292 3299 signum
3324 3233 3629 3288 Abraham

1973 3318 2092 3357 non
2118 3301 2329 3373 habuit
2361 3318 2373 3355 :
2409 3316 2603 3372 neque
2655 3302 2978 3372 Prophetas,
3035 3304 3178 3373 quia
3230 3307 3466 3372 tempus
3497 3304 3627 3358 illos

1972 3389 2092 3429 non
2119 3372 2770 3441 invenit;reservatum
2816 3372 3131 3445 estautein
3180 3374 3316 3428 Filio
3359 3374 3478 3441 Dei,
3525 3373 3629 3445 qui

1973 3446 2217 3500 veniens
2248 3447 2506 3499 vinceret
2534 3451 2807 3507 mortem,
2836 3454 2891 3499 et
2915 3443 3071 3499 hanc
3098 3446 3347 3513 gratiam
3382 3443 3627 3499 crede—n-

1980 3516 2137 3572 tibus
2166 3515 2500 3585 largiretur.
2528 3517 2668 3570 Hinc
2684 3521 2770 3570 est
2802 3515 2958 3569 unde
2989 3516 3277 3571 Dominus
3296 3516 3627 3580 aitJudaeis,

1981 3590 2023 3643 Α
2036 3588 2257 3642 braham
2295 3596 2452 3657 pater
2472 3595 2638 3642 vester
2656 3588 2861 3658 cupivit
2889 3595 2947 3641 ut
2964 3588 3169 3642 videret
3194 3588 3333 3641 diem
3347 3604 3517 3643 meum
3543 3610 3561 3656 ,-
3584 3594 3632 3641 et

1981 3660 2139 3723 vidit,
2158 3666 2210 3714 et
2230 3660 2445 3729 gavisus
2459 3666 2531 3714 est
2556 3659 2736 3725 (Joan.
2772 3674 2886 3722 viii,
2918 3660 3026 3729 56).
3045 3659 3247 3715 Sciens
3264 3661 3424 3714 enim
3451 3661 3634 3714 Abra-

1983 3733 2121 3786 ham
2153 3731 2444 3784 Christum
2498 3730 2575 3784 ad
2633 3730 3041 3801 liberationem
3098 3730 3347 3785 humani
3403 3729 3634 3801 generis

1983 3801 2441 3871 repromissum,
2493 3816 2727 3870 semper
2783 3799 2941 3855 enim
2976 3817 3219 3856 necesse
3260 3806 3385 3856 erat
3413 3799 3632 3856 'ortum

1984 3874 2111 3943 ejus
2144 3873 2198 3926 in
2234 3871 2435 3926 inferis
2462 3873 2693 3944 positos
2720 3878 3281 3944 exspectare;quem
3303 3873 3403 3928 ubi
3428 3873 3486 3928 in
3513 3873 3637 3944 spi-

1984 3947 2098 3999 ritu
2127 3948 2493 4016 uatumesse
2535 3943 2697 4007 vidit,
2732 3943 2979 4016 gavisus
3012 3943 3139 4007 est,’
3169 3952 3364 4016 certus
3389 3943 3634 4016 quodin

1983 4016 2147 4070 brevi
2170 4015 2243 4068 de
2267 4014 2494 4069 inferno
2518 4014 2756 4084 ereptus
2784 4014 3234 4071 inducereturin
3263 4014 3635 4083 caelosQuo-

1986 4086 2167 4141 modo
2186 4100 2327 4154 ergo
2349 4086 2421 4141 de
2442 4086 2785 4140 Christianis
2810 4086 3271 4142 nascideberent
3295 4087 3632 4150 Christiani,

1986 4156 2230 4229 quando
2264 4158 2365 4228 qui
2407 4156 2903 4229 nongcrediderit,
2927 4164 3027 4213 aut
3060 4174 3181 4213 non
3231 4160 3405 4214 fuerit
3436 4157 3638 4227 bapti-

1986 4227 2173 4286 zatus.
2198 4227 2316 4281 non
2347 4229 2451 4283 erit
2484 4227 2850 4283 Christianus
2882 4228 2910 4282 ?

2053 4299 2291 4354 LXXXII.
2348 4330 2410 4338 —
2456 4302 2727 4368 Paganos
2786 4298 3095 4353 elementis
3144 4313 3275 4352 esse
3334 4297 3636 4368 subjectos

1988 4370 2399 4441 Qiillidubium
2442 4377 2526 4425 est
2567 4387 2579 4424 :
2624 4369 2875 4441 quidest
2911 4386 3050 4441 ergo
3099 4368 3263 4438 quod
3317 4369 3636 4441 Apostolus

1988 4433 2147 4504 dicit,
2179 4443 2415 4496 Eramus
2440 4448 2488 4495 et
2519 4458 2611 4495 nos
2638 4433 3181 4509 subelementishujiis
3195 4433 3384 4493 mundi
3407 4439 3639 4493 servien-

1990 4520 2060 4567 tes
2088 4514 2116 4569 ?
2143 4514 2343 4581 (Galat.
2374 4529 2447 4577 iv,
2469 4515 2546 4580 3).
2570 4512 2626 4566 Si
2656 4514 2854 4581 itaque
2870 4518 2921 4565 et
2942 4511 3128 4565 Judaei
3152 4511 3641 4565 elementiserant

1992 4585 2337 4650 servientes,
2370 4585 2514 4655 quid
2551 4582 2904 4637 differebant
2936 4598 2969 4636 a
2994 4582 3245 4655 Paganis
3279 4582 3306 4638 ?

2060 4650 2431 4710 Manifestum
2462 4662 2547 4709 est
2572 4654 2925 4724 adjectione,
2956 4653 3487 4714 autdiminulione,
3516 4650 3639 4724 sive

1991 4727 2404 4781 immutatione
2420 4728 2594 4780 unius
2612 4723 2855 4796 syllabae
2871 4741 3114 4779 sensum
3132 4726 3379 4795 perverti
3392 4723 3639 4779 .Idcirco

1994 4801 2263 4865 Paganos
2292 4796 2585 4852 elementa
2606 4798 2798 4851 colere
2828 4796 3110 4851 omnibus
3164 4796 3470 4864 cognitum
3501 4800 3589 4850 est
3624 4810 3636 4859 ;

1989 4868 2226 4923 Judeeos
2245 4876 2442 4923 autem
2472 4884 2591 4923 non
2611 4868 3051 4932 elementis,sed
3068 4867 3182 4922 sub
3196 4866 3503 4922 elementis
3520 4866 3640 4919 Deo

1993 4942 2269 5001 servisse,
2298 4946 2537 5011 propter
2560 4940 2926 5011 neomenias,
2950 4938 3286 5011 etsabbata,
3322 4939 3642 5011 etcircum-

1991 5011 2297 5073 cisionem,
2329 5019 2384 5065 et
2415 5010 2623 5067 emtera
2652 5010 2817 5073 talia;
2852 5011 2978 5067 haec
3008 5010 3164 5065 enim
3190 5010 3452 5065 carnalia
3482 5011 3638 5061 sunt.

1994 5081 2293 5153 Quidquid
2332 5083 2490 5137 enim
2522 5083 2749 5138 visibile
2780 5089 2888 5146 est,
2924 5081 3159 5137 carnale
3190 5088 3382 5153 est,7et
3409 5079 3483 5133 de
3530 5076 3642 5153 eie-

1994 5148 2208 5225 mentis
2224 5154 2446 5207 est.Sed
2461 5155 2601 5223 quia
2620 5170 2688 5208 ex
2710 5162 3004 5225 praecepto
3024 5154 3118 5225 Dei
3133 5156 3260 5207 erat
3292 5152 3414 5225 Deo
3429 5148 3643 5204 servie-

1992 5223 2197 5289 batur;
2232 5230 2374 5279 utex
2405 5223 3643 5285 visibilibusadinvisibiliaveniretur,etex

1992 5297 2105 5351 hac
2128 5312 2312 5349 causa
2332 5296 2625 5366 profectus
2641 5297 2806 5350 fieret
2825 5296 2898 5349 ad
2918 5295 3149 5364 majora
3170 5292 3482 5366 capienda,
3497 5290 3641 5366 utin

1994 5367 2083 5422 his
2114 5363 2551 5434 meditatidigni
2576 5363 3540 5437 tierentpromississpiritualibus.
3562 5364 3640 5417 Ex

1994 5454 2063 5493 ea
2090 5439 2266 5505 igitur
2291 5444 2479 5507 parte,
2512 5454 2695 5508 quam
2725 5435 2900 5508 supra
2926 5435 3645 5508 dixi,subelementisser-

1995 5504 2231 5563 viebant
2260 5504 2450 5563 Judaei
2485 5526 2498 5575 ;
2533 5504 2602 5563 ex
2631 5510 2745 5563 alia
2778 5504 2937 5579 parte
2970 5507 3159 5579 legem
3187 5506 3495 5579 habebant
3526 5504 3640 5576 spi-

1996 5580 2289 5644 ritualem,
2327 5596 2458 5651 qua:
2494 5586 2548 5634 et
2588 5578 2834 5650 peccare
2870 5578 3157 5650 prohibet,
3204 5585 3259 5635 et
3298 5578 3642 5634 exhortatur

2056 5670 2126 5733 (ρ)
2159 5668 2602 5733 Οιισεειὶργθθᾱθω
2629 5683 2691 5717 ex
2726 5667 2850 5716 Mss.
2889 5666 3352 5733 secundigeneris,
3374 5668 3645 5733 interpost

1996 5731 2241 5796 volgatas
2277 5746 2339 5782 ex
2375 5732 2523 5783 Novo
2540 5732 2679 5782 Test.
2718 5731 3166 5797 quinquagesima
3195 5734 3360 5785 sexta.
