4112 6192
567 170 707 227 2279

571 296 650 354 ad
672 292 1053 351 dilectionem
1084 288 1319 347 Domini
1345 289 1474 362 Dei,
1498 290 1600 362 qui
1622 298 1907 350 venturus
1925 295 2007 351 eis
2035 293 2225 351 fuerat

571 368 904 441 promissus
934 364 1010 441 ad
1042 361 1397 441 remittenda
1428 361 1698 441 peceata.

644 440 726 509 (α)
754 436 973 509 Pagan}
1006 450 1123 509 non
1147 433 1260 509 sub
1298 433 1603 488 elementis
1633 436 1911 509 serviunt,
1942 437 2045 493 sed
2076 437 2221 508 ipsis

571 505 900 565 elementis.
925 505 1138 561 Colunt
1155 505 1324 559 enim
1376 512 1558 569 astra,
1598 507 1806 571 solem,
1847 508 2054 564 lunam
2081 505 2223 564 etsi-

572 581 744 647 dera;
767 579 893 634 haec
923 578 981 632 in
998 578 1410 631 ﬁrmamento:
1437 577 1493 630 in
1512 576 1885 633 inferioribus
1900 587 2099 635 autem
2117 586 2219 634 ter-

571 668 721 716 ram,
756 665 979 722 aquam
1009 649 1099 702 :in
1124 646 1273 701 mari
1288 662 1425 701 vero
1452 650 2107 722 Neptunum:ininferis
2121 666 2222 706 au-

574 728 691 779 tem
706 721 999 777 Plutonem
1019 737 1030 771 :
1048 724 1247 789 aperte
1261 724 1595 773 creaturam
1612 721 1985 776 mundanam
2000 722 2218 786 colunt,

572 793 869 867 praeteritg
888 793 1180 867 Creatore.
1214 792 1368 867 Nam
1389 790 1579 867 Judaei
1610 790 1937 867 ho_c_modo
1970 792 2083 848 sub
2113 792 2220 847 ele-

572 861 807 927 inentis,
842 865 958 918 Deo
989 866 1189 934 tamen
1221 861 1577 925 serviebant,
1602 862 1703 933 qui
1732 864 1858 918 haec
1890 865 2023 934 ipsa
2052 879 2223 919 man-

570 937 709 991 data
740 934 1005 990 dederat.
1045 933 1924 999 Observantenimneomenias,
1945 935 2219 1001 sabbata,

568 1022 858 1079 pecorum
887 1003 1201 1079 sacriﬁcia.
1236 1003 1405 1057 Initio
1436 1006 1658 1079 mensis
1693 1006 1930 1079 septimi
1960 1007 2105 1079 tuba
2128 1022 2221 1062 ca-

570 1074 730 1150 nere,
759 1077 968 1150 quinto
983 1075 1217 1129 decimo
1247 1080 1444 1129 autem
1477 1074 1572 1150 die
1603 1074 1824 1150 mensis
1855 1078 2222 1148 septimime-

570 1146 1142 1219 dullas—palmarium
1177 1151 1233 1200 et
1262 1161 1464 1219 ramos
1492 1146 1636 1219 ligni
1670 1146 2000 1217 spissos,’et
2022 1165 2221 1203 ramos

571 1221 771 1276 salicis
792 1217 1194 1284 circumferre,
1226 1221 1282 1271 et
1312 1217 1365 1270 in
1382 1218 1534 1271 casis
1565 1225 1790 1287 septem
1818 1219 2028 1274 diebus
2054 1219 2221 1275 habi-

569 1297 713 1348 tare.
762 1292 891 1345 Haec
923 1304 1065 1357 ergo
1094 1288 1501 1351 observantes,
1552 1296 1705 1343 recte
1758 1290 1870 1344 sub
1914 1290 2221 1345 elementis

568 1364 850 1419 dicuntur
882 1362 1171 1416 servisse:
1218 1359 1346 1413 haec
1376 1361 1535 1413 enim
1590 1375 1658 1413 ex
1704 1360 2008 1416 elementis
2062 1368 2216 1416 sunt.

570 1432 1102 1503 Christianiautem
1136 1445 1257 1484 non
1290 1430 1402 1503 sub
1420 1429 1745 1503 elementis,
1780 1433 1885 1486 sed
1902 1449 2080 1503 supra
2109 1432 2221 1488 ele-

570 1510 772 1560 menta
801 1506 917 1558 Deo
944 1502 1315 1575 servium,ad
1341 1501 1667 1575 Jerusalem
1690 1501 1991 1575 caelestem
2012 1520 2221 1575 prope-

568 1582 792 1638 rantes,
820 1575 879 1628 in
903 1574 1107 1644 spiritu
1133 1575 1319 1626 Deum
1345 1572 1610 1644 adorant,
1636 1588 1757 1627 non
1799 1574 1857 1628 in
1889 1572 2221 1629 visibilibus

570 1653 624 1703 et
654 1643 998 1707 mundanis,
1030 1644 1204 1697 sedin
1236 1645 1438 1697 animo
1468 1643 1564 1697 Dei
1593 1643 1885 1699 culturam
1912 1645 2217 1708 habentes,

571 1716 849 1773 invisibili
874 1714 1247 1770 invisibiliter
1262 1716 1600 1778 servientes,
1622 1716 1919 1771 sicutdicit
1935 1718 2220 1771 Dominus

570 1790 629 1844 in
659 1786 990 1856 Evangelio,
1023 1785 1199 1840 Veniet
1228 1786 1380 1849 hora,
1410 1786 1469 1839 in
1494 1802 1599 1856 qua
1620 1786 1735 1840 veri
1763 1788 2076 1843 adoratores
2096 1789 2220 1843 ado-

570 1859 768 1915 rabunt
790 1859 1013 1912 Patrem
1044 1856 1102 1911 in
1130 1856 1332 1927 spiritu
1346 1864 1394 1910 et
1408 1859 1632 1911 veritate
1659 1858 1838 1929 (Joan.
1869 1862 2070 1929 iv,23).
2088 1861 2219 1915 Haec

569 1946 710 2001 ergo
743 1929 962 1985 veritas
998 1935 1105 1995 est,
1138 1929 1344 1999 spiritu
1380 1929 1495 1982 Deo
1518 1929 1755 2001 servile,
1791 1932 1994 1985 animo
2028 1934 2219 2000 magis

568 1999 755 2082 quam
789 2016 1037 2082 corpore
1063 2001 1341 2082 :nut‘quia
1370 2002 1527 2082 Deus
1543 1999 1784 2082 spiritus
1817 2010 1922 2082 est,
1950 1999 2220 2082 spiritua-

568 2069 697 2128 liter
727 2069 1049 2127 excolatur.
1070 2072 1145 2125 Ex
1169 2069 1283 2124 hac
1313 2077 1476 2141 parte
1505 2069 1744 2126 Judaaos
1769 2072 1882 2126 sub
1913 2069 2219 2129 elementis

571 2144 872 2214 subjectos
893 2142 1033 2197 dicit
1057 2141 1406 2214 fuisse,‘qua
1429 2157 1613 2214 supra
1636 2144 1990 2198 memoravi:
2022 2144 2220 2200 exalia

570 2211 772 2272 autem
798 2220 983 2285 parte.
1003 2212 1171 2286 Legis
1189 2211 1558 2286 spiritualem
1582 2213 1756 2286 fuisse
1772 2215 2219 2286 rationem,qua

569 2293 625 2343 et
658 2283 905 2358 peccare
930 2284 1326 2358 probibui_t,et
1356 2283 1728 2358 diligendum
1761 2301 1831 2340 ex
1863 2283 2219 2341 omnicorde

573 2354 889 2414 Dominum
936 2354 1273 2418 mandavit,
1325 2361 1380 2409 et
1412 2372 1581 2425 spem
1608 2356 1829 2411 habere
1860 2358 1918 2412 in
1968 2359 2216 2414 Christo.

568 2429 683 2485 Sed
715 2425 1009 2500 Apostolis
1055 2426 1515 2500 praedicantibus
1562 2427 1690 2482 haec
1721 2430 1913 2496 magis
1944 2428 2219 2484 defende-

570 2500 718 2556 bant
754 2496 887 2571 quaa
920 2496 1233 2571 carnaliter
1280 2498 1417 2571 data
1459 2496 1853 2571 fuerantlteec
1901 2500 2218 2570 Apostolus

571 2567 867 2627 memorat
892 2574 956 2623 ut
985 2568 1259 2623 obfuscet
1287 2567 1548 2633 Judaeos,
1578 2571 1678 2640 qui
1709 2567 2103 2625 obtrectantes
2121 2571 2218 2624 Le-

570 2643 664 2714 gis
692 2641 1034 2714 spiritualis,
1072 2639 1903 2714 visibilibuserantsubjecti:
1938 2648 1993 2696 et
2017 2649 2071 2696 ut
2092 2644 2218 2697 haec

570 2709 742 2776 vere,—
777 2713 853 2767 ad
877 2712 1388 2782 comparationem
1406 2709 1553 2778 legis
1578 2709 1991 2777 fidei,'inlirma
2014 2720 2220 2767 osten-

570 2785 754 2847 deret,
788 2784 970 2839 etiam
1004 2782 1350 2855 interposita
1386 2798 1643 2855 persona
1668 2783 1781 2838 hoc
1813 2784 2077 2848 denotat,
2117 2784 2219 2855 qui

573 2858 780 2927 utique
795 2870 1001 2927 eorum
1035 2853 1290 2927 aemulus
1319 2852 1510 2927 fuerat
1540 2854 1939 2927 vehementer.
1975 2852 2218 2927 Cognito

573 2925 773 2984 autem
802 2926 1049 2989 Christo,
1074 2925 1198 2978 haec
1216 2925 1511 2996 contemni
1538 2926 1872 2993 (estimavit,
1899 2926 2043 2996 quia
2064 2925 2221 2981 'mul-

573 3006 696 3055 tum
714 2997 907 3052 differt
930 2995 1121 3052 Gratia
1139 2996 1235 3049 Dei
1254 3011 1358 3065 per
1373 2994 1663 3051 Christum
1679 3013 1713 3051 a
1733 2997 1880 3066 Lege
1903 2994 2215 3052 factorum.

644 3068 922 3124 LXXXIII.
949 3098 1013 3107 —
1046 3066 1102 3122 Si
1132 3083 1235 3138 per
1263 3066 1557 3122 Christum
1590 3068 1773 3140 salus,
1793 3075 1848 3124 et
1875 3084 2011 3124 vera
2028 3074 2222 3140 etper-

571 3141 720 3197 fecta
742 3140 1000 3209 cognitio
1029 3154 1042 3204 ;
1068 3154 1171 3192 cur
1193 3154 1313 3193 non
1335 3144 1471 3193 ante
1502 3138 1681 3204 venit,
1719 3148 1778 3194 ut
1808 3145 1863 3195 et
1900 3138 2221 3196 anteriores

572 3211 758 3267 nostri
788 3210 891 3282 qui
918 3210 978 3265 in
1007 3209 1631 3282 ignorantiafuerunt,
1665 3210 2041 3266 addiscerent
2078 3212 2221 3266 veri-

574 3290 749 3340 tatem
778 3280 1102 3353 ‘TDenique
1135 3286 1266 3351 post
1297 3280 1624 3353 adventum
1676 3282 1883 3353 Christi
1921 3282 2087 3337 multi
2110 3282 2221 3338 sal-

572 3356 691 3411 vati
706 3358 863 3419 sunt,
881 3352 1070 3423 magis
1088 3368 1265 3423 quam
1287 3352 1467 3422 prius.
1486 3353 1648 3407 Unde
1662 3352 1775 3408 etsi
1792 3358 1927 3407 ante
1946 3354 2219 3417 venisset,

574 3426 763 3482 multo
795 3425 993 3497 plures
1024 3423 1235 3497 salvati
1288 3424 1559 3479 fuissent.
1596 3424 1652 3480 Si
1681 3440 1822 3495 ergo
1852 3425 1934 3480 ita
1980 3433 2084 3490 est,
2136 3442 2221 3481 re-

572 3495 971 3571 prehensibile
1002 3495 1251 3571 videtur.

646 3569 795 3625 Nulli
852 3566 1322 3623 misericordiam
1383 3564 1617 3620 facienti
1673 3565 2040 3621 calumniam
2094 3566 2220 3621 ﬁeri

574 3645 828 3713 oportet.
861 3644 921 3695 In
966 3643 1258 3713 potestate
1286 3636 1443 3713 enim
1467 3637 1672 3713 dantis
1706 3644 1816 3713 est,
1849 3638 2096 3710 quando
2130 3638 2222 3713 vel

574 3708 1071 3784 quantumhvelit
1134 3708 1415 3784 misereri.
1464 3708 1887 3784 Exhortandus
1927 3714 2013 3764 est
2061 3710 2220 3765 enim

576 3780 927 3852 hujusmodi
956 3786 1011 3836 et
1051 3781 1326 3851 precibus
1356 3780 1800 3852 provocandus,
1826 3796 1945 3836 non
1978 3788 2223 3836 conten-

577 3851 735 3908 tione
766 3868 800 3907 a
825 3853 985 3907 bono
1015 3868 1194 3921 opere
1220 3852 1614 3906 revocandus.
1645 3851 1813 3906 Forte
1843 3868 1959 3907 non
1994 3858 2224 3908 contra-

576 3924 887 3989 diceretur,
923 3924 971 3977 si
1004 3938 1107 3992 pro
1147 3923 1261 3977 hac
1298 3923 1700 3977 misericordia
1736 3922 1881 3977 vicis
1912 3924 1990 3977 illi
2020 3923 2225 3994 aliqua

575 3994 942 4051 redderetur.
979 4000 1064 4047 An
1092 3995 1233 4065 quis
1270 3995 1565 4048 medicum
1593 3998 1803 4061 arguet
1832 3996 1931 4065 qui
1968 3995 2224 4065 medica-

576 4071 781 4123 menta
812 4081 921 4120 sua
952 4070 1006 4119 et
1037 4064 1298 4119 ofﬁcium
1329 4082 1505 4119 suum
1533 4066 1716 4132 gratis
1746 4064 2099 4135 impendet?
2125 4071 2227 4121 aut

579 4137 962 4195 accusabitur
995 4136 1238 4191 tarditas
1268 4136 1397 4206 ejus
1422 4137 1497 4190 ab
1524 4136 1626 4197 eis,
1655 4153 1690 4190 a
1719 4135 1939 4205 quibus
1971 4153 2090 4192 non
2142 4142 2227 4192 est

576 4208 949 4281 requisitusjt
972 4210 1103 4281 Haec
1126 4208 1363 4281 quidem
1385 4208 1656 4281 diximus
1687 4208 2022 4263 secundum
2053 4209 2227 4263 ratio-

576 4278 741 4359 nem,
775 4281 878 4359 sed
907 4278 1237 4359 Salvatoris
1255 4278 1621 4343 bonitasista
1652 4294 1771 4359 non
1799 4286 1965 4333 curat
1987 4284 2230 4359 propter

585 4352 1042 4408 imbecillitatem
1067 4350 1397 4421 humanam
1424 4368 1435 4406 :
1464 4350 1811 4421 suamienim
1837 4350 2227 4421 sequitur’na-

582 4430 780 4479 turam
824 4423 899 4477 ad
938 4420 1273 4476 faciendam
1310 4420 1802 4475 misericordiam.
1836 4420 2057 4477 Idcirco
2086 4428 2228 4477 tunc

582 4496 742 4551 venit
765 4493 1011 4565 quando
1049 4492 1254 4547 debuit
1282 4492 1499 4557 venire,
1542 4492 1860 4547 voluntatis
1893 4510 2015 4547 suae
2046 4495 2227 4548 ratio-

581 4582 721 4622 nem
754 4571 1007 4632 secutus,
1044 4580 1162 4617 non
1204 4565 1548 4619 meritorum
1584 4570 1949 4618 nostrorum.
1992 4568 2138 4619 Nam
2180 4566 2227 4619 si

584 4638 797 4693 merita
826 4635 1189 4707 perpendes,
1225 4636 1420 4691 venire
1463 4650 1583 4689 non
1614 4635 1838 4707 debuit.
1882 4635 2049 4690 Venit
2084 4651 2227 4707 ergo

584 4705 1243 4779 quan‘do'et’subveniri
1265 4707 1481 4761 debere
1514 4706 1700 4779 scivit,
1729 4711 1784 4760 et
1808 4714 2041 4779 gratum
2072 4706 2227 4762 futu-

582 4776 717 4834 r'um
742 4776 1122 4832 beneﬁcium.
1158 4778 1211 4833 Si
1243 4783 1442 4833 autem
1474 4777 1525 4832 ei
1558 4778 1649 4831 cui
1684 4778 2005 4833 necessitas
2036 4779 2226 4833 immi-

584 4854 684 4929 net
735 4854 867 4903 ante
894 4849 1333 4929 subveniatur,
1354 4850 1461 4902 erit
1502 4848 1746 4929 quidem
1786 4856 2020 4929 gratum
2058 4866 2225 4913 ;non

584 4928 785 4978 tamen
816 4918 987 4975 valde
1013 4922 1226 4990 poterit
1256 4920 1402 4973 scire
1432 4918 1577 4990 quid
1606 4920 1716 4973 sibi
1740 4922 2065 4989 praestitum
2099 4927 2185 4977 est
2210 4938 2223 4976 :

582 4994 627 5049 si
656 4996 857 5048 autem
890 4992 947 5045 in
973 4989 1102 5062 ipsa
1132 4989 1479 5062 necessitate
1512 4991 1706 5061 posito
1737 4990 2020 5045 auxilium
2052 4989 2223 5059 feras,

583 5065 724 5120 sciet
754 5063 931 5136 quale
970 5061 1326 5116 beneﬁcium
1364 5067 1722 5136 consecutus
1753 5062 1841 5116 sit.
1878 5064 1951 5136 De
1982 5063 2227 5118 tribula-

583 5137 743 5192 tione
774 5132 938 5189 enim
971 5133 1514 5205 ereptusLmajores
1547 5132 1769 5205 gratias
1802 5133 2007 5189 referet
2038 5151 2227 5205 :Aquo-

582 5207 767 5264 modo
800 5206 847 5260 si
880 5202 1155 5259 esurienti
1180 5202 1396 5258 offeras
1418 5217 1637 5275 panem
1665 5222 1679 5271 ;
1704 5204 1749 5258 si
1778 5209 1976 5260 autem
2010 5202 2227 5261 offeras

584 5295 720 5335 cum
753 5292 875 5332 non
902 5277 1103 5343 esurit,
1127 5290 1246 5330 non
1272 5276 1471 5346 utique
1500 5280 1618 5330 tam
1647 5281 1879 5344 gratum
1903 5277 2029 5331 erit.
2057 5277 2229 5331 ldcir-

582 5367 653 5406 co
689 5356 838 5405 recte
870 5348 1092 5405 factum
1124 5353 1228 5410 est,
1266 5354 1325 5401 ut
1355 5362 1472 5401 non
1505 5351 1641 5402 ante
1672 5348 1895 5402 veniret
1931 5347 2225 5403 Dominus.

584 5419 847 5500 Primum
880 5421 1039 5474 enim
1070 5417 1295 5500 dimisit
1341 5418 1993 5500 gentishominumnti
2020 5419 2231 5500 volun-

585 5494 702 5545 tate
750 5506 1030 5561 sua,non
1073 5491 1200 5544 sine
1250 5490 1590 5545 testimonio
1640 5491 1751 5555 sui,
1804 5490 1957 5561 quia
1978 5505 2047 5543 ex
2099 5492 2229 5561 ipsa

585 5560 796 5615 mundi
826 5560 1051 5615 fabrica
1078 5578 1182 5631 per
1199 5577 1402 5616 annua
1434 5577 1705 5624 munera,
1738 5578 1873 5633 quse
1913 5560 2231 5617 elemento-

650 5646 722 5715 ῳ)
752 5644 985 5715 Quaestio
1011 5649 1195 5715 eade_m
1218 5663 1279 5715 ex
1298 5649 1426 5715 Mss.
1460 5650 1679 5699 secundi
1701 5651 1928 5713 generis,
1949 5651 2087 5701 inter
2111 5655 2233 5715 post

584 5704 833 5772 vulgatae
858 5718 921 5753 ex
949 5708 1095 5757 Novo
1127 5711 1273 5760 Test.
1312 5704 1759 5776 quinquagesima
1786 5704 1953 5765 nona.

1579 163 2039 233 QUAESTIONES
2082 160 2171 225 EX
2211 158 2404 225 Νονο
2442 160 2941 224 TESTAMENTO.

3781 165 3877 228 2280

2332 308 2468 365 rum
2499 291 2841 365 ministerio
2854 289 3139 365 humanis
3165 288 3370 346 usibus
3397 288 3875 365 exhiberidecrevit,

2335 364 2581 439 intelligi
2604 370 2657 419 et
2687 363 2922 439 timﬂ‘eri
2943 362 3313 439 divini_tat_e_m
3330 377 3493 439 suam
3521 362 3881 439 vpl_uit_.0uippe

2333 451 2470 491 cum
2494 432 2674 491 etiam
2690 450 2762 490 ex
2785 434 3029 490 traduce
3048 433 3225 505 primi
3246 432 3514 498 hominis,
3536 434 3722 490 deinde
3740 432 3883 496 Ευὸῶ

2333 513 2383 563 et
2407 510 2519 562 Noe
2548 507 2755 562 notitia
2779 507 2909 576 ejus
2929 504 3085 560 esset
3101 505 3169 578 in
3194 506 3377 578 terris.
3405 504 3514 559 Sed
3535 506 3883 578 cumlanguore

2332 578 2599 650 quodam
2631 578 2884 650 humani
2912 576 3146 647 generis
3178 576 3536 650 obsolescere
3565 576 3796 648 coepisset
3816 597 3882 636 co-

2334 646 2520 718 gnitio
2554 649 2653 704 Dei
2684 650 2835 705 inter
2872 646 3165 713 hbmines,
3199 652 3252 701 et
3281 662 3468 718 mores
3495 646 3883 717 immutarentur,

2333 717 2546 789 eligere
2572 721 2856 790 dignatus
2894 726 2980 774 est
3005 718 3333 787 Abraham,
3362 717 3419 771 in
3450 733 3564 789 quo
3589 720 3751 775 forma
3773 732 3887 778 esset

2332 796 2631 847 renovatae
2664 792 2883 846 notitiae
2912 792 3010 846 Dei
3042 795 3097 844 et
3124 805 3377 844 morum.
3408 790 3469 843 Et
3499 805 3624 844 cum
3645 790 3805 846 adhuc
3828 810 3886 848 re-

2333 864 2595 934 verentia
2630 864 2869 934 segnior
2905 866 3077 927 esset,
3120 866 3323 934 postea
3356 876 3458 934 per
3487 863 3701 931 Moysen
3732 864 3885 932 Legem

2330 933 2533 989 litteris
2577 932 2758 998 dedit,
2809 950 2944 1005 quae
2976 948 3170 1005 neque
3219 932 3621 1005 obsolesceret,
3662 938 3887 1005 eimagis

2335 1013 2558 1060 metum
2608 1003 2911 1060 incuteret.
2950 1003 3135 1069 Major
3174 1004 3329 1057 enim
3364 1003 3534 1057 timor
3560 1010 3659 1069 est,
3688 1003 3765 1057 ubi
3793 1021 3887 1059 auc-

2332 1078 2538 1132 toritas
2563 1075 2877 1132 manifesta
2896 1082 3003 1130 est.
3030 1075 3092 1129 Et
3114 1075 3257 1145 quia
3273 1080 3572 1145 acceptam
3594 1076 3771 1142 Legem
3790 1092 3887 1145 gen-

2332 1152 2419 1203 tes
2447 1153 2814 1219 spreverunt,
2851 1162 2969 1201 non
2997 1163 3057 1200 se
3080 1144 3461 1214 subjicientes
3494 1144 3563 1213 ei,
3590 1160 3753 1219 neque
3773 1144 3887 1218 iiqui

2331 1218 2691 1290 acceperunt
2720 1222 3109 1290 servaverunt
3136 1232 3271 1271 eam
3298 1232 3313 1280 ;
3341 1220 3531 1290 motus
3560 1218 3804 1290 Dominus
3821 1222 3889 1272 mi-

2333 1287 2676 1355 sericordia,
2715 1290 2867 1345 misit
2903 1289 3104 1345 Filium
3147 1304 3346 1350 suum,
3376 1288 3477 1358 qui
3504 1302 3561 1341 se
3591 1302 3687 1359 pro
3721 1287 3809 1342 illis
3833 1290 3889 1343 ot-

2332 1362 2543 1431 ferens,
2603 1368 2854 1416 mortem
2893 1360 3243 1431 destruens,
3269 1359 3409 1431 data
3434 1358 3708 1431 omnibus
3740 1361 3890 1431 remis-

2332 1432 2498 1487 sione
2524 1429 2928 1504 peccatorum,
2960 1434 3074 1504 Deo
3097 1430 3251 1486 Patri
3276 1429 3441 1504 illosj
3454 1429 3891 1504 usiiﬁcatospoffer-

2330 1509 2436 1558 ret.
2471 1500 2594 1559 Non
2625 1506 2783 1559 enim
2813 1508 3015 1574 posset
3039 1501 3322 1574 descendi
3354 1502 3428 1574 ad
3460 1500 3682 1574 inferos,
3714 1502 3801 1555 nisi
3822 1517 3892 1571 per

2333 1582 2607 1630 mortem.
2650 1578 2763 1630 Nec
2802 1572 2951 1630 ordo
2982 1572 3141 1628 enim
3176 1588 3283 1627 nec
3318 1573 3465 1627 ratio
3498 1573 3767 1642 poscebat,
3793 1588 3892 1626 eum

2329 1646 2433 1717 qui
2478 1652 2745 1701 mortuus
2784 1662 2905 1701 non
2956 1644 3184 1713 fuisset,
3225 1645 3443 1717 intrare
3470 1643 3691 1717 januas
3725 1646 3893 1717 tartari.

2330 1713 2534 1789 Nonne
2565 1720 2612 1771 si
2642 1718 2778 1789 quis
2802 1717 2921 1789 vult
2942 1716 3001 1770 in
3028 1722 3185 1789 terra
3215 1730 3325 1769 sua
3352 1714 3637 1769 harbaros
3663 1713 3892 1785 decipere,

2330 1787 2609 1843 immutat
2638 1787 2698 1843 se
2732 1791 2787 1843 in
2828 1787 3035 1843 habitu
3066 1787 3323 1848 illorum,
3355 1791 3415 1840 ut
3446 1790 3668 1857 putetur
3702 1801 3825 1839 unus
3848 1802 3895 1838 ex

2330 1860 2446 1931 his,
2488 1866 2543 1914 et
2574 1861 2655 1914 sic
2686 1859 2954 1931 explorat
2983 1857 3291 1931 quomodo
3332 1856 3461 1931 illos
3499 1856 3770 1931 subvertet
3792 1857 3815 1913 Υ
3840 1857 3896 1909 lta

2331 1930 2550 1986 factum
2602 1938 2689 1986 est
2741 1926 2900 1985 etde
2944 1926 3184 1985 diabolo
3221 1945 3231 1982 :
3262 1928 3549 2000 quoniam
3599 1926 3737 1982 malo
3777 1942 3896 1981 more

2327 2001 2637 2057 hominem
2662 2002 3051 2065 subverterat,
3080 2005 3144 2054 ut
3168 2000 3226 2054 in
3254 2004 3447 2055 morte
3473 2014 3586 2054 non
3616 2004 3893 2059 remaneret,

2329 2074 2631 2128 inventum
2691 2080 2781 2128 est
2841 2074 3196 2139 remedium,
3254 2069 3561 2142 quomodo
3603 2085 3738 2141 quos
3785 2069 3896 2123 male

2330 2145 2568 2200 tenebat
2614 2146 2926 2207 amitteret,
2970 2150 3025 2200 et
3075 2143 3523 2197 subentraretur
3567 2142 3649 2196 ei:
3690 2146 3739 2195 et
3763 2157 3895 2211 quem

2327 2217 2580 2297 putabat
2638 2232 2698 2297 se
2733 2215 2915 2297 .velut
2960 2214 3267 2297 hpminem
3321 2213 3624 2297 ocsidisse,
3684 2211 3897 2291 reperiret

2328 2284 2492 2342 illum
2535 2288 2698 2359 apud
2732 2287 2950 2341 inferos
2990 2290 3194 2341 Deum.
3226 2286 3361 2359 Quo
3396 2284 3566 2359 facto,
3600 2300 3720 2338 reus
3751 2286 3896 2336 inven-

2329 2366 2420 2413 tus
2448 2356 2658 2413 omnes
2685 2375 2837 2430 quos
2856 2359 3093 2412 tenebat
3118 2356 3339 2421 amisit,
3366 2362 3422 2411 et
3441 2356 3511 2410 de
3534 2362 3728 2430 caetero
3744 2359 3896 2422 aperta

2326 2436 2415 2484 est
2444 2432 2519 2485 ad
2547 2426 2761 2485 caelum
2793 2429 2904 2483 via.
2937 2432 3080 2484 Ecce
3109 2434 3409 2498 quantum
3438 2426 3645 2498 profuit
3666 2428 3893 2498 adventus

2326 2443 2415 2484 est
2444 2443 2519 2485 ad
2547 2443 2761 2485 caelum
2793 2446 2904 2483 vra.
2938 2443 3080 2484 Ecce
3109 2443 3409 2498 quantum
3479 2443 3645 2481 roruu
3666 2443 3893 2480 adventus

2325 2501 2668 2565 Salvatoris,
2714 2505 2776 2554 ut
2822 2502 3072 2555 scientes
3112 2500 3389 2554 homines
3425 2443 3498 2553 (ξε
3526 2513 3640 2569 quo
3696 2493 3895 2569 periculo

2326 2572 2557 2627 liberati
2591 2578 2747 2637 sunt,
2782 2572 2907 2626 sine
2950 2571 3277 2625 cessatione
3318 2567 3644 2638 gratias‘illi
3682 2567 3893 2622 referant.

2325 2643 2439 2698 Sed
2474 2643 2619 2699 forte
2649 2659 2679 2697 e
2712 2650 2918 2697 contra
2951 2642 3184 2697 dicatur
3216 2658 3229 2694 :
3272 2642 3330 2696 Si
3376 2638 3542 2695 multi
3578 2643 3701 2694 ante
3736 2638 3894 2706 Legem

2326 2721 2379 2769 et
2413 2721 2542 2787 post
2576 2716 2790 2783 Legem
2821 2713 3084 2787 peccatis
3110 2713 3307 2787 pressi
3337 2717 3491 2768 totos
3520 2727 3577 2765 se
3604 2709 3747 2766 carni
3769 2707 3899 2787 dede-

2326 2785 2480 2848 runt,
2525 2792 2581 2841 et
2626 2787 2791 2854 digni
2831 2786 3067 2840 fuerunt
3108 2785 3166 2838 in
3213 2790 3434 2839 tartaro
3481 2797 3777 2842 remanere,
3810 2785 3897 2832 sine

2326 2857 2515 2913 dubio
2547 2857 2783 2913 fuerunt
2822 2856 2925 2928 qui
2955 2856 3269 2928 devotione
3301 2860 3365 2928 et
3395 2855 3672 2909 Creatoris
3695 2864 3898 2928 revereri:

2330 2929 2408 2983 tia
2448 2932 2625 2984 vitam
2664 2919 3097 2983 suam-natura:
3128 2927 3255 2995 lege
3292 2925 3598 2981 frenarunt
3628 2942 3639 2979 :
3670 2919 3899 2995 numquid

2328 3015 2451 3055 non
2475 3001 2651 3055 etiam
2684 3000 2743 3055 hi
2772 2999 2991 3054 detenti
3017 3005 3155 3053 sunt
3185 2993 3349 3068 apud
3376 2998 3608 3061 inferos,
3632 2995 3766 3051 exuti
3789 2995 3801 3068 ξ
3822 2993 3899 3068 hac

2327 3073 2445 3145 vita
2475 3071 2502 3126 ?
2536 3072 2591 3128 Si
2627 3080 2826 3145 autem
2865 3075 3003 3145 ante
3046 3064 3308 3145 venisset
3347 3073 3485 3140 post
3518 3074 3748 3145 mortem
3778 3064 3899 3145 ᾼᾱωε

2330 3142 2577 3198 liberato
2618 3144 2810 3199 Adam
2851 3143 2953 3213 qui
3004 3141 3165 3212 prior
3209 3132 3582 3213 peccaverat,
3623 3135 3814 3193 caeteris
3849 3132 3899 3213 sd

2329 3215 2547 3269 cretum
2580 3218 2834 3285 aperiret
2863 3210 3046 3285 viam,
3074 3217 3138 3267 ut
3162 3210 3264 3283 qui
3291 3212 3446 3285 bene
3470 3212 3735 3285 vixerant,
3752 3210 3900 3275 agnito

2329 3286 2599 3341 Creatore
2621 3280 2882 3341 defuncti
2904 3280 3306 3355 reciperentur
3323 3284 3385 3355 in
3410 3284 3641 3355 caelum:
3670 3280 3900 3335 Damnum

2329 3372 2472 3426 ergo
2502 3363 2609 3421 est,
2642 3358 2785 3428 quia
2821 3370 2937 3410 non
2972 3353 3107 3411 ante
3130 3355 3295 3428 venit
3326 3354 3592 3428 Christus
3618 3353 3646 3404 (Ι
3674 3354 3901 3428 Damnum

2331 3420 2466 3483 esse
2496 3420 2879 3483 manifestum
2907 3432 3015 3491 est,
3046 3425 3150 3481 sed
3185 3441 3389 3497 quaere
3414 3426 3644 3496 juxtum
3668 3437 3740 3497 an
3774 3420 3903 3497 injus-

2332 3504 2458 3554 tum
2493 3499 2585 3554 sit.
2618 3498 2820 3555 Solent
2845 3500 3003 3553 enim
3036 3496 3260 3552 damna
3284 3500 3459 3566 justa
3488 3496 3715 3562 esse,de
3740 3496 3903 3566 quibus

2326 3570 2493 3642 queri
2518 3586 2635 3625 non
2668 3570 2857 3625 liceat.
2879 3570 3186 3642 Numquid
3215 3562 3731 3642 fur_deprehensus
3752 3562 3902 3642 etjux:

2327 3632 2387 3697 ta
2418 3642 2609 3715 legem
2642 3642 2699 3696 in
2732 3632 3141 3715 quadruplum
3182 3632 3823 3715 condemnatus,_ausus
3846 3632 3903 3683 est

2328 3715 2495 3785 queri
2522 3713 2550 3767 ‘l
2576 3716 2655 3767 Ac
2689 3709 2792 3785 per
2816 3714 2930 3767 hoc
2953 3711 3249 3785 damnum
3268 3712 3639 3785 quodgenus
3660 3709 3903 3783 hominum

2328 3782 2580 3856 passum
2610 3782 2717 3845 est,
2758 3784 2912 3856 juste
2944 3783 3162 3838 factum
3197 3790 3307 3856 est,
3340 3782 3507 3856 unde
3532 3788 3585 3836 et
3620 3782 3901 3856 permissnm

2328 3851 2437 3912 est.
2481 3856 2669 3922 Quare
2697 3851 3043 3911 et'Salvator
3068 3856 3218 3909 inter
3255 3855 3392 3924 ipsa
3420 3851 3735 3925 primordia
3759 3855 3903 3925 verum

2328 3943 2449 3983 non
2491 3919 2867 3981 debuit.Cum
2911 3925 3069 3981 enim
3102 3919 3385 3979 diabolus
3417 3919 3746 3995 superbiret,
3772 3919 3904 3995 homo

2331 3999 2521 4054 factus
2548 4014 2583 4054 a
2618 4000 2731 4053 Deo
2780 3998 3004 4067 positus
3046 4002 3131 4052 est
3175 3996 3255 4051 illi
3302 3985 3606 4059 inimicus,
3649 3998 3705 4067 ut
3742 3985 3904 4067 auxilio

2333 4069 2430 4124 Dei
2461 4069 2750 4140 munitus,
2775 4062 2919 4140 quia
2948 4069 3143 4140 impar
3169 4069 3631 4140 erat,_resisteret
3651 4066 3696 4118 ei
3722 4062 3905 4139 accepto

2334 4141 2641 4196 mandato.
2689 4137 2968 4195 Diabolus
3007 4137 3206 4195 autem
3248 4138 3422 4193 solita
3457 4137 3751 4193 subtilitate
3778 4137 3906 4183 simu-

2332 4213 2474 4268 lavit
2514 4228 2575 4266 se
2620 4213 2892 4281 ignorare
2923 4211 3069 4284 quid
3110 4218 3474 4281 praeceptum
3515 4200 3906 4284 essetaD§9.fi

2334 4284 2558 4339 invenit
2577 4276 2752 4338 Ev‘am
2778 4276 3149 4338 instabilem':
3176 4276 3384 4353 postea
3410 4286 3605 4336 autem
3631 4276 3906 4353 promittelif

2333 4354 2434 4427 illi,
2486 4355 2651 4427 quod
2696 4358 2742 4409 si
2790 4342 3647 4427 interdictum.contigissent;
3677 4342 3906 4427 ρζξὲξῐδξέξ

2332 4410 2444 4481 illis
2472 4410 2843 4481 divinitatem
2879 4442 2893 4491 ;
2934 4424 3319 4481 circumvenit
3349 4410 3477 4479 eos.
3512 4410 3906 4477 Tunc'diabolus

2333 4502 2614 4567 superato
2653 4497 2895 4551 homine
2939 4496 3320 4562 triumphavit
3356 4512 3373 4549 :
3416 4496 3513 4550 hic
3552 4494 3735 4567 victus
3771 4492 3905 4567 gentif

2332 4552 2507 4623 suum
2542 4568 2785 4637 subjecit
2814 4573 3077 4639 peccato.
3108 4552 3799 4639 Quamobreminjnstum
3823 4552 3907 4639 erit}

2332 4639 2534 4694 victori
2575 4617 2858 4695 vidlenterr
2903 4617 3149 4694 auferre:
3176 4637 3388 4710 spolia,
3429 4635 3575 4710 quia
3603 4617 3754 4690 'Deus
3791 4617 3905 4710 qugd.

2333 4710 2472 4766 facit
2500 4712 2655 4781 juste
2696 4694 2850 4765 facit.
2897 4711 3186 4766 Praeterea
3210 4694 3610 4781 ‘cum'aeerbe
3652 4694 3905 4781 peccet?!“

2333 4774 2517 4837 homo
2553 4782 2883 4837 assentiens
2926 4782 2999 4844 ei,
3031 4786 3238 4836 contra
3278 4778 3627 4835 mandatum
3658 4774 3903 4844 Creatori}.

2333 4836 2549 4908 ﬁeriise
2584 4853 2768 4908 Deum
2792 4836 2816 4916 ῖς
2846 4836 3242 4908 idololatriam
3290 4850 3551 4915 admisit,
3581 4862 3678 4919 per
3713 4836 3842 4919 quo?
3868 4836 3903 4919 l2

2335 4906 2521 5006 Delum
2567 4906 2832 5006 peccavit
2848 4906 2894 4975 ﬂ:
2922 4906 3368 4994 ideoqueﬁnon
3418 4920 3498 5006 illi
3531 4906 3903 5006 statim-Adsilit:

2332 4980 2635 5051 subveniri
2670 5012 2683 5061 ;
2716 4996 2938 5067 quippe
2969 4980 3246 5067 cum‘nec
3277 4991 3631 5067 paenituerit.
3658 5000 3753 5067 nec;
3788 4980 3902 5067 sit}?

2333 5069 2385 5122 ei
2417 5066 2623 5122 fuisset
2656 5056 3084 5132 misericordia,
3114 5067 3159 5120 si
3187 5056 3305 5121 non
3332 5064 3503 5119 scivis
3540 5067 3594 5116 et
3621 5056 3748 5129 quid
3773 5058 3902 5132 triste;

2334 5144 2508 5193 retur.
2552 5137 2909 5209 Quanquam
2954 5110 3111 5193 enim
3153 5136 3358 5209 omnia
3388 5134 3572 5209 possit
3622 5110 3771 5209 Deus,

2333 5187 2480 5265 iam
2498 5187 2549 5280 ἐι
2559 5187 3417 5272 ἱῖὁεῖ“ἓόιῖἷὲηῖῖ’ἶειιῖὸῖι’ἰ,””υἷ
3440 5187 3903 5275 ’ίιητθρτεδεηείδίιῡε

2333 5286 2741 5353 perseveret._
2982 5350 2991 5353 _
3112 5350 3121 5353 _
3264 5350 3275 5353 _
3367 5352 3372 5353 γ
3645 5342 3655 5353 ι
3752 5334 3785 5353 ,ξ

2406 5334 2493 5422 (α)ί
2510 5352 2562 5407 Si
2587 5334 2745 5407 eicui
2770 5350 3091 5406 necessitas
3112 5350 3399 5422 imminet,
3420 5353 3553 5401 ante
3574 5334 3900 5422 ευιξνερὶεξξξιξλ

2335 5410 2444 5477 erit
2465 5410 2715 5495 fquidem
2752 5427 2975 5495 gratus,
3003 5438 3124 5477 non
3156 5420 3327 5495 valde
3358 5410 3555 5495 tam"?
3587 5410 3900 5495 Ωοίθτίῖῗῗξῖβ

2335 5484 2635 5565 (Ῑιιὶἀέἰὺὶ
2679 5484 3008 5564 praestitum
3047 5497 3154 5548 est.
3196 5490 3257 5547 Si
3295 5496 3491 5547 autem
3523 5484 3731 5554 in_ipsa
3752 5484 3900 5531 ηεαδ·

2398 5594 2410 5622 ¹
2444 5590 2573 5653 Mss.
2612 5590 2862 5641 Colbert..
2894 5590 3150 5653 θεραπεί.
3383 5649 3415 5653 __
3606 5644 3615 5653 ,
3680 5640 3689 5649 ,

2402 5654 2473 5713 (α)
2505 5628 3026 5711 Οάειζὲδδυέέξίθδίὲι
3053 5653 3175 5701 Mss.
3203 5649 3419 5701 secundi
3449 5644 3659 5713 generis,
3678 5640 3793 5687 inter
3806 5628 3897 5693 1³0⁵ι

2337 5712 2585 5780 vulgatae
2611 5730 2675 5767 ex
2693 5716 2843 5767 Novo
2872 5715 3011 5767 Test.
3038 5712 3480 5780 quinquagesima
3500 5712 3684 5761 octava.
