4120 6202
222 192 358 251 2281

219 318 393 375 sitate
426 319 621 390 posito
650 314 1134 390 auxiliumferas,
1154 316 1297 373 sciet
1321 316 1503 389 quale
1520 316 1878 374 beneﬁcium

218 388 585 461 consecutus
623 396 728 447 est.
754 390 832 442 De
867 388 1242 461 tribulatione
1273 388 1703 461 enimuereptus
1746 391 1877 461 plus

221 460 446 533 gratias
476 461 641 533 agite;
664 459 973 530 quomodo
996 460 1043 514 si
1063 461 1355 533 esurienti
1373 459 1592 515 oﬂ‘eras
1619 459 1873 533 panem;

222 530 272 587 si
304 538 505 587 autem
549 530 769 603 offeras
808 546 929 586 non
968 532 1270 595 esurienti,
1301 547 1436 603 quae
1479 534 1585 586 erit
1622 530 1819 601 gratia
1848 532 1876 587 ‘P

220 604 449 659 Idcirco
474 607 631 658 recte
657 602 881 656 factum
904 608 1008 666 est,
1041 609 1103 656 ut
1121 618 1244 657 non
1272 611 1407 658 ante
1430 607 1655 658 veniret
1685 604 1878 658 Domi-

220 692 359 732 nus.
414 675 676 729 Primum
716 673 874 728 enim
918 675 1145 729 dimisit
1186 688 1375 740 genus
1412 673 1750 729 humanum
1793 675 1876 730 uti

221 748 530 803 voluntate
566 760 696 809 sua,
739 760 860 817 non
901 745 1029 799 sine
1066 746 1403 800 testimonio
1448 745 1540 799 sui
1577 762 1589 800 :
1622 746 1767 817 quia
1797 761 1876 817 ex

218 820 355 891 ipsa
396 817 625 872 fabrica
666 815 1016 891 munditper
1045 831 1247 891 annua
1278 832 1548 891 munera,
1585 815 1877 891 quietem-7

220 887 562 945 mentorum
614 887 945 942 ministerio
992 888 1275 942 humanis
1342 887 1550 942 usibus
1612 888 1875 943 exhiberi

221 961 503 1023 decrevit,
562 959 833 1028 cognosci
900 963 957 1013 et
1012 960 1203 1013 timeri
1268 958 1637 1013 divinitatem
1702 975 1874 1014 suam

220 1034 427 1088 voluit.
472 1031 681 1086 Postea
720 1046 859 1084 vero
899 1045 1037 1084 cum
1081 1028 1477 1085 obsolesceret
1522 1029 1729 1084 notitia
1774 1030 1875 1085 Dei

219 1104 284 1159 in
326 1103 518 1165 terris,
580 1107 636 1157 et
683 1116 880 1156 mores
924 1100 1405 1164 immutarcntur,
1451 1101 1735 1169 dignatus
1788 1107 1877 1155 est

222 1176 465 1230 visitare
496 1187 685 1242 genus
716 1171 1054 1235 hominum,
1083 1178 1146 1227 ut
1174 1171 1309 1227 data
1350 1172 1519 1239 Lege,
1555 1172 1643 1225 vel
1686 1171 1871 1226 refor-

223 1252 389 1301 mata
429 1245 577 1315 (erat
607 1244 769 1299 enim
800 1244 857 1315 in
891 1249 1122 1309 natura,
1156 1243 1259 1315 sed
1300 1244 1513 1313 negligi
1563 1246 1871 1313 cmperat),

225 1324 285 1373 et
316 1317 591 1372 notitiam
623 1316 713 1369 sui
745 1320 799 1369 et
823 1314 991 1382 Legis
1022 1314 1434 1370 auctoritatem
1463 1320 1822 1369 restauraret
1859 1330 1872 1379 ;

227 1394 294 1443 ut
307 1387 605 1458 recognito
622 1389 758 1450 Deo,
777 1392 1120 1458 etrevocata
1133 1386 1284 1455 Lege
1302 1386 1870 1455 timereinciperent:

221 1462 366 1515 certi
391 1456 535 1530 quia
560 1460 663 1528 qui
692 1458 905 1526 Legem
932 1456 1116 1521 dedit,
1134 1458 1513 1527 judicaturus
1534 1465 1688 1530 esset
1708 1462 1875 1511 actus

224 1528 551 1586 humanos.
587 1531 652 1583 Et
687 1531 833 1599 quia
868 1534 1114 1598 accepta
1156 1530 1302 1597 Lege
1335 1544 1370 1583 a
1403 1528 1656 1598 peccatis
1689 1544 1749 1582 se
1780 1543 1877 1583 co-

224 1603 433 1658 hibere
476 1598 896 1672 nequiverunt,
933 1615 1071 1654 cum
1113 1604 1378 1672 possent,
1414 1598 1519 1652 diu
1561 1599 1739 1653 etiam
1774 1615 1876 1672 per

230 1671 902 1743 PrOphetas’admoniti
948 1686 959 1723 :
1016 1678 1211 1726 motus
1262 1671 1415 1743 Deus
1468 1671 1877 1743 misericordia

226 1740 388 1800 misit
434 1743 643 1797 Filium
695 1758 895 1805 suum,
926 1744 1029 1812 qui
1074 1758 1134 1795 se
1184 1757 1292 1812 pro
1340 1741 1453 1795 illis
1497 1740 1771 1807 offerens,
1824 1749 1878 1795 et

224 1822 482 1871 mortem
494 1813 872 1878 destruens,d
882 1818 976 1867 ata
991 1812 1102 1867 illis
1114 1813 1466 1867 remissione
1479 1818 1874 1883 peccatorum,

230 1890 350 1942 Deo
404 1888 584 1941 Patris
626 1884 758 1939 illos
796 1884 1151 1955 justiﬁcatos
1195 1884 1431 1939 offerret
1468 1900 1481 1938 :
1529 1889 1588 1938 ut
1627 1884 1878 1938 scientes

226 1959 304 2013 de
343 1972 463 2029 quo
504 1955 765 2028 periculo
798 1961 936 2029 sunt
974 1955 1177 2029 erepti,
1217 1955 1343 2010 sine
1385 1955 1719 2029 cessatione
1760 1957 1877 2029 Deo

228 2026 457 2098 gratias
498 2026 721 2109 agant;
752 2026 1022 2109 ut_eti‘am
1064 2026 1107 2080 si
1152 2043 1295 2107 usus
1334 2027 1593 2109 exegerit
1640 2026 1878 2109 sangui-

230 2096 372 2155 nem
403 2115 511 2170 pro
547 2096 642 2154 illo
684 2096 1020 2165 fundentes,
1052 2112 1160 2152 nec
1189 2098 1274 2152 sic
1312 2114 1373 2151 se
1420 2096 1501 2151 illi
1530 2098 1720 2151 vicem
1749 2097 1878 2151 red-

228 2173 372 2227 dere
395 2170 801 2242 proﬁteantur.
828 2170 1019 2234 Quam
1048 2173 1286 2242 gratum
1315 2182 1455 2236 ergo
1477 2173 1534 2222 et
1553 2170 1877 2238 pretiosum

228 2241 586 2299 beneﬁcium
628 2241 992 2304 existimant,
1022 2241 1187 2311 quod
1218 2255 1326 2294 nec
1366 2245 1552 2294 morte
1593 2254 1879 2311 compen-

231 2315 349 2370 sari
396 2313 661 2383 putant?
695 2312 806 2368 Sed
847 2311 993 2367 forte
1032 2310 1235 2366 contra
1273 2310 1506 2383 dicatur
1541 2330 1554 2366 :
1600 2312 1656 2366 Si
1707 2310 1876 2365 multi

231 2392 371 2442 ante
398 2382 636 2454 Legem,
669 2390 725 2438 et
755 2390 889 2454 post
916 2383 1130 2451 Legem
1171 2382 1428 2453 peccatis
1474 2384 1661 2453 pressi
1698 2388 1876 2454 totos

233 2474 297 2512 se
328 2452 501 2511 carni
524 2452 818 2509 dederunt
845 2469 858 2519 ;
886 2454 1011 2508 sine
1041 2452 1228 2509 dubio
1260 2452 1498 2508 fuerunt
1526 2452 1731 2524 aliqui,
1773 2458 1880 2524 qut

233 2528 484 2584 creatori
524 2530 639 2581 Deo
665 2525 859 2580 devoti
899 2541 935 2581 a
963 2525 1117 2580 vitiis
1174 2542 1235 2579 se
1288 2524 1689 2579 intraanarent.
1733 2528 1876 2593 Age,

237 2598 535 2669 numquid
562 2596 619 2669 hi
652 2597 930 2669 expuncti
962 2612 998 2651 a
1024 2598 1144 2651 vita
1180 2612 1299 2650 non
1328 2597 1386 2650 in
1414 2596 1710 2669 infernum
1741 2596 1880 2669 edes-

240 2668 608 2725 cenderunt?
621 2668 676 2723 Si
690 2674 875 2722 autem
894 2674 1190 2738 ante,post
1204 2672 1436 2722 mortem
1453 2668 1879 2730 Adae,Christus

233 2742 497 2819 venisset
530 2756 543 2806 ;
576 2739 827 2819 liberato
858 2740 1070 2819 Adam,
1100 2740 1207 2819 qui
1242 2744 1486 2819 peccato
1519 2739 1756 2819 proprio
1798 2744 1877 2819 te:

233 2814 511 2875 nebatur,
544 2828 580 2867 a
610 2816 817 2877 morte,
868 2812 1096 2865 caeteris
1120 2808 1212 2863 _ad
1252 2808 1472 2863 'ccelum
1525 2808 1632 2863 iter
1682 2808 1884 2863 fecerit

234 2883 639 2948 credentibus,
667 2889 727 2935 ut
746 2882 887 2952 quia
914 2882 1008 2952 hic
1032 2881 1185 2935 bene
1212 2882 1498 2952 vixerant,
1527 2881 1676 2952 grati
1715 2884 1884 2934 Crea-

233 2955 345 3011 tori
367 2961 423 3010 et
443 2951 827 3010 restauratori
852 2951 1116 3007 defuncti
1137 2951 1537 3021 reciperentur
1556 2951 1616 3004 in
1640 2951 1879 3005 coalum.

237 3029 532 3082 Damnum
566 3040 707 3094 ergo
733 3031 842 3092 est,
878 3025 1018 3095 quia
1058 3038 1179 3077 non
1215 3029 1351 3077 ante
1394 3023 1553 3095 venit
1596 3021 1880 3076 Christus.

236 3098 536 3153 Damnum
603 3093 735 3151 esse
804 3093 1185 3151 manifestum
1230 3098 1335 3149 est.
1382 3093 1494 3147 Sed
1544 3107 1745 3164 quaere
1807 3107 1884 3147 an

232 3170 467 3240 justum
498 3183 575 3223 an
607 3167 896 3240 injustum
926 3166 1019 3220 sit.
1054 3166 1252 3240 Solent
1282 3165 1441 3219 enim
1474 3162 1888 3240 damnajusta

238 3235 392 3295 esse.
438 3235 742 3310 Numquid
775 3238 866 3293 fur
892 3238 1320 3310 reprehensus,
1355 3251 1493 3310 cum
1539 3236 1599 3289 in
1627 3235 1887 3310 quadru-

232 3306 835 3385 plumtjutxta'legem
872 3306 1212 3385 damnatur,
1244 3322 1364 3385 non
1397 3307 1689 3361 damnum
1731 3306 1887 3385 pati-

236 3377 332 3439 tur
356 3383 385 3439 ?
411 3377 524 3439 S'ed
556 3382 780 3450 iustum
811 3384 918 3441 est.
948 3396 1018 3435 ac
1058 3395 1163 3450 per
1187 3380 1301 3434 hoc
1326 3378 1745 3450 justumquod
1777 3377 1888 3432 ho-

237 3454 473 3510 minum
505 3449 694 3523 genus
726 3468 968 3522 passum
1007 3449 1113 3515 est,
1148 3454 1306 3523 juste
1339 3449 1629 3523 provenit,
1676 3449 1808 3503 ideo
1836 3452 1891 3523 et

238 3521 603 3598 permissum
623 3521 741 3598 _est.
778 3524 970 3598 Quare
1002 3528 1058 3598 et
1095 3521 1557 3598 Selvator_inter
1596 3522 1721 3598 ipsa
1766 3521 1888 3589 pri-

240 3591 476 3652 inordia
505 3595 701 3650 venire
724 3609 844 3648 non
872 3593 1093 3648 debuit.
1130 3595 1272 3648 Cum
1302 3592 1460 3647 enim
1492 3591 1771 3646 diabolus
1799 3608 1892 3645 su-

238 3668 521 3741 perbiret,
551 3665 817 3741 ethomo
841 3680 876 3719 a
903 3668 1017 3741 Deo
1031 3664 1460 3741 factuspositus
1484 3670 1571 3718 est
1593 3662 1891 3741 i_lli_in_imi-

241 3733 371 3804 cus,
388 3737 695 3793 utauxiliis
713 3735 814 3791 Dei
837 3733 1627 3806 munitus,quiaimparerat
1644 3733 1886 3802 viribus,

237 3808 631 3866 resisteretilli
658 3818 900 3878 accepto
923 3808 1211 3862 mandato
1237 3807 1409 3861 unius
1433 3806 1533 3878 Dei
1565 3806 1888 3878 imaginem

245 3882 305 3936 in
335 3883 502 3937 terris
528 3881 603 3934 ad
631 3877 889 3935 errorem
912 3878 1321 3938 auferendum,
1349 3877 1529 3948 perid
1551 3877 1714 3947 quod
1738 3891 1891 3948 unus

238 3952 319 4008 ab
348 3968 468 4007 uno
498 3950 709 4015 factus,
743 3966 816 4005 ex
846 3966 966 4022 quo
1010 3951 1223 4015 caeteri,
1265 3947 1718 4022 demonstraret.
1760 3947 1893 4001 Dia-

241 4023 415 4079 bolus
440 4028 639 4078 autem
665 4022 835 4077 solita
857 4020 1176 4077 subtilitate
1199 4020 1503 4074 simulavit
1530 4035 1590 4073 se
1616 4020 1892 4087 ignorare

239 4095 414 4166 quid;
444 4098 806 4164 praeceptum
844 4092 1055 4147 fuisset
1103 4108 1137 4147 a
1180 4092 1317 4166 Deo,
1351 4099 1405 4144 et
1450 4093 1668 4166 invenit
1710 4092 1893 4166 Evam

241 4160 605 4229 ihstabilem,
637 4160 787 4235 ’post
835 4170 1035 4219 autem
1075 4163 1428 4235 promittens
1464 4162 1602 4235 illis,
1648 4162 1812 4235 quod
1845 4160 1891 4214 si

238 4236 619 4292 interdictum
642 4232 1088 4305 degustassent,
1104 4234 1282 4289 futuri
1305 4240 1500 4305 essent
1520 4232 1597 4305 dii
1616 4251 1629 4299 ;
1645 4232 1892 4305 circum-

239 4309 534 4364 veniteos.
552 4308 645 4362 Sic
658 4303 940 4362 diabolus
958 4307 1192 4361 devicto
1209 4304 1453 4359 homine
1484 4303 1890 4373 triumphavit,

238 4380 339 4435 hic
371 4380 559 4435 victus
590 4394 779 4447 genus
810 4395 986 4432 suum
1016 4376 1283 4431 vendidit
1307 4381 1572 4448 peccato.
1605 4377 1731 4428 Non
1754 4389 1894 4448 ergo

232 4452 466 4523 jUStum
490 4445 617 4523 erat
638 4449 843 4523 victori
870 4449 1065 4503 statim
1096 4445 1641 4523 auferre_violenter
1662 4445 1854 4517 spolia
1880 4461 1890 4497 :

236 4518 384 4594 quia
431 4521 589 4593 quod
630 4520 770 4576 facit
816 4521 996 4594 Deus,
1030 4523 1191 4589 juste
1236 4518 1388 4594 facit.
1438 4522 1717 4594 Praeterea
1757 4532 1895 4594 cum

238 4588 465 4650 acerbe
494 4594 829 4664 peccaverit
867 4588 1050 4647 homo
1072 4608 1089 4657 ;
1113 4588 1648 4664 assentiens_en_im
1680 4588 1800 4643 ﬁeri
1834 4603 1896 4642 se

240 4667 455 4733 Deum,
487 4660 883 4719 i'dololatriam
913 4664 1175 4726 admisit,
1207 4663 1321 4717 hoc
1348 4669 1433 4715 est
1460 4661 1516 4714 in
1548 4660 1733 4733 Deum
1764 4675 1898 4733 pec—

244 4737 403 4793 cavit
437 4730 451 4788 ἐ
486 4736 743 4806 ideoque
793 4749 913 4789 non
955 4734 1034 4788 illi
1077 4734 1271 4806 statim
1314 4732 1535 4806 debuit
1564 4730 1894 4806 subveniri,

242 4809 346 4879 qui
374 4822 485 4861 nec
512 4802 808 4879 paenituit.
830 4806 968 4879 Post
993 4810 1189 4879 autem
1216 4804 1393 4879 justis
1418 4803 1539 4879 mu]
1567 4802 1787 4879 tamala
1809 4803 1899 4879 _in-

241 4874 377 4936 tulit
395 4874 641 4934 satanas
664 4876 1361 4947 :Job.Joseph,Jeremiae,
1378 4877 1564 4939 Isaiae,
1580 4874 1895 4947 Zachariae,

244 4957 304 5007 et
344 4951 571 5005 caeteris
618 4948 942 5016 Prophetis,
974 4944 1029 5001 et
1058 4947 1251 5017 justis.
1286 4946 1507 5000 Idcirco
1535 4944 1900 4999 commissus

242 5027 334 5077 est
352 5020 619 5077 Christus
648 5036 684 5074 a
712 5019 831 5074 Deo
851 5020 1012 5074 Patre
1042 5035 1152 5072 suo
1178 5018 1275 5088 qui
1302 5017 1467 5071 illum
1481 5017 1900 5088 vinceret,etse

241 5091 673 5158 manifestaret,
718 5105 968 5160 regnum
1018 5089 1143 5161 ejus
1172 5087 1446 5143 auferens
1489 5087 1738 5161 ratione,
1780 5101 1900 5161 non

240 5170 587 5246 potestate;
644 5157 1483 5246 quanquamuomlniaipossit
1534 5158 1687 5246 Deqs
1732 5173 1742 5209 2
1799 5157 1902 5246 sed

242 5228 393 5291 illud
421 5233 561 5289 facit
584 5228 747 5304 qubd
775 5228 1050 5302 congruit
1071 5228 1314 5299 rationi,
1334 5236 1396 5286 ut
1420 5228 1896 5300 irreprehensibi-

244 5306 319 5363 lis
348 5310 707 5377 perseveret.

322 5370 601 5433 LXXXIV.
636 5406 703 5417 —
731 5376 922 5441 Quare
953 5376 1108 5430 lunaa
1142 5389 1385 5428 cursum
1415 5372 1474 5425 in
1505 5370 1734 5425 ratione
1765 5372 1905 5423 Pas-

248 5448 378 5505 chae
428 5447 851 5512 custodientes,
888 5447 1157 5515 Paganos
1202 5441 1719 5515 reprehendimus,
1764 5441 1907 5511 quia

248 5520 379 5577 dies
406 5520 648 5574 lunares
678 5523 735 5573 et
758 5513 994 5572 motum
1018 5513 1353 5571 custodient
1372 5513 1400 5567 ‘I

324 5590 498 5646 Absit
541 5605 576 5645 a
607 5588 957 5645 Christianis
988 5591 1053 5642 ut
1082 5586 1273 5641 sidera
1311 5584 1578 5640 venerari
1610 5583 1904 5648 dicantur,

253 5661 481 5736 quibus
512 5660 748 5736 indulta
773 5657 1182 5736 estspirituati
1216 5656 1466 5736 cultura,
1496 5660 1559 5736 ut
1582 5654 1907 5727 despicien-

251 5726 342 5792 ὡς
370 5749 505 5807 (ιιιεθ
534 5732 831 5803 videntur,
876 5726 948 5785 iis
978 5745 1113 5802 quas
1151 5726 1473 5785 invisibilia
1497 5732 1555 5785 et
1582 5726 1762 5797 super
1791 5740 1910 5782 cae-

550 5822 783 5878 ΡΑτιιοι..
821 5818 1042 5877 XXXV.

1739 182 2125 255 APPENDIX.

3494 200 3637 266 9282

1986 322 2166 404 testia.
2182 328 2340 390 sunt,
2358 323 2711 404 copulentur
2728 342 2745 404 ξ
2761 324 2962 404 et__haec
2987 331 3193 404 omnia
3215 334 3637 391 transcendant

1988 394 2169 477 futuri
2201 411 2339 477 cum
2370 394 2606 477 angelis
2648 397 3041 477 Dei._Nam_et
3072 401 3335 477 siderum
3383 406 3639 477 cultores

1988 471 2249 539 autcum
2278 469 2420 537 ipsis
2442 474 2633 531 erunt,
2662 474 2765 523 aut
2786 469 2937 524 infra
2958 471 3106 539 ipsa.
3139 472 3452 536 Quomodo
3476 478 3635 531 enim

1986 536 2111 619 ﬁeri
2154 536 2368 619 potest,
2410 544 2469 593 ut
2512 538 2728 611 aliquis
2766 556 2945 619 super
2973 536 3100 619 haac
3143 544 3212 619 sit
3248 559 3384 614 qua;
3431 546 3569 601 colit
3616 550 3642 619 ?

1989 610 2208 690 _Pagani
2229 612 2428 690 itaque
2452 626 2571 690 non
2598 610 2949 690 computum
2978 612 3133 667 lunae
3150 610 3475 690 observant
3500 618 3634 679 ;sed

1985 678 2195 734 lunam
2229 678 2435 750 ipsam
2477 681 2637 736 velut
2666 678 2840 737 deam
2886 691 3263 740 venerantur.
3301 688 3361 740 Et
3393 686 3640 743 eﬁ‘ectus

1986 749 2417 825 curriculorum
2449 753 2593 825 _ejus
2633 753 3098 823 apprehendisse
3149 771 3213 810 se
3257 758 3639 825 arbitrantes,

1984 822 2131 903 quid
2161 822 2333 903 certis
2349 822 2773 903 diebusagend
2786 841 2908 890 um,
2931 826 3151 903 quidve
3175 829 3511 884 cavendum
3548 822 3639 896 sit,

1983 898 2332 955 decernunt,
2366 896 2619 964 imperio
2656 896 2785 966 ejus
2820 896 2995 966 quasi
3029 897 3206 952 vitam
3242 904 3301 953 et
3332 914 3643 957 conversa-

1984 965 2205 1045 tionem
2240 981 2412 1045 suam
2441 965 2656 1045 ordine
2686 965 3378 1045 quodam_subjicientes
3418 988 3431 1022 :
3463 987 3641 1043 quos,

1982 1037 2126 1106 quia
2160 1041 2326 1091 extra
2357 1037 2453 1089 Dei
2486 1037 2931 1093 ordinationem
2962 1037 3116 1093 haec
3139 1040 3270 1095 ausi
3304 1049 3444 1095 sunt.
3479 1037 3646 1097 usur-

1984 1122 2148 1231 pare,
2182 1106 2303 1188 falli
2335 1107 2689 1189 frequenter
2724 1110 3251 1179 deprehendimus.
3289 1113 3435 1168 Haec
3480 1115 3643 1168 enim

2011 1193 2307 1231 uminaria
2332 1194 2389 1231 in
2423 1194 2597 1231 Signa
2620 1187 2959 1231 temporum
2989 1182 3142 1231 Deus
3170 1182 3495 1231 constituit-
3528 1186 3643 1231 nn-

2011 1182 2307 1250 uminaria
2332 1182 2389 1232 in
2423 1182 2597 1248 signa
2620 1187 2959 1250 temporum
2989 1182 3142 1236 Deus
3170 1182 3495 1239 constituit.
3528 1186 3647 1239 Un-

1983 1248 2057 1302 de
2097 1253 2152 1302 et
2183 1264 2293 1303 nos
2324 1265 2644 1304 numerum
2698 1248 2851 1305 lunas
2882 1252 3280 1316 custodimus,
3314 1269 3433 1308 non
3480 1254 3641 1311 illam

1983 1320 2177 1400 ipsam
2224 1319 2557 1400 excolimus
2586 1342 2597 1384 ;
2634 1325 2696 1375 ut
2733 1338 2767 1377 a
2798 1328 3009 1400 quarta
3045 1324 3281 1400 decima
3312 1325 3475 1392 luna,
3507 1342 3643 1397 quae

1982 1391 2156 1445 nobis
2182 1392 2517 1445 secundum
2538 1391 2751 1458 Legem
2776 1394 2969 1461 prima
2983 1400 3088 1453 est.
3106 1395 3392 1450 rationem
3412 1391 3644 1453 Paschae

1982 1461 2395 1534 observemus.
2450 1464 2666 1534 Omnia
2714 1465 2872 1517 enim
2920 1464 3097 1534 plena
3146 1468 3297 1519 Deus
3335 1467 3583 1522 instituit
3627 1484 3640 1519 :

1981 1531 2234 1609 ideoque
2257 1550 2299 1609 _a
2320 1540 2535 1607 quarta
2562 1533 2796 1609 decima
2830 1531 3018 1609 usque
3040 1536 3117 1591 ad
3145 1538 3495 1609 vigesimam
3524 1539 3647 1609 pri-

1986 1621 2170 1669 mam,
2213 1605 2305 1659 his
2340 1605 2575 1675 septem
2618 1605 2829 1660 diebus
2862 1605 3085 1661 Pascha
3132 1607 3305 1662 nobis
3345 1605 3645 1664 celebrare

1984 1691 2338 1730 concessum
2398 1681 2505 1743 est,
2556 1676 2734 1751 ut_de
2793 1676 2883 1730 his
2933 1683 3158 1751 septem
3209 1679 3391 1751 aliqui
3440 1681 3566 1734 dies
3611 1696 3647 1735 a

1985 1761 2303 1818 parasceve
2346 1763 2532 1817 usque
2576 1748 2653 1800 ad
2700 1750 3193 1802 resurrectionem
3240 1748 3469 1805 Domini
3510 1767 3647 1806 con-

1985 1817 2037 1872 cl
2058 1818 2302 1873 idantur
2331 1832 2343 1870 :
2375 1824 2438 1899 ut
2465 1833 2655 1899 neque
2682 1820 2847 1899 tertia
2879 1818 3122 1899 decima.
3146 1820 3203 1873 in
3243 1820 3643 1899 passionesit,

1984 1904 2179 1963 neque
2214 1894 2428 1960 quarta
2457 1890 2692 1963 decima
2723 1890 2780 1944 in
2815 1890 3265 1963 resurrectione,
3308 1894 3647 1963 autquinta

1985 1960 2262 2025 decima;
2297 1975 2369 2013 ne
2401 1967 2539 2015 ante
2579 1961 2836 2030 primam
2879 1962 3206 2015 secundum
3253 1978 3363 2017 nos
3414 1960 3642 2030 lunam,

1985 2031 2187 2106 passio
2210 2031 2414 2085 Christi
2442 2032 2533 2097 sit,
2556 2048 2744 2106 neque
2772 2034 3120 2106 resurrectio
3142 2033 3193 2106 ej
3205 2050 3270 2087 us
3294 2049 3413 2106 non
3450 2036 3645 2106 primo

1984 2102 2080 2157 die
2111 2118 2232 2174 quo
2276 2108 2507 2174 ereptus
2551 2104 2813 2158 mundus
2840 2108 2946 2158 est.
2993 2102 3208 2160 Omnia
3240 2105 3397 2159 enim
3435 2102 3645 2161 mundi

1987 2173 2258 2245 tempora
2278 2175 2454 2227 unius
2474 2173 2874 2228 hebdomadas
2888 2174 3195 2230 curriculis
3218 2183 3603 2232 numerantur
3629 2193 3643 2242 ;

1984 2248 2127 2316 quia
2159 2246 2256 2316 his
2280 2245 2433 2299 Deus
2465 2245 2673 2316 mundi
2699 2246 2971 2300 membra
3003 2251 3058 2301 et
3098 2252 3453 2302 ornamenta
3485 2264 3647 2302 com-

1985 2315 2200 2396 posuit.
2235 2315 2346 2370 Sex
2380 2317 2540 2396 enim
2570 2315 2783 2370 diebus
2809 2316 3105 2396 mundum
3151 2318 3398 2396 aptavit,
3430 2325 3485 2396 _et
3515 2334 3647 2396 sep-

1986 2386 2133 2443 tima
2184 2386 2699 2458 cessavitLquam
2758 2388 3085 2442 sabbatum
3146 2386 3485 2458 appellavit.
3546 2386 3645 2444 His

1986 2458 2146 2513 enim
2180 2464 2409 2540 septem
2439 2457 2652 2540 diebus
2684 2460 2870 2539 totius
2895 2458 3103 2539 mundi
3134 2457 3285 2540 ratio
3333 2464 3391 2540 et
3428 2476 3643 2540 nume-

1986 2545 2086 2584 rus
2111 2529 2465 2584 continetur.
2503 2533 2749 2599 Semper
2779 2529 2934 2583 enim
2965 2530 3022 2583 in
3050 2545 3110 2582 se
3137 2530 3453 2585 redeuntes
3494 2530 3641 2586 mul-

1988 2600 2245 2672 tiplicant
2262 2616 2580 2655 numerum
2600 2606 2959 2670 temporum.
2979 2601 3108 2654 Post
3129 2602 3453 2657 sabbatum
3482 2603 3642 2657 enim

1987 2671 2367 2745 a’primodie
2401 2674 2612 2745 repetit
2656 2686 2893 2743 semper
2925 2687 3115 2741 usque
3146 2674 3222 2745 ad
3263 2673 3421 2727 diem
3468 2675 3643 2745 septi-

1987 2742 2176 2806 mum,
2209 2743 2263 2797 id
2290 2747 2379 2797 est
2412 2742 2732 2797 sabbatum
2761 2757 2773 2796 :
2798 2742 2863 2797 'ut
2882 2743 3236 2798 resurrectio
3262 2745 3497 2799 Domini
3521 2742 3643 2806 pri-

1989 2830 2089 2887 mo
2130 2815 2223 2887 die
2262 2813 2521 2887 inchoati
2571 2814 2781 2887 mundi
2823 2813 2977 2868 facta
3023 2812 3289 2887 discatur
3324 2817 3475 2887 ;7qui
3516 2812 3643 2870 dies

1988 2885 2327 2939 dominicus
2383 2885 2617 2939 dicitur.
2682 2885 2887 2955 Ipsum
2954 2884 3114 2939 enim
3168 2885 3303 2940 fecit
3358 2884 3645 2941 Dominus

1991 2971 2181 3009 unum
2213 2970 2349 3009 cum
2379 2970 2642 3026 vespere,
2675 2962 2729 3009 et
2774 2955 2833 3009 in
2873 2956 3276 3026 septenarium
3321 2972 3643 3012 numerum

1992 3026 2265 3081 evolutus
2302 3025 2509 3096 incipit
2544 3026 2777 3089 iterum,
2814 3030 2873 3079 ut
2916 3025 2963 3079 si
3011 3032 3146 3096 post
3190 3027 3644 3083 hebdomadam

1994 3097 2245 3168 primus.
2291 3095 2573 3170 Quod_ita
2611 3095 2917 3170 decretum
2946 3095 3043 3170 _ab
3080 3098 3243 3170 initio
3276 3104 3365 3152 est
3404 3105 3648 3170 propter

1994 3166 2439 3222 sacramentum
2474 3166 2902 3239 incarnationis
2945 3167 3199 3239 Domini,
3235 3174 3290 3223 et
3319 3166 3645 3239 passionis,

1996 3245 2050 3295 et
2095 3238 2559 3292 resurrectionis.
2606 3240 2667 3291 ln
2712 3253 2961 3309 corpore
3001 3238 3160 3292 enim
3212 3238 3442 3294 Domini
3491 3246 3647 3294 totus

1996 3325 2183 3435 prope
2217 3310 2476 3364 mundus
2506 3308 2835 3373 resurrexit,
2862 3313 2916 3362 et
2942 3308 3305 3363 instauratus
3330 3316 3435 3363 est.
3461 3309 3647 3363 Abso-

2023 3388 2189 3435 utum
2219 3386 2326 3435 est.
2353 3395 2475 3435 non
2503 3396 2613 3433 nos
2654 3379 2859 3435 lunam
2893 3378 3082 3434 colere
3117 3396 3131 3435 ξ
3165 3379 3271 3434 sed
3304 3395 3644 3435 numerum.

2023 3378 2189 3436 utum
2219 3386 2326 3443 est,
2353 3395 2475 3435 non
2503 3396 2613 3433 nos
2654 3379 2859 3436 lunam
2893 3378 3082 3434 colere
3117 3396 3131 3445 ;
3165 3379 3271 3434 sed
3304 3395 3644 3445 numerum,

1997 3455 2102 3524 qui
2151 3467 2254 3523 per
2312 3452 2467 3507 luna:
2515 3466 2757 3505 cursum
2821 3451 3123 3506 institutus
3170 3451 3643 3524 est_,44custodire.

2001 3522 2285 3580 DiabOlus
2315 3528 2538 3585 autem,
2571 3524 2670 3593 qui
2708 3524 2792 3576 est
2833 3528 3094 3585 satanas,
3130 3527 3193 3576 ut
3235 3522 3482 3577 fallaciae
3523 3537 3647 3576 suae

2001 3595 2413 3651 auctoritatem
2455 3593 2719 3663 aliquam
2748 3593 2933 3663 possit
2960 3593 3263 3657 adhibere,
3298 3598 3356 3647 et
3397 3593 3647 3647 menda-

2000 3668 2091 3721 cia
2116 3682 2224 3719 sua
2253 3665 2660 3719 commentitia
2684 3665 2925 3735 veritate
2952 3663 3236 3735 colorare,
3261 3665 3455 3735 primo
3485 3679 3648 3718 men-

2004 3753 2067 3792 se
2127 3751 2249 3808 quo
2304 3742 2681 3808 sacramenta
2737 3734 3037 3808 dominica
3098 3736 3206 3808 scit
3264 3734 3648 3808 celebranda,

2000 3805 2288 3879 quia—non
2323 3805 2640 3879 mediocris
2672 3806 2945 3875 potentia:
2980 3806 3369 3879 est,ePaganis
3394 3806 3652 3879 quaeob-

2003 3877 2303 3933 servarent
2326 3877 2578 3932 instituit
2604 3879 2908 3947 mysteria,
2936 3883 2995 3931 ut
3017 3878 3251 3932 animas
3279 3894 3482 3933 eorum
3509 3877 3651 3933 dua-

2002 3950 2117 4005 bus
2159 3965 2229 4003 ex
2258 3947 2459 4003 causis
2487 3950 2544 4020 in
2578 3964 2773 4003 errore
2812 3949 3099 4020 detineret
3132 3967 3143 4004 :
3183 3956 3243 4003 ut
3264 3951 3405 4020 quia
3434 3964 3655 4020 praeve-

2002 3965 2117 4005 Dus
2159 3965 2229 4003 ex
2258 3965 2459 4003 causis
2487 3965 2544 4003 in
2578 3965 2773 4003 errore
2812 3965 3099 4003 detineret
3132 3967 3143 4004 :
3183 3965 3405 4020 urquia
3475 3965 3655 4003 rmve-

2002 4022 2089 4076 nit
2141 4021 2442 4075 veritatem
2502 4018 2752 4083 fallacia,
2806 4019 3014 4074 melius
3063 4019 3355 4090 quiddam
3420 3965 3655 4075 Eillacia

2002 4092 2318 4156 videretur,
2356 4094 2529 4162 quasi
2573 4092 2921 4162 antiquitate
2960 4092 3362 4161 praejudicans
3405 4091 3651 4162 veritati.

2004 4164 2069 4217 Et
2109 4164 2251 4235 quia
2280 4166 2336 4217 in
2371 4161 2563 4235 primo
2596 4161 2822 4227 mense,
2852 4163 2909 4215 in
2944 4178 3060 4235 quo
3089 4162 3516 4235 aequinoctium
3548 4161 3657 4214 ha-

2006 4232 2147 4289 bent
2188 4232 2460 4299 Romani,
2514 4234 2665 4287 sicut
2700 4240 2755 4288 et
2797 4249 2906 4287 nos
2948 4234 3045 4304 (a),
3092 4248 3161 4287 ea
3206 4234 3335 4304 ipsa
3380 4232 3656 4304 observa-

2006 4308 2082 4361 tio
2115 4305 2191 4360 ab
2222 4306 2315 4360 his
2346 4306 2668 4359 custoditur
2703 4320 2715 4369 ;
2746 4306 2824 4358 ita
2854 4309 2915 4358 ut
2952 4302 3127 4357 etiam
3159 4302 3261 4372 per
3301 4302 3653 4371 sanguinem

2004 4377 2205 4431 dicant
2233 4376 2633 4447 expiationem
2668 4375 2811 4447 ﬁeri,
2844 4375 3071 4447 sicutet
3102 4390 3211 4427 nos
3247 4388 3349 4442 per
3378 4388 3613 4427 crucem
3643 4388 3655 4425 :

2004 4448 2118 4503 hac
2150 4444 2411 4502 versutia
2454 4450 2724 4513 Paganos
2756 4444 2979 4498 detinet
3011 4446 3066 4497 in
3099 4460 3317 4507 errore,
3353 4447 3414 4497 ut
3452 4447 3660 4513 putent

2005 4520 2313 4573 veritatem
2339 4522 2607 4572 nostram
2635 4516 3030 4570 imitationem
3056 4515 3250 4585 potius
3270 4513 3451 4568 videri
3472 4528 3657 4585 quam

2004 4591 2331 4651 veritatem,
2381 4589 2553 4658 quasi
2600 4602 2704 4657 per
2748 4585 3194 4641 (aemulationem
3239 4584 3660 4658 superstitione

2006 4662 2273 4733 quadam
2318 4656 2641 4733 inventam.
2694 4660 2807 4712 Nec
2847 4658 3003 4711 enim
3044 4673 3250 4733 verum
3312 4660 3526 4733 potest,
3577 4656 3662 4733 in-

2006 4726 2698 4803 quiunt,zestimariquod
2718 4734 2924 4803 postea
2944 4733 3026 4783 est
3042 4730 3367 4803 inventum.
3388 4727 3504 4803 _Sed
3518 4726 3661 4798 quia

2008 4798 2303 4884 apudnos
2330 4817 2439 4884 pro
2467 4798 2621 4855 certo
2652 4798 2868 4884 veritas
2893 4806 2998 4862 est,
3018 4805 3083 4880 .et
3104 4798 3364 4884 abinitie
3390 4799 3522 4884 haec
3550 4803 3658 4884 est,

2010 4870 2293 4929 virtutum
2323 4870 2501 4943 atque
2539 4872 2949 4943 prodigiorum
2979 4870 3155 4943 signa
3179 4870 3664 4943 perhibenttesti-

2008 4944 2302 5007 monium,
2334 4940 2422 5007 ut,
2451 4940 2592 4997 teste
2620 4944 2848 5006 virtute,
2874 4941 3091 4997 diaboli
3127 4941 3476 5012 improbitas
3498 4940 3663 5012 inno~

2009 5020 2214 5070 tescat.
2240 5014 2529 5082 Quoniam
2554 5014 2714 5068 enim
2754 5014 2881 5069 sola
2912 5018 3002 5067 est
3030 5029 3165 5083 quae
3188 5010 3355 5067 facile
3389 5010 3661 5083 suadeat,

2008 5087 2137 5143 haec
2165 5080 2370 5140 contra
2402 5088 2716 5140 versutiam
2748 5092 2803 5140 et
2828 5080 3197 5156 praeventum
3220 5082 3437 5156 diaboli
3472 5080 3665 5156 posita

2010 5164 2116 5223 est,
2139 5156 2657 5212 utsimulationem
2684 5156 2813 5225 ejus
2832 5150 3075 5209 'revelet.
3100 5157 3282 5209 Nemo
3306 5153 3462 5225 enim
3485 5150 3663 5205 etiam

2011 5227 2389 5283 inimicorum
2436 5242 2654 5296 negare
2707 5224 2927 5281 audeat
2976 5225 3091 5280 illic
3150 5241 3274 5279 esse
3330 5224 3664 5285 veritatem,

2012 5300 2115 5356 ubi
2147 5300 2331 5352 virtus
2358 5304 2626 5369 apparet.

2086 5370 2335 5424 LXXXV.
2384 5362 2453 5409 ἐξ
2499 5368 2648 5431 Quid
2693 5374 2778 5421 est
2828 5372 2890 5421 ut
2931 5382 3067 5422 cum
3120 5369 3348 5419 constet
3394 5379 3429 5419 a
3481 5362 3665 5418 David

2015 5456 2208 5512 usque
2255 5439 2333 5494 ad
2387 5438 2975 5512 transmigrationem
3019 5436 3337 5512 Babylonis
3372 5435 3668 5512 decem_et

2014 5506 2243 5582 sep'tem
2268 5527 2401 5565 esse
2432 5506 2847 5580 generationes
2874 5525 2887 5573 ;
2912 5508 3280 5579 evangelista
3307 5506 3668 5577 quatuorde-

2075 5610 2144 5670 (a)
2180 5608 2437 5672 Loquitur
2469 5607 2689 5671 perinde
2714 5619 2775 5656 ac
2798 5606 2872 5655 sic
2895 5605 3020 5655 alibi
3051 5617 3211 5672 quam
3234 5604 3413 5672 Romae
3440 5603 3635 5653 scribat
3650 5618 3664 5672 ξ

2015 5666 2289 5734 ηόη’θιέὀ
2337 5666 2485 5735 idem"
2514 5672 2625 5735 ipse
2674 5671 2753 5719 est
2796 5672 2985 5719 auctor
3018 5666 3329 5733 quaestionis
3375 5678 3479 5719 va
3525 5666 3669 5731 apud

2020 5735 2249 5785 Romam
2282 5734 2507 5799 scriptae.
2537 5734 2547 5735 “
2744 5746 2755 5753 ·

2823 5810 3384 5892 (Soixante-douze.)
