4120 6202
622 148 761 206 2287

613 275 827 339 exisse,
855 278 911 329 et
934 273 1192 329 venisse.
1220 273 1405 327 Nemo
1440 270 1598 327 enim
1622 270 1770 327 alius
1797 273 2027 342 poterat
2074 286 2109 325 a
2145 272 2262 326 Deo

613 349 792 412 exire,
814 347 927 402 nisi
944 346 1041 400 hic
1054 346 1157 416 qui
1176 346 1233 399 in
1253 344 1685 416 principioerat
1704 343 1864 416 apud
1883 343 2065 398 Deum
2083 342 2262 416 (Joan.

612 434 651 483 ι,
685 420 764 487 1);
790 413 1120 489 quiaetnec
1140 413 1462 489 quisquam
1486 413 1895 489 aliussciebat,
1913 421 2015 470 aut
2042 415 2267 489 v_iderat

611 485 827 544 Deum:
848 490 986 543 ldeo
1012 503 1130 541 non
1149 485 1491 541 incredibile
1507 485 1681 539 nobis
1696 492 1801 549 est,
1817 501 2022 540 verum
2056 485 2262 539 Filium

610 560 769 615 hunc
804 560 899 614 Dei
927 558 1186 614 credere.
1222 560 1381 612 Sicut
1427 555 1568 610 dicit
1621 558 1879 611 Joannes
1912 556 1968 610 in
2005 556 2264 615 Epistola

654 632 907 693 rima,E’t
921 633 1111 697 simus,
1130 630 1341 699 inquit,
1358 632 1417 680 in
1434 643 1556 681 vero
1572 628 1721 681 Filio
1740 630 1853 697 ejus
1873 627 2002 681 Jesu
2023 627 2260 683 Christo.

664 703 712 756 ic
743 710 818 758 est
850 718 1006 756 verus
1036 701 1197 763 Deus,
1225 706 1273 753 et
1300 700 1410 753 vita
1444 706 1657 753 aeterna
1684 699 1725 763 (l
1754 699 1910 752 Joan.
1946 715 2003 763 v,
2032 703 2121 757 20)
2157 715 2173 752 :
2208 704 2263 752 et

605 772 945 843 Apostolus,
999 771 1105 837 Qui
1145 770 1626 843 proprio,inquit,
1664 770 1836 843 _Filio
1876 786 1979 823 non
2004 772 2262 843 pepercit

607 840 785 914 (Rom.
814 859 931 911 vui,
965 844 1054 912 32)
1084 858 1095 895 :
1126 840 1181 896 et
1212 840 1601 914 E’vangelista,
1647 840 1787 914 Quia
1812 840 2123 911 proprium,
2157 843 2256 905 ait,

604 912 710 970 sibi
728 922 938 986 patrem
971 914 1175 967 dicebat
1198 916 1369 968 Deum
1394 913 1680 986 (Joanhv,
1706 912 1809 983 18).
1836 914 1893 966 Si
1922 927 2092 965 verus
2118 928 2260 986 ergo

603 982 783 1041 Filius
809 985 909 1039 Dei
929 990 1014 1039 est
1038 985 1321 1047 Christus,
1343 982 1650 1047 qUomodo
1668 983 1851 1038 homo
1879 990 2107 1037 tantum
2132 982 2261 1037 est?

602 1073 780 1112 verus
808 1057 965 1112 enim
998 1056 1169 1110 Filius
1191 1071 1311 1110 non
1344 1054 1656 1119 diceretur,
1685 1054 1794 1109 nisi
1822 1056 2059 1125 proprie
2082 1054 2160 1108 ab
2190 1070 2260 1110 eo

602 1128 1028 1197 essetgenitus.
1049 1130 1161 1182 Aut
1178 1127 1337 1181 dicat
1366 1126 1667 1197 Photinus,
1693 1140 1879 1197 quare
1898 1126 2259 1181 verusFilius

605 1200 703 1254 Dei
724 1195 1003 1262 creditur,
1039 1200 1087 1253 si
1122 1213 1241 1252 non
1279 1195 1606 1252 estverus?
1634 1195 1746 1251 Alit
1775 1198 1917 1267 quid
1952 1212 2104 1267 opus
2135 1205 2259 1251 erat

599 1270 761 1326 hunc
791 1271 1028 1325 credere
1076 1269 1286 1324 Filium
1321 1268 1437 1330 Dei,
1472 1269 1519 1320 si
1557 1283 1710 1321 unus
1743 1274 1893 1321 esset
1939 1269 2012 1321 de
2035 1271 2258 1322 caeteris

599 1343 844 1405 sanctis,
876 1343 977 1412 qui
1008 1340 1109 1394 ﬁlii
1129 1341 1227 1393 Dei
1250 1340 1413 1412 digni
1447 1344 1579 1412 sunt
1600 1339 1925 1410 appellari?
1944 1340 2057 1393 Aut
2086 1354 2260 1412 num-

597 1414 743 1484 quid
777 1410 976 1482 aliqua
1002 1412 1325 1484 indignitas
1358 1411 1415 1464 in
1442 1410 1572 1484 hoc
1599 1418 1703 1472 est,
1732 1426 1836 1480 per
1865 1426 2049 1484 quam
2078 1410 2257 1484 Filius

600 1480 698 1538 Dei
730 1480 1101 1537 sicut'creteri
1134 1487 1292 1545 sunt,
1320 1481 1480 1535 credi
1513 1497 1630 1535 non
1661 1488 1864 1552 posset
1903 1499 1914 1535 :
1949 1488 2005 1535 et
2036 1480 2256 1537 idcirco

597 1554 830 1617 dicitur,
865 1552 1123 1608 uthicde
1144 1569 1265 1624 quo
1288 1552 1662 1606 incredulum
1694 1551 1945 1617 videtur,
1979 1552 2256 1607 credatur

595 1624 775 1680 Filius
795 1641 919 1679 esse
942 1626 1038 1679 Dei
1058 1623 1087 1678 ‘?
1102 1623 1339 1679 Si’enim
1356 1624 1546 1692 potior
1564 1624 1787 1676 caeteris
1811 1630 1919 1689 est,
1934 1624 2076 1694 quid
2100 1639 2254 1694 opus

596 1704 685 1750 est
720 1703 782 1751 ut
813 1696 1060 1759 dicatur,
1098 1695 1278 1749 Crede
1312 1693 1606 1749 Christum
1650 1694 1855 1748 Filium
1887 1693 1984 1748 Dei
2017 1711 2169 1758 esse,
2201 1696 2252 1750 si

596 1782 751 1823 unus
782 1773 934 1823 esset
950 1767 1024 1822 de
1041 1766 1295 1831 caeteris;
1322 1766 1431 1820 nisi
1451 1766 1613 1836 quia,
1638 1770 1700 1819 ut
1716 1765 1882 1836 aliter
1903 1766 1975 1822 de
1998 1765 2111 1820 hoc
2134 1782 2253 1820 cre-

594 1837 790 1903 datur,
823 1838 1183 1909 praecipitur,
1216 1853 1399 1908 quam
1428 1834 1499 1890 de
1528 1834 1796 1890 caeteris?
1829 1837 2249 1909 utiquiamulti

595 1916 736 1982 sunt
766 1907 869 1982 qui
900 1907 1131 1982 ﬁliiDei
1161 1907 1490 1982 sanctitatis
1512 1922 1693 1961 causa
1725 1907 2249 1982 appellantur,_hic

594 1981 755 2036 solus
778 1978 951 2035 verus
984 1980 1160 2035 Filius
1178 1980 1275 2033 Dei
1296 1979 1593 2044 credatur,
1621 1978 1777 2032 unde
1793 1983 1846 2032 et
1879 1979 2087 2033 unicus
2108 1979 2249 2034 dici-

592 2058 705 2107 tur.
739 2055 883 2107 Nam
900 2056 1033 2122 quis
1062 2058 1405 2105 sanctorum
1423 2066 1611 2122 ausus
1630 2050 1803 2122 fuerit
1826 2050 2032 2104 Filium
2057 2050 2156 2105 Dei
2186 2068 2247 2105 se

591 2123 806 2189 dicere,
826 2120 945 2178 non
959 2122 1152 2177 dicam
1169 2128 1224 2177 et
1241 2122 1482 2176 unicum
1499 2122 1515 2154 ¹
1528 2164 1541 2187 ,
1557 2120 1668 2174 nisi
1690 2120 1957 2176 Salvator
1971 2124 2246 2177 conscius

588 2195 907 2249 nativitatis
922 2210 1042 2249 suae
1058 2210 1092 2248 a
1115 2193 1235 2248 Deo
1248 2192 1526 2264 profectae
1541 2191 1569 2246 ‘I
1587 2192 1908 2264 Quomodo
1932 2200 2129 2247 autem
2147 2210 2246 2263 pa-

590 2271 806 2321 teretur
834 2282 896 2321 se
928 2266 1192 2329 adorari,
1237 2263 1280 2318 si
1314 2264 1565 2318 nesciret
1586 2278 1649 2317 se
1681 2263 1755 2317 de
1783 2264 1923 2329 Deo,
1943 2280 2076 2318 cum
2106 2266 2245 2319 scri-

585 2342 755 2409 ptum
789 2337 881 2404 sit,
917 2336 1399 2409 DominumiDeum
1439 2342 1587 2389 tuum
1617 2334 1893 2409 adorabis,
1928 2343 1979 2389 et
2004 2336 2109 2406 ipsi
2138 2336 2246 2409 soli

585 2406 986 2479 Servies(Deut.
1004 2425 1082 2473 v1,
1112 2408 1243 2478 t3)?
1267 2408 1495 2479 Quippe
1524 2422 1657 2460 cum
1682 2406 1969 2479 Joannem
1993 2408 2241 2476 angelus

585 2477 954 2562 corripUerit,
984 2477 1219 2551 eoquod
1251 2477 1501 2532 adorare
1534 2493 1594 2531 se
1623 2477 1815 2562 v'ellet,
1839 2478 2240 2562 dicensle‘i,Ne

586 2548 797 2620 feceris,
831 2551 958 2621 quia
988 2548 1269 2605 conservus
1306 2556 1429 2603 tuus
1470 2565 1586 2601 sum
1616 2549 1809 2621 7:ADe_um
1849 2548 2017 2621 adora
2045 2550 2235 2619 (Apoc.

583 2618 702 2685 iix,
737 2618 899 2686 t0,_et
952 2638 1093 2685 xxu,
1133 2622 1210 2689 9).
1262 2621 1327 2673 Et
1357 2636 1488 2673 cum
1542 2619 1648 2672 soli
1703 2618 1822 2672 Deo
1855 2618 2238 2675 serviendum

586 2694 886 2765 Scriptura
914 2697 1156 2765 testetur
1185 2708 1197 2757 ;
1222 2689 1540 2765 apostolus
1576 2696 1795 2765 tamep,
1821 2690 1928 2765 Qui
1950 2691 2134 2765 serpit,
2158 2695 2240 2765 in-

582 2760 732 2833 quit,
769 2761 1321 2833 Christo,placetDeo
1342 2761 1514 2831 (Rom.
1544 2775 1657 2822 ιιν,
1699 2760 2009 2833 18:.Quare
2031 2762 2059 2815 ?
2091 2764 2237 2827 Quia

584 2831 771 2888 unum
801 2833 1108 2887 suntDeus
1132 2839 1185 2887 et
1209 2832 1483 2903 Christus,
1505 2831 1960 2903 PateretFilius.
1996 2839 2239 2903 Aposto-

583 2904 677 2958 lus
694 2920 754 2958 se
783 2903 991 2959 Christi
1018 2919 1253 2957 servum
1285 2901 2101 2968 fatetur,etdicitCorinthii‘s,
2130 2905 2240 2959 No-

583 2974 678 3029 lite
696 2975 823 3045 ﬁeri
855 2975 999 3029 servi
1026 2974 1297 3029 hominum
1317 2974 1358 3040 (l
1393 2973 1519 3028 Cor.
1542 2988 1640 3045 νη,
1671 2973 1781 3038 23).
1801 2976 1864 3027 Et
1886 2975 1959 3028 ad
1975 2976 2236 3041 Galatas,

582 3044 787 3101 Paulus
825 3046 1111 3116 apostolus,
1144 3063 1248 3099 non
1289 3046 1359 3100 ab
1392 3044 1714 3116 hominibus,
1748 3062 1909 3115 neque
1935 3063 2037 3116 per
2073 3047 2237 3102 homi-

578 3134 697 3172 nem
738 3135 754 3173 :
788 3115 877 3171 sed
915 3135 1014 3188 per
1037 3117 1213 3171 Jesum
1249 3117 1543 3189 Christum,
1586 3123 1632 3170 et
1662 3115 1830 3189 Deum
1862 3115 2101 3189 Patrem,
2143 3120 2238 3189 qui

575 3190 861 3245 suscitavit
891 3187 1008 3244 eum
1048 3206 1082 3243 a
1110 3187 1539 3257 mortuis(Galat
1572 3203 1607 3250 ι,
1630 3188 1678 3257 t)
1714 3188 2011 3242 :ostendit
2034 3187 2235 3260 aperte

576 3261 873 3316 Christum
901 3261 1083 3315 Deum
1134 3276 1263 3315 esse
1295 3265 1349 3313 et
1376 3259 1705 3321 hominem,
1738 3266 1799 3313 ut
1830 3259 2233 3328 apostolatum

575 3347 751 3388 suum
768 3349 886 3387 non
904 3332 981 3387 ab
1005 3332 1249 3387 homine
1277 3331 1544 3398 esse,sed
1562 3346 1597 3383 a
1628 3330 2046 3398 Christo,juxla
2070 3332 2232 3401 quod

572 3402 728 3457 Deus
743 3408 850 3469 est,
871 3410 925 3458 et
953 3420 987 3458 a
1016 3407 1178 3458 Patre
1192 3402 1309 3456 Deo
1340 3417 1467 3455 esse
1494 3402 1953 3473 demonstraret.
1976 3401 2232 3473 Denique

572 3473 633 3545 in
663 3475 945 3545 subjectis
978 3476 1059 3529 ait
1091 3474 1292 3543 :Neque
1317 3474 1461 3526 enim
1491 3489 1580 3545 ego
1609 3471 1674 3524 ab
1705 3471 1915 3545 homine
1947 3471 2228 3545 accepi‘il-

572 3544 686 3618 Iud,
714 3543 875 3618 neque
932 3545 1142 3618 didici;
1178 3544 1267 3599 sed
1302 3560 1403 3614 per
1435 3543 1815 3618 reuelationem
1865 3543 1989 3618 Jesu
2024 3544 2234 3618 Christi

571 3617 760 3686 (Ibid.,
778 3614 815 3683 ἱ,
834 3618 940 3689 12).
959 3617 1106 3682 Quid
1139 3620 1258 3689 tam
1278 3621 1548 3686 apertum
1563 3616 1589 3670 ‘?
1604 3614 1703 3668 Dei
1720 3616 1877 3669 enim
1895 3616 2228 3689 doctrinam

569 3703 688 3760 non
707 3705 807 3760 per
820 3686 1117 3743 hominem
1133 3687 1276 3741 dicit
1291 3702 1498 3760 se_es_se_
1513 3692 1849 3760 assecutum
1864 3686 1987 3760 ,sed
2006 3686 2083 3740 ab
2098 3689 2230 3757 ipso

568 3756 1002 3814 Deoedoctum.
1028 3762 1170 3813 Nam
1196 3774 1306 3813 nos
1340 3756 1437 3811 Dei
1466 3758 1796 3829 doctrinam
1822 3773 1927 3829 per
1956 3756 2230 3813 homines

570 3830 898 3899 accipimus
934 3849 944 3887 :
980 3830 1094 3883 Vas
1117 3835 1314 3883 autem
1340 3828 1641 3900 electionis
1667 3828 1896 3900 nihil’se
1914 3829 2129 3900 probat
2151 3830 2228 3885 ab

566 3900 865 3970 Apostolis
883 3905 1246 3962 assecutum,
1262 3900 1375 3953 hoc
1393 3905 1499 3954 est.
1517 3899 1593 3952 ab
1608 3899 1971 3953 hominibus.
1989 3903 2135 3955 Nam
2157 3902 2224 3966 si,

566 3970 707 4041 quia
722 3970 822 4024 Dei
837 3970 1106 4024 doctrina
1121 3970 1365 4027 est.ideo
1380 3985 1498 4023 non
1516 3985 1619 4039 per
1632 3970 1933 4024 hominem
1950 3970 2224 4036 discitur,

564 4056 749 4114 quam
771 4041 1009 4097 laudem
1032 4057 1203 4114 suam
1218 4046 1477 4114 testatur
1492 4041 1829 4114 Apostolus,
1856 4041 1903 4095 si
1921 4042 2005 4095 sic
2021 4042 2227 4114 didicit

565 4111 719 4168 sicut
746 4115 937 4167 caeteri
966 4111 1225 4182 Apostoli
1251 4112 1278 4167 ‘2
1308 4112 1521 4180 thuid
1558 4111 1717 4175 dicit,
1740 4112 1920 4181 Neque
1940 4130 2029 4183 ego
2052 4112 2117 4167 ab
2140 4114 2225 4168 ho-

560 4185 705 4239 mine
740 4185 925 4254 accepi
940 4183 1111 4254 illud,
1128 4200 1292 4253 neque
1308 4183 1517 4254 edoctus
1538 4198 1655 4236 sum
1675 4200 1690 4247 ;
1715 4183 1804 4254 sed
1818 4200 1916 4253 per
1946 4185 2219 4239 revelatio-

559 4272 679 4310 nem
709 4256 835 4310 Jesu
862 4253 1120 4311 Christi?
1147 4256 1288 4319 Quis
1319 4253 1587 4322 ambigat
1613 4254 1724 4308 hoc
1750 4253 1880 4308 loco
1922 4254 2217 4310 Christum

561 4328 743 4382 Deum
763 4327 1195 4395 signiﬁcatum?
1217 4325 1328 4380 Sed
1349 4326 1492 4397 quid
1520 4328 1761 4383 mirum.
1780 4341 1913 4379 cum
1942 4327 2092 4380 inter
2114 4342 2221 4381 cm-

561 4406 688 4468 tera
726 4399 885 4453 dicat
914 4398 987 4452 ad
1024 4401 1347 4459 Romanos,
1379 4398 1617 4462 Quorum
1662 4404 1868 4466 patres,
1918 4404 1965 4450 et
2010 4414 2076 4451 ea:
2104 4402 2220 4468 qui-

559 4467 652 4523 bus
684 4470 931 4524 Christus
983 4470 1267 4524 secundum
1301 4485 1532 4522 carnem.
1569 4472 1659 4537 qui
1718 4475 1788 4521 est
1841 4484 2001 4537 super
2038 4467 2217 4523 omnia

555 4541 712 4605 Deus,
744 4540 1043 4595 benedictus
1082 4543 1142 4594 in
1171 4540 1365 4594 saecula
1399 4540 1577 4611 (Rom.
1623 4542 1827 4611 1:575)?
1851 4540 1998 4603 Quid
2033 4546 2139 4603 est,
2168 4548 2216 4596 et

556 4628 623 4665 ex
649 4612 841 4681 quibus
867 4611 1119 4670 Christus
1146 4610 1428 4665 secundum
1461 4626 1671 4663 carnem
1704 4610 1733 4661 ‘?
1751 4612 1875 4664 Non
1913 4611 2069 4664 enim
2100 4612 2211 4666 hoc

554 4682 926 4745 diceret,nisi
958 4684 1533 4736 essetetsecundum
1556 4681 1736 4734 Deum
1762 4686 1855 4743 ;ut
1876 4682 2208 4736 secundum

552 4768 795 4807 carnem
820 4770 887 4807 ex
912 4753 1205 4824 patribus,
1231 4754 1562 4807 secundum
1581 4752 1951 4824 divinitatem
1980 4768 2116 4807 vero
2140 4769 2209 4808 ex

551 4826 671 4880 Deo
702 4822 965 4879 Christus
980 4824 1051 4878 sit
1085 4840 1263 4894 super
1284 4824 1489 4878 omnia
1513 4825 1685 4894 Deus.
1706 4822 1813 4894 Sed
1845 4822 1985 4894 forte
2005 4824 2079 4878 ad
2105 4825 2210 4879 Pa-

549 4896 650 4951 tris
683 4911 1003 4967 personum
1022 4892 1312 4967 pertinere
1346 4892 1870 4967 dicaturi’Sedhoc
1894 4893 2021 4967 loco
2044 4896 2206 4950 nulla

546 4974 635 5023 est
658 4963 1163 5039 paterninominis
1182 4966 1423 5039 mentio.
1445 4966 1765 5039 Ideoque_si
1791 4963 2106 5039 de(iliristo
2124 4966 2206 5020 di-

545 5035 701 5094 ctum
722 5044 1253 5108 negatur,persona
1274 5037 1364 5090 cui
1381 5035 1884 5108 competatdetur.
1899 5036 2088 5099 Quare
2104 5053 2204 5092 au-

544 5116 659 5167 tem
693 5111 921 5168 Christo
953 5106 1069 5164 non
1100 5114 1421 5179 competat,
1454 5106 1626 5179 cujus
1661 5106 1888 5179 nomini
1916 5108 2201 5169 coelestia.

542 5182 842 5259 terrestria
881 5187 934 5236 et
964 5181 1196 5259 inferna
1228 5178 1383 5249 genu
1418 5178 1950 5259 flectunttPhilipp.
1977 5196 2033 5241 ιι,
2057 5180 2142 5259 10)
2174 5179 2201 5234 ⁴Ῠ

538 5253 651 5309 hoc
674 5261 783 5317 est,
819 5269 997 5323 super
1024 5252 1227 5307 omnia
1259 5267 1389 5306 esse
1420 5250 1627 5306 Deum.
1664 5252 1868 5323 Prmter
1892 5250 2016 5323 haec
2040 5250 2199 5305 enim

540 5324 656 5380 alia
687 5325 853 5379 nulla
884 5320 1041 5379 sunt.
1063 5323 1708 5388 DicatnuncPhotinus,
1741 5323 1787 5375 si
1820 5321 1946 5375 haec
1968 5320 2197 5376 homini

538 5408 693 5462 genu
716 5396 959 5451 ﬂectunt
989 5412 1000 5449 :
1027 5401 1128 5450 aut
1156 5396 1198 5448 si
1225 5395 1379 5449 Deus
1399 5392 1840 5465 potentiasillas
1857 5392 2122 5447 coelestes
2145 5400 2199 5448 et

539 5472 777 5535 sanctos
800 5466 1058 5535 Angelos
1073 5463 1451 5522 uthominem
1480 5466 1748 5526 adorent,
1778 5463 2051 5518 decrevit.
2084 5466 2195 5520 Sed

536 5533 713 5597 absit,
727 5537 866 5607 quia
883 5533 1035 5591 Deus
1054 5537 1199 5592 nihil
1217 5537 1459 5594 stultum
1475 5537 1763 5601 decrevit;
1784 5536 2042 5592 maxime
2057 5550 2194 5591 cum

588 5686 606 5719 ¹
632 5655 739 5737 Πε.
774 5681 1022 5745 Colbert.,
1047 5698 1241 5737 verum.

1640 140 2106 212 QUIESTIONES
2148 137 2241 199 EX
2278 136 2470 199 Νονο
2508 140 3003 201 TESTAMENTO.

3814 153 3910 214 2288

2368 283 2490 347 non
2513 269 2706 347 liceat,
2726 269 2835 347 nisi
2863 268 3051 347 Deum
3082 270 3317 347 adorari
3344 276 3589 347 ;_quanto
3608 278 3911 347 magisian-

2372 340 2441 416 lis
2462 340 2498 416 ‘?_
2522 343 2638 396 Rex
2678 341 2836 395 enim
2873 342 3236 416 adoraturin
3254 340 3419 416 terris
3432 345 3592 416 quasi
3606 340 3912 408 vicariusDei.

2370 412 2629 489 Christus
2643 419 2839 489 autem
2865 414 3287 489 postvicariam
3306 412 3592 487 impletam
3615 419 3916 489 dispensatio-

2370 497 2498 563 nem
2512 484 2797 563 adoratur
2816 486 2874 537 in
2894 484 3057 563 ccelis
3078 486 3205 539 etin
3240 484 3407 563 terra:
3440 488 3683 563 Legimus
3698 484 3915 563 namque,

2370 556 2512 630 quia
2550 554 2776 630 Verbum
2796 570 2931 630 caro
2957 558 3166 625 factum
3199 563 3276 610 est
3307 558 3481 628 (Joan.
3516 554 3549 628 ἱ,
3583 562 3663 630 14)
3694 554 3917 630 ξὴοοὶξεῑξ

2371 626 2642 680 ministro
2656 628 2872 697 Spiritu
2887 636 3090 682 sancto
3104 626 3467 684 incarnatum
3482 626 3598 684 esse
3610 626 3671 685 ex
3683 634 3825 688 Maria
3840 626 3919 691 hoc

2370 697 2658 761 Verbum,
2692 702 2749 751 in
2777 698 3073 768 principio
3102 700 3265 767 apud
3293 698 3472 754 Deum
3502 700 3683 769 fuisse,
3709 711 3754 758 et
3784 704 3918 760 Deum

2370 768 2639 830 esse,hoc
2651 784 2887 846 quoque
2904 770 3110 825 Filium
3125 770 3225 846 Dei
3240 770 3534 846 appellari.
3548 768 3811 840 Quomodo
3822 792 3920 846 ergo

2371 854 2490 893 non
2506 846 2640 913 ante
2656 842 2896 913 Mariam
2915 842 3175 912 estquod
3190 843 3248 913 in
3282 843 3563 913 principio
3582 852 3708 908 erat,
3736 853 3781 900 et
3812 842 3921 901 Deus

2371 920 2491 984 erat
2506 909 2534 963 εἰ
2560 911 2797 965 Etiamsi
2824 909 3165 967 obcaecatus
3187 909 3368 967 Deum
3382 909 3491 968 hoc
3504 930 3619 969 esse
3639 930 3809 984 negas,
3832 918 3921 973 Ver-

2369 980 2517 1055 bum
2550 988 2743 1055 tamen
2772 997 2889 1037 non
2912 996 3097 1055 negas
3127 1001 3140 1038 :
3167 999 3359 1055 neque
3384 980 3729 1054 ignorashoc
3734 988 3920 1044 Verbum

2373 1052 2579 1126 Filium
2611 1054 2722 1126 Dei
2756 1054 3064 1124 appellari,
3105 1063 3161 1109 et
3192 1052 3304 1110 hoc
3343 1052 3499 1126 apud
3530 1056 3697 1111 Deum
3723 1058 3860 1114 fuisse
3881 1063 3919 1113 in

2368 1124 2683 1197 principio.
2701 1126 2991 1197 Quaiergo
3021 1127 3249 1197 ratione
3280 1124 3409 1197 post
3428 1127 3651 1183 Mariam
3678 1127 3919 1195 dicisesse,

2367 1195 2529 1270 quod
2562 1198 2618 1248 in
2653 1196 2947 1270 principio
2978 1196 3124 1270 legis
3150 1195 3374 1251 fuisse?
3397 1198 3457 1252 In
3491 1200 3920 1270 Apocalypsienim

2366 1265 2620 1339 legimus
2646 1267 2719 1319 de
2748 1265 2993 1331 Christo,
3025 1268 3098 1322 Et
3148 1285 3341 1322 nomen
3372 1270 3480 1339 ejus
3505 1265 3593 1334 sit,
3646 1265 3831 1324 Verbum
3853 1271 3921 1325 Dei

2368 1337 2552 1407 (Apoc.
2594 1353 2713 1403 nx,
2748 1339 2859 1408 13).
2912 1339 3081 1402 Quod
3114 1341 3359 1394 verbum
3391 1337 3598 1396 multas
3624 1341 3779 1397 habet
3804 1344 3921 1397 inter-

2365 1410 2924 1484 pretationes._Nam
2952 1410 3099 1464 nihil
3128 1410 3203 1465 de
3254 1411 3374 1466 Deo
3405 1419 3491 1466 est
3518 1414 3665 1484 quod
3685 1428 3791 1484 pou
3816 1416 3921 1467 Deus

2364 1480 2595 1554 dicatur
2622 1496 2636 1545 ;
2671 1481 2773 1534 sed
2802 1486 3044 1554 propter
3057 1485 3462 1554 auctoritatem
3491 1480 3653 1537 unius
3684 1482 3785 1551 Dei,
3809 1484 3923 1554 quod

2364 1550 2438 1625 de
2468 1551 2602 1625 ipso
2633 1550 2840 1625 natum
2872 1550 2977 1625 est,
3002 1552 3261 1625 Verbum
3294 1554 3609 1625 appellavit
3637 1571 3647 1609 :
3687 1550 3844 1609 uthac
3866 1572 3923 1609 ra-

2365 1624 2522 1676 tione
2536 1623 2847 1693 ducti,qua
2861 1624 3081 1677 scimus
3096 1624 3278 1679 verba
3290 1623 3491 1680 nostra
3507 1626 3790 1680 nonnisiex
3803 1626 3924 1681 nobis

2362 1708 2517 1758 esse,
2543 1691 2839 1748 Christum
2871 1694 2945 1749 de
2977 1694 3097 1749 Deo
3119 1711 3247 1750 esse
3278 1696 3659 1751 crederemus.
3688 1699 3784 1751 Nec
3806 1696 3926 1751 aliter

2361 1764 2605 1837 quidem
2632 1767 2890 1834 oportuit
2918 1767 3026 1819 dici
3060 1773 3122 1820 ut
3147 1767 3221 1821 de
3249 1769 3400 1837 ipso.
3442 1773 3498 1821 et
3517 1783 3628 1822 non
3674 1776 3809 1821 extra
3828 1783 3924 1821 eum

2362 1836 2717 1906 crederetur.
2753 1839 2899 1891 Nam
2920 1837 3094 1891 simili
3118 1836 3302 1892 modo
3334 1846 3389 1893 et
3417 1839 3601 1893 Virtus
3616 1845 3664 1892 et
3689 1839 3922 1906 Sapientia

2360 1905 2460 1982 Dei
2488 1913 2754 1982 vocatur,
2789 1914 2851 1962 ut
2880 1908 3089 1982 e_adem
3123 1910 3353 1982 ratione
3382 1910 3455 1964 de
3484 1910 3602 1982 ipso
3630 1905 3923 1977 intelligatur.

2362 1978 2415 2031 Si
2444 1979 2604 2032 enim
2627 1978 2869 2033 dixisset
2892 1979 3046 2033 Deus
3063 1985 3115 2033 et
3145 1980 3329 2045 Deus;
3352 1996 3466 2035 non
3499 1978 3651 2045 illum
3682 1982 3744 2034 de
3769 1997 3817 2034 se
3833 1994 3924 2034 esse

2359 2049 2814 2123 signiﬁcaverat,
2849 2049 2953 2103 sed
2985 2051 3140 2105 duos
3169 2053 3387 2106 fecerat
3411 2052 3570 2111 deos.
3599 2051 3742 2123 quod
3769 2050 3922 2105 unitati

2358 2122 2678 2175 adversum
2707 2127 2811 2174 est.
2844 2123 2974 2175 Haec
3005 2124 3154 2177 ratio
3180 2125 3236 2176 in
3267 2123 3483 2177 divinis
3518 2122 3684 2177 Libris
3707 2128 3794 2187 est,
3820 2123 3925 2175 utsi-

2356 2191 2673 2259 gniﬁcatus
2709 2191 2863 2245 Deus
2886 2193 3167 2258 Christus,
3205 2197 3452 2249 modum
3483 2210 3595 2249 non
3631 2194 3838 2248 excedat
3856 2190 3923 2245 Dei

2358 2264 2551 2315 unius.
2570 2264 2760 2327 Quam
2776 2264 3131 2319 autemillud
3160 2272 3329 2320 tuum
3358 2266 3589 2320 stultum
3607 2272 3703 2327 est,
3724 2263 3923 2324 Photine,

2353 2348 2474 2403 quo
2502 2336 2583 2387 sic
2606 2335 2923 2405 distinguis
2953 2335 3013 2389 in
3062 2337 3255 2405 capite
3309 2336 3600 2405 Evangelii
3625 2337 3847 2396 Joannis,
3873 2348 3921 2387 ne

2352 2405 2606 2480 verbum
2636 2405 2796 2480 Deus
2827 2406 3057 2480 dicatur
3092 2407 3237 2480 ‘tSic
3265 2411 3424 2462 enim
3468 2409 3604 2480 legis
3636 2424 3647 2460 :
3676 2407 3735 2460 In
3772 2405 3923 2480 princi-

2350 2477 2442 2544 pio
2471 2484 2589 2549 erat
2628 2476 2885 2549 (Verbum,
2908 2484 2959 2531 et
3001 2477 3225 2532 Verbum
3256 2487 3379 2533 erat
3405 2476 3546 2549 apud
3571 2480 3742 2539 Deum,
3764 2484 3806 2533 et
3829 2476 3922 2549 Deus

2350 2554 2471 2621 erat
2512 2546 2759 2621 Verbum.
2783 2547 2895 2621 Hoc
2926 2550 2983 2601 in
3006 2550 3288 2621 principio
3313 2546 3597 2620 erat'apud
3620 2551 3787 2607 Deum.
3816 2546 3921 2621 Quid

2348 2617 2457 2670 sibi
2492 2619 2615 2673 vult
2660 2619 2787 2692 haec
2842 2616 3139 2692 distinctio
3164 2616 3211 2675 εἶ’
3241 2637 3424 2692 quem
3472 2616 3679 2676 indicat
3704 2616 3921 2692 sensum?

2347 2704 2533 2758 quam
2568 2690 2867 2757 signiﬁcat
2897 2690 3133 2760 pietatis
3187 2688 3503 2758 rationem,
3534 2692 3639 2748 nisi
3670 2691 3827 2746 solam
3851 2688 3921 2760 atl-

2346 2774 2557 2813 versus
2598 2761 2700 2814 Dei
2738 2758 2944 2815 Filium
2976 2762 3395 2818 inimicitiam?
3427 2766 3561 2829 Quae
3591 2764 3731 2817 enim
3762 2758 3921 2828 signiﬁi

2346 2830 2495 2905 oatio
2516 2838 2601 2886 est
2626 2835 3084 2905 pronuntiantis,
3105 2833 3179 2887 Et
3209 2834 3439 2891 Verbum
3462 2832 3921 2905 eratapudDeum,et

2344 2901 2489 2977 Deus
2518 2911 2638 2957 erat
2667 2904 2847 2977 t’Haec
2868 2920 3009 2977 ergo
3038 2903 3185 2977 legis
3215 2914 3439 2961 nostrae
3463 2901 3735 2977 sapientia
3766 2910 3850 2962 est,
3882 2906 3922 2952 ut

2344 2972 2556 3028 doceat
2585 2974 2731 3046 quia
2759 2981 2843 3029 est
2870 2972 3026 3029 De'us
3059 2972 3254 3041 {Quae
3286 2977 3489 3047 lingua
3519 2972 3619 3038 ést.
3652 2987 3919 3047 quaa‘gens.

2343 3059 2479 3113 quae
2513 3044 2683 3114 terra,
2713 3062 2849 3116 quas
2872 3054 3051 3114 secta,
3122 3063 3208 3102 uae
3232 3044 3411 3119 neget
3437 3050 3613 3103 Deum
3645 3044 3859 3102 essent
3880 3046 3922 3094 ut

2343 3116 2487 3173 Quid
2522 3116 2779 3171 insinuet
2803 3119 2963 3173 dicit.
2993 3064 3323 3173 Eta’erbum
3354 3119 3622 3173 eratanud
3649 3120 3827 3173 Deum:
3851 3117 3921 3167 aut

2342 3117 2487 3191 quid
2522 3117 2779 3191 insinuet
2803 3119 2963 3191 dicit,
2993 3119 3069 3191 Et
3091 3117 3622 3191 Verbum—eratapud
3649 3120 3827 3173 Deum:
3851 3117 3921 3191 aut

2339 3186 2591 3261 verbum
2620 3187 2732 3261 hoc
2761 3189 2907 3259 quid
2940 3189 3061 3244 vult
3101 3191 3369 3261 intelligi,
3404 3186 3802 3246 nisi-rationem
3829 3186 3919 3261 ejus

2341 3258 2654 3332 ostendat?
2679 3258 2803 3315 Non
2832 3262 2989 3315 enim
3008 3267 3249 3332 propter
3262 3258 3453 3318 Deum
3469 3258 3919 3332 Evangeliumsgri;

2340 3327 2413 3404 de
2482 3345 2598 3404 quo
2673 3326 3046 3404 quaestiones
3080 3326 3249 3404 ﬁunt.
3307 3326 3653 3404 Mysterium'
3683 3330 3823 3404 enim
3847 3326 3919 3379 Dei

2339 3397 2517 3479 bitur,
2549 3397 2771 3479 dequo
2802 3418 2985 3479 nomo
3015 3402 3267 3479 dubitat,
3300 3397 3402 3460 sed
3452 3412 3681 3479 propter
3722 3398 3915 3476 Verbum

2339 3475 2441 3546 est,
2471 3471 2630 3546 quod
2649 3473 2782 3546 ideo
2800 3474 3082 3539 creditur,
3105 3471 3393 3545 quianon
3414 3471 3763 3532 estomuibus
3780 3471 3920 3546 mani-

2339 3540 2577 3615 festum.
2609 3543 2867 3615 Ideoque
2900 3540 3200 3615 Scriptura
3222 3540 3917 3615 contenditdocerequitjsit

2339 3613 2615 3690 Verbum,
2644 3610 2850 3690 dicens
2875 3633 2887 3670 :
2920 3617 2993 3670 Et
3024 3610 3249 3673 Verbum
3277 3627 3409 3675 erat
3432 3619 3574 3690 apud
3585 3610 3917 3690 Deum—emetat

2336 3691 2453 3761 erat
2478 3684 2721 3761 Verbum.
2746 3687 2855 3741 Hoc
2881 3695 2999 3741 erat
3026 3691 3086 3742 in
3113 3692 3389 3761 principio
3405 3681 3547 3761 apud
3560 3681 3868 3761 Deum.ls_tud
3882 3684 3917 3733 ei

2336 3756 2547 3830 rationi
2570 3762 2866 3823 convenit,
2895 3764 2949 3812 et
2981 3756 3393 3830 pronuntiatio
3415 3756 3634 3830 integra
3660 3764 3753 3813 est.
3771 3758 3916 3830 Osten:

2335 3824 2422 3904 dit
2454 3828 2611 3882 enim
2628 3830 2769 3898 quia
2803 3819 3055 3904 V_erbiim
3080 3831 3215 3894 hoc,
3235 3834 3404 3903 quod
3434 3833 3493 3888 in
3517 3819 3777 3904 principio
3799 3819 3916 3899 δι)υᾴ

2337 3895 2518 3952 Deum
2552 3895 2693 3969 erat,
2738 3906 2793 3954 et
2824 3901 2978 3955 Deus
3026 3908 3172 3967 erat,
3204 3895 3275 3957 in.
3325 3895 3916 3968 sacramento-mysterii

2332 3971 2526 4045 aeterni
2562 3969 3153 4045 Deiquodiignotum
3182 3982 3370 4031 erata
3402 3975 3628 4031 saeculis
3654 3980 3705 4027 et
3730 3977 3914 4045 εθριξτᾶ·

2334 4038 2617 4115 tionibus,
2652 4038 2807 4095 Deus
2840 4038 3095 4115 Verbum
3127 4046 3294 4115 apud
3329 4047 3514 4102 Deum
3554 4038 3916 4115 Patremtuisss

2331 4113 2625 4166 credatur.
2662 4116 2721 4167 Et
2752 4114 2895 4184 quia
2927 4112 3274 4171 carnalibus
3301 4118 3359 4172 in
3388 4118 3633 4173 dubium
3661 4112 3810 4184 venit,
3842 4119 3914 4177 ΨΜ

2330 4186 2539 4269 xolunt
2566 4183 2928 4269 scripturam
2954 4201 3062 4256 pro
3093 4202 3308 4242 sensus
3342 4191 3446 4269 sui
3447 4189 3605 4269 loqui
3634 4183 3912 4269 capacitats,

2326 4252 2477 4307 ﬁdes
2516 4252 2707 4331 posita
2752 4261 2856 4321 est,
2915 4252 3073 4331 quas
3114 4273 3363 4331 sensum
3415 4252 3719 4331 Scripturai
3764 4254 3914 4331 sec-pla

2325 4320 2637 4402 praemium
2657 4320 3291 4402 mereatur.Salomoni
3308 4347 3443 4385 cum
3464 4320 3912 4402 sapientiamapeg

2325 4387 2709 4468 postulasset,
2755 4413 3113 4468 responsum
3168 4416 3203 4455 a
3236 4401 3496 4458 Domino
3526 4387 3613 4457 est
3642 4419 3653 4457 :
3695 4398 3807 4468 Ecce
3827 4387 3911 4468 didi

2324 4465 2442 4553 gibt.
2459 4467 2681 4553 inquit,
2714 4484 2807 4522 cor
2829 4465 3041 4539 sapiens
3068 4466 3910 4553 ςιρηυάςηεεθιιαξςίιέίεαξὲε

2322 4542 2400 4613 te,
2423 4544 2473 4613 et
2496 4546 2615 4613 post
2643 4546 2695 4613 te
2719 4556 2821 4594 non
2847 4550 3092 4611 exsurget
3123 4541 3219 4597 vir
3245 4541 3459 4599 similis
3503 4544 3600 4598 tibi
3624 4541 3830 4613 (llleg-
3854 4547 3908 4613 ηιξ

2322 4597 2432 4687 12).
2458 4597 2607 4673 Quid
2641 4612 2910 4687 dicemus
2930 4613 2959 4664 ‘t
2986 4597 3196 4668 Verum
3213 4597 3476 4687 estquod
3496 4597 3907 4687 promisitpveusj

2318 4677 2444 4752 lmo
2478 4696 2681 4736 verum
2714 4690 2821 4737 est.
2857 4686 3039 4739 Nemo
3093 4700 3236 4752 ergo
3276 4677 3592 4742 hominum
3633 4682 3813 4752 similis
3836 4677 3909 4728 erit

2318 4751 2641 4825 Salomon}.
2678 4755 2743 4807 Et
2788 4754 2931 4825 quid
2964 4749 3264 4811 videbitur
3293 4759 3370 4813 de
3402 4758 3641 4819 Christo,
3691 4753 3777 4824 qui
3804 4749 3909 4802 inter

2315 4830 2542 4886 caetera,
2569 4822 2878 4894 Reginafin
2933 4827 3031 4891 uit,
3064 4828 3282 4895 Austri,
3306 4833 3457 4885 venit
3475 4828 3540 4884 ab
3560 4822 3760 4883 ultimis
3790 4826 3908 4875 tam?

2315 4892 2506 4946 audire
2534 4897 2853 4951 sapientiam
2884 4842 3181 4951 galomonis
3212 4918 3231 4951 :
3269 4908 3323 4951 et
3351 4918 3461 4951 ecce
3518 4900 3638 4951 olus
3690 4895 3905 4950 Salomon!

2314 4892 2509 4971 audire
2534 4892 2853 4971 sapientiam
2884 4892 3181 4971 Salomonis
3212 4918 3231 4954 :
3269 4892 3323 4955 et
3351 4918 3461 4956 ecce
3516 4900 3638 4971 plus
3660 4968 3668 4971 _
3690 4895 3905 4971 Salotfpm

2682 4968 2961 5053 nihil)?
3008 4959 3756 5053 θίξιῃοὶθιὶεεήςιιίξοζᾳόρεῖ
3786 4959 3905 5053 :P‘ltg'

2314 5035 2451 5100 tine,
2484 5035 2603 5091 Deo
2636 5053 2708 5091 an
2754 5035 3005 5103 Christo,
3036 5041 3187 5096 Patri
3223 5035 3315 5097 aii
3337 5035 3480 5098 Filio
3511 5043 3539 5099 ἲ)
3582 5043 3635 5097 Si
3666 5036 3797 5092 Patri
3822 5042 3905 5085 cre-

2310 5105 2422 5186 dis,
2458 5107 2662 5186 arguis
2697 5108 2899 5164 Filium
2930 5127 2944 5175 ;
2973 5112 3019 5165 si
3044 5111 3180 5167 Filio
3207 5114 3423 5186 credis,
3454 5126 3691 5186 accusas
3705 5109 3901 5186 Patrem

2309 5178 2365 5231 Si
2396 5179 2552 5232 enim
2587 5178 2770 5234 homo
2795 5186 3020 5236 tantum
3054 5190 3141 5237 est
3172 5178 3687 5249 Christuerustra
3716 5193 3770 5233 se
3798 5185 3904 5245 pm‘

2306 5250 2504 5329 posuit
2538 5250 2845 5329 Salomoni
2879 5259 3080 5329 contra
3117 5257 3487 5329 promissum
3521 5254 3615 5309 Dei
3647 5269 3660 5317 ;
3687 5250 3903 5329 si}???

2294 5314 2648 5396 intelligitur
2673 5339 2803 5396 esse
2836 5330 2894 5378 et
2923 5325 3097 5390 Deus,
3117 5314 3318 5394 'digne
3352 5342 3416 5381 se
3447 5314 3761 5396 anteposuit
3784 5314 3905 5396 Saloj

2306 5394 2493 5460 moni,
2516 5398 2568 5446 et
2599 5393 2964 5467 promissum
2998 5392 3542 5453 incontaminatum
3558 5392 3642 5467 est
3663 5392 3769 5467 Del.
3795 5394 3903 5467 ςιψδ

2304 5477 2427 5516 non
2471 5462 2801 5520 exsurrexit
2830 5466 3014 5522 homo
3057 5468 3263 5523 similis
3324 5466 3644 5525 Salomoni.
3697 5462 3903 5516 Christus

2303 5535 2460 5611 enim
2494 5535 2714 5611 idcirco
2748 5553 2809 5611 se
2837 5538 3128 5611 potiorem
3162 5542 3445 5604 ostendit,
3502 5539 3635 5611 quia
3661 5534 3796 5611 Deus
3818 5527 3899 5611 effl-

2302 5605 2345 5682 Ο
2364 5605 2722 5682 dementiam
2749 5595 3007 5674 Photini,
3035 5611 3137 5682 qui
3152 5595 3449 5668 Christum
3466 5595 3597 5666 ante
3608 5605 3816 5665 Mariam
3839 5595 3902 5682 ξας

2302 5675 2406 5733 teri
2425 5691 2545 5733 non
2573 5662 2717 5752 vult,
2746 5662 3449 5753 quem—voceﬁsua—audi—t"
3456 5662 3745 5739 testantem
3769 5662 3900 5742 quod
