4120 6202
220 181 364 236 2289

220 308 362 360 ante
394 305 699 361 Abraham
731 306 806 378 sit
836 306 847 359 ε
884 307 1027 361 Cum
1060 304 1219 361 enim
1246 305 1320 361 de
1353 309 1618 378 tempore
1642 313 1885 378 agerent

219 392 363 449 cum
396 393 467 431 eo
498 377 996 449 Judeeidicentes,
1031 378 1435 449 Quinquaginta
1456 377 1624 433 annos
1650 377 1884 435 nondum

215 447 394 520 habes,
425 454 477 501 et
519 446 1007 520 Abrahamividisti
1036 447 1063 502 ?
1092 446 1401 520 respondit
1430 451 1537 515 eis,
1566 452 1739 505 Amen
1767 452 1885 507 dico

218 517 699 592 vobis,_antequam
738 519 1016 592 Abraham
1070 517 1223 590 ﬁeret
1276 538 1373 592 ego
1401 538 1518 575 sum
1548 523 1726 588 (Joan.
1760 540 1880 588 Vlll,

218 592 308 654 57,
344 590 621 663 58).”Non
654 589 817 663 dixit,
851 589 1257 647 meliorsuni:
1288 589 1391 647 sed
1420 594 1497 647 ad
1523 594 1884 663 interrogata

215 660 551 735 respondit,
578 661 722 735 quia
776 667 913 717 ante
942 668 1065 735 erat
1103 680 1287 733 quam
1350 665 1643 735 putabant
1668 660 1878 721 Judaei.

216 732 803 808 Maledictum'plane
835 735 1001 808 Legis
1031 732 1315 808 Phatinus
1342 732 1589 791 evadere
1630 753 1748 792 non
1778 753 1880 808 po-

214 810 347 868 test,
376 803 537 879 quia
563 819 742 879 spem
756 821 933 879 suam
968 805 1149 879 habet
1179 808 1236 860 in
1264 807 1511 879 Christo,
1544 824 1724 879 quem
1758 803 1878 863 tan-

214 883 344 931 tum
376 875 868 950 hominemdicit,
904 892 1039 950 cum
1072 876 1249 947 legat,
1271 875 1594 933 Maledictqu
1616 879 1764 934 homo
1784 880 1881 950 qui

212 964 357 1018 spem
397 947 563 1021 habet
591 947 649 1021 in
690 946 1133 1021 bominejlerem.
1161 949 1387 1020 xvu,5).
1425 950 1743 1021 Apostolus
1777 946 1878 1007 au-

214 1017 335 1092 tem
365 1019 557 1074 sciens
584 1017 874 1092 Christum
894 1019 1101 1087 Deum,
1130 1021 1262 1075 ideo
1280 1017 1419 1075 etin
1444 1017 1720 1092 p'riesenti
1742 1029 1796 1077 et
1818 1024 1877 1078 in

214 1088 416 1145 futuro
446 1105 615 1161 spem
646 1104 781 1143 esse
808 1091 865 1143 in
898 1105 968 1145 eo
999 1092 1098 1155 ait,
1133 1092 1199 1145 Si
1251 1092 1311 1145 in
1343 1088 1461 1147 hac'
1479 1099 1688 1148 tantum
1741 1094 1874 1158 vita,

211 1162 427 1232 inquit,
454 1167 733 1231 sperantes
758 1176 938 1214 sumus
975 1162 1035 1215 in
1074 1162 1308 1229 Christo,
1342 1164 1762 1219 miserabiliores
1791 1182 1875 1219 su-

211 1249 333 1307 mus
359 1232 605 1287 omnibus
647 1232 956 1307 hominibus
985 1236 1025 1298 (I
1081 1234 1210 1288 Cor.
1259 1236 1505 1307 xv,qt9).
1574 1237 1701 1290 Non
1735 1251 1875 1307 ergo

212 1305 389 1359 homo
423 1309 655 1359 tantum
694 1309 800 1366 est,
852 1304 913 1358 in
940 1319 1057 1373 quo
1088 1320 1253 1374 spem
1292 1304 1509 1360 habere
1542 1304 1831 1360 docemur
1860 1328 1871 1371 ;

210 1376 359 1501 quia
386 1391 537 1431 vana
571 1389 707 1446 spes
739 1375 795 1429 in
828 1374 1071 1430 homine
1098 1381 1204 1430 est.
1240 1379 1371 1431 Haec
1396 1377 1656 1432 diximus
1680 1392 1877 1447 pauca

259 1464 289 1500 e
318 1446 520 1501 multis
554 1466 566 1501 :
606 1446 904 1501 sufﬁceret
933 1448 1113 1501 enim.
1150 1447 1200 1501 si
1250 1448 1426 1501 bonae
1452 1450 1664 1501 mentis
1697 1455 1871 1501 esset-

259 1464 289 1500 e
318 1446 520 1501 multis
554 1466 566 1505 :
606 1446 904 1501 sufﬁceret
933 1448 1113 1511 enim,
1150 1447 1200 1501 si
1250 1448 1426 1503 bonae
1452 1450 1664 1503 mentis
1684 1446 1871 1517 esset,

210 1518 467 1573 Photino
488 1517 603 1573 hoc
634 1518 829 1572 solum
856 1517 1017 1588 quod
1047 1525 1416 1588 postremum
1446 1520 1775 1588 posuimus.

286 1590 448 1662 XCII.
478 1620 545 1628 —
577 1589 892 1662 Quomodo
924 1589 1268 1662 intelligitur
1302 1589 1464 1662 quod
1491 1591 1634 1645 dicit
1665 1590 1869 1646 Salva-

214 1664 333 1733 tor,
386 1661 575 1715 Pacem
604 1677 772 1714 meam
802 1660 887 1733 fdo
918 1661 1071 1733 vobis
1121 1678 1136 1725 ;
1176 1660 1359 1730 pacem
1412 1678 1583 1717 meam
1624 1662 1873 1733 relinquo

212 1731 360 1786 vobis
370 1748 563 1869 2:Dn‘pn
600 1734 739 1786 sicut
793 1732 880 1786 hic
910 1732 1140 1787 mundus
1164 1734 1275 1797 dat,
1307 1750 1395 1804 ego
1419 1733 1485 1787 do
1511 1733 1657 1789 vobis
1688 1731 1871 1805 (Joan.

212 1819 337 1867 xw,
1755 1832 1759 1836 .

209 1819 337 1867 XIV,
370 1807 458 1867 27)
482 1807 510 1857 ?
1755 1832 1759 1836 .

288 1875 396 1939 Qui
426 1889 634 1943 pacem
667 1872 918 1944 suscipit
950 1873 1295 1940 Salvatoris,
1323 1875 1693 1930 inimicitiam
1729 1891 1871 1930 con-

211 1945 410 2001 trahet
428 1945 658 2000 mundi.
680 1946 797 2016 Nisi
812 1945 974 1999 enim
992 1946 1417 2016 discordaverit
1431 1962 1466 2000 a
1484 1947 1748 2011 diabolo,
1770 1963 1871 2016 pa-

207 2033 352 2089 cem,
378 2032 512 2089 non_
536 2015 780 2089 habebit
810 2032 948 2089 cum
987 2015 1239 2071 Christo.
1277 2021 1459 2072 Nemo
1490 2020 1647 2072 enim
1679 2015 1871 2089 potest

206 2088 455 2143 duobus
480 2086 741 2159 dominis
772 2087 1242 2159 servireUHatth.
1282 2105 1356 2152 vx,
1388 2089 1499 2159 24).
1534 2090 1633 2144 Hic
1663 2086 1800 2157 ergo
1832 2106 1868 2144 a

211 2159 446 2213 mundo
491 2158 813 2221 discordat,
853 2159 954 2228 qui
990 2157 1183 2225 legem
1233 2160 1331 2213 Dei
1368 2157 1615 2215 ﬁdeliter
1646 2166 1864 2215 servat.

207 2230 421 2286 Christi
438 2245 583 2300 pace
602 2229 1182 2292 munitus,omnium
1207 2231 1681 2286 adversariorum
1706 2247 1869 2286 com-

207 2301 413 2373 primit
445 2300 576 2373 tela.
605 2301 743 2365 Quis
771 2301 929 2373 enim
956 2300 1177 2355 audeat
1201 2301 1483 2357 adversus
1515 2318 1651 2356 eum
1684 2318 1866 2373 quem

206 2370 320 2427 scit
338 2372 490 2441 regis
509 2375 772 2427 amicum
787 2370 1005 2443 ?rAliter
1023 2377 1221 2443 tamen
1238 2373 1500 2427 mundus
1517 2370 1723 2443 paceni
1739 2375 1861 2439 dat,

204 2459 397 2515 quam
419 2459 482 2497 se
506 2444 772 2499 Salvator
792 2442 935 2497 dare
965 2442 1254 2515 promisit.
1279 2442 1531 2499 Mundus
1565 2446 1725 2499 enim
1764 2452 1866 2501 aut

208 2514 373 2587 metu
404 2514 507 2569 dat
532 2530 763 2587 pacem,
797 2519 901 2569 aut
924 2529 1113 2587 prece.
1143 2514 1414 2587 Salvator
1444 2531 1580 2570 vero
1612 2532 1749 2571 cum
1784 2518 1859 2572 sit

204 2585 566 2642 fortissimus
595 2586 888 2649 omnium,
924 2585 1153 2640 nullum
1183 2586 1385 2656 utique
1419 2592 1709 2652 metuens,
1738 2603 1856 2643 non

205 2663 457 2730 rogatus
487 2658 588 2712 dat
620 2672 848 2730 pacem.
892 2656 1218 2730 Salvatoris
1249 2673 1390 2726 ergo
1422 2658 1548 2713 haec
1592 2675 1708 2730 pax
1746 2665 1855 2728 est,

207 2728 600 2801 quaefidcirco
626 2728 818 2801 datur,
847 2734 903 2782 ut
924 2728 1366 2801 munimentum
1396 2731 1467 2784 sit
1491 2728 1697 2785 contra
1724 2731 1858 2786 hos-

209 2798 324 2855 tes.
351 2800 474 2854 Pax
500 2798 743 2871 quidem
764 2815 885 2854 uno
899 2800 1138 2855 nomine
1163 2800 1521 2870 appellatur,
1549 2801 1652 2856 sed
1678 2801 1858 2869 longo

208 2869 908 2935 intervallo—discernitur,
939 2871 1034 2926 Dei
1057 2877 1112 2925 et
1145 2869 1373 2925 mundi.
1401 2875 1529 2927 Haec
1559 2874 1718 2926 enim
1749 2873 1858 2928 fra-

207 2943 344 3012 gilis
386 2948 492 3011 est,
525 2941 627 2997 illa
670 2941 832 2996 fortis
866 2958 879 3007 ;
911 2943 1037 2997 haec
1080 2958 1318 3010 carnea,
1352 2942 1449 2997 illa
1489 2944 1807 3013 spiritualis
1841 2960 1854 3010 ;

206 3015 340 3069 haec
374 3019 623 3077 terrena,
658 3013 759 3067 illa
786 3013 1036 3069 caelestis
1066 3031 1079 3080 ;
1110 3013 1232 3068 hinc
1259 3013 1333 3068 de
1365 3014 1709 3069 necessitate
1748 3022 1853 3081 est,

206 3085 313 3166 illa
335 3085 423 3166 d_e_
436 3082 1034 3166 voluntateﬁhristus
1047 3086 1254 3166 enimp
1266 3084 1435 3165 ullius
1448 3100 1627 3154 egens
1644 3102 1857 3166 pacem

206 3156 382 3212 oﬂert
411 3156 683 3211 invalidis
716 3161 771 3210 et
799 3156 1151 3222 inermibus,
1185 3158 1470 3211 Dominus
1509 3156 1720 3221 servis,
1754 3157 1858 3212 bo-

206 3245 323 3283 nus
352 3227 542 3291 malis,
582 3227 1115 3283 Deushominibus.
1153 3232 1319 3283 Recte
1349 3243 1491 3296 ergo
1521 3228 1621 3293 ait,
1640 3228 1766 3283 Non
1787 3228 1859 3282 si-

205 3306 295 3354 cut
320 3299 404 3354 hic
426 3298 653 3354 mundus
672 3299 782 3363 dat,
807 3316 897 3369 ego
916 3299 982 3353 do
1002 3299 1146 3353 vobis
1167 3319 1185 3355 .·
1202 3300 1315 3353 hoc
1341 3300 1500 3353 enim
1518 3299 1747 3361 dicens,
1776 3300 1859 3354 iu-

210 3371 389 3439 telligi
414 3371 593 3426 voluit
616 3370 988 3425 clementiam
1014 3371 1185 3425 bonae
1210 3370 1528 3425 voluntatis
1550 3387 1693 3424 sure.
1712 3373 1857 3426 Cum

208 3442 371 3497 enim
403 3441 604 3496 omnis
627 3441 857 3513 idcirco
902 3442 1000 3495 det
1033 3458 1241 3513 pacem
1291 3446 1353 3495 ut
1392 3442 1664 3511 proﬁciat
1694 3442 1806 3496 sibi
1838 3459 1854 3507 ;

207 3513 323 3581 hic,
357 3513 415 3567 id
442 3518 529 3567 est
549 3512 838 3577 Salvator,
871 3513 949 3567 ad
983 3512 1095 3566 hac
1121 3512 1243 3577 dat,
1278 3519 1338 3567 ut
1369 3513 1553 3583 prosit
1576 3530 1696 3568 non
1723 3513 1854 3578 sibi,

207 3584 315 3639 sed
345 3586 430 3638 eis
459 3584 823 3655 quibusdat.
848 3583 1025 3637 Aliter
1048 3599 1185 3653 ergo
1200 3585 1463 3638 mundus
1495 3589 1595 3655 dat
1628 3600 1855 3653 pacem,

207 3672 392 3725 quam
416 3654 576 3709 dedit
606 3654 893 3710 Salvator.
931 3656 1216 3709 Etmundi
1251 3671 1365 3724 pax
1397 3670 1515 3710 non
1548 3654 1719 3710 docet
1750 3658 1855 3710 bo-

208 3742 352 3781 nam
385 3726 589 3789 vitam,
617 3742 736 3781 non
768 3725 978 3780 suadet
1007 3726 1083 3779 ad
1111 3726 1612 3797 patientiam,non
1642 3742 1859 3797 provo-

206 3805 305 3852 cat
343 3798 416 3851 ad
446 3797 756 3866 justitiam,
792 3813 909 3851 non
943 3797 1214 3852 hortatur
1252 3796 1325 3850 ad
1364 3796 1853 3863 misericordiam,

207 3883 329 3922 non
354 3869 642 3938 promittit
662 3876 945 3923 aeternam
966 3868 1172 3922 vitam.
1197 3866 1569 3938 Quicumque
1587 3869 1745 3923 enim
1761 3886 1856 3924 ac-

208 3940 429 4011 ceperit
473 3954 685 4010 pacem
721 3938 952 4011 Christi,
981 3939 1223 4011 alienus
1252 3938 1360 3993 erit
1411 3954 1447 3994 a
1483 3939 1630 3995 vitiis
1682 3940 1857 4011 hujus

208 4010 444 4073 mundi,
476 4009 611 4082 quas
646 4010 894 4082 militant
921 4009 1210 4065 adversus
1245 4011 1534 4082 animam.

280 4082 473 4136 XCIII.
502 4081 573 4121 “-
594 4081 992 4145 Quaerendum
1020 4097 1097 4136 an
1133 4081 1411 4152 Spiritum
1442 4090 1713 4137 sanctum
1745 4082 1857 4136 ha-

205 4151 451 4234 buerint
480 4152 742 4234 Apostoli
778 4158 1041 4234 tempore
1069 4151 1585 4234 illo_quo__fuer_unt
1614 4154 1672 4208 in
1703 4158 1859 4234 terra

208 4240 347 4278 cum
378 4223 630 4279 Domino
662 4240 674 4278 :
713 4224 856 4294 quia
887 4224 1035 4279 inter
1065 4224 1255 4279 multa
1287 4223 1428 4279 dicit
1461 4226 1852 4289 Evangelista,

207 4296 464 4366 Spiritus
491 4294 725 4349 nondum
755 4302 871 4348 erat
912 4294 1090 4358 datus,
1132 4297 1259 4366 quia
1300 4295 1453 4350 Jesus
1483 4296 1717 4350 nondum
1741 4296 1858 4364 [ue-

207 4374 299 4439 rat
326 4367 709 4439 honoriﬁcatus
733 4366 913 4433 (Joan.
962 4383 1063 4431 vn,
1094 4369 1186 4439 39)
1222 4383 1235 4433 ;
1278 4374 1334 4421 et
1358 4367 1476 4421 alio
1522 4369 1577 4420 in
1612 4366 1764 4431 loco,
1798 4366 1858 4439 Si

206 4438 452 4507 diligitis
480 4454 579 4499 me,
613 4438 712 4502 ait,
745 4444 1022 4505 praecepta
1054 4454 1167 4492 mea
1197 4444 1425 4503 servate,
1459 4444 1507 4491 et
1538 4454 1628 4506 ego
1667 4438 1859 4507 rogabo

206 4508 451 4573 Patrem,
480 4515 527 4563 et
553 4509 728 4563 alium
768 4508 1107 4564 Paracletum
1131 4509 1278 4563 dabit
1313 4508 1472 4571 vobis,
1502 4516 1559 4562 ut
1598 4508 1858 4563 vobiscum

209 4581 279 4635 sit
313 4582 372 4634 in
398 4588 681 4645 aeternum,
710 4580 983 4651 Spiritum
1021 4582 1291 4643 veritatis,
1324 4597 1475 4651 quem
1504 4580 1735 4634 mundus
1756 4597 1855 4634 non

202 4658 373 4722 potest
402 4653 643 4722 accipere
672 4674 690 4719 ,-
717 4652 843 4721 quia
870 4669 972 4706 non
998 4653 1137 4706 videt
1176 4668 1269 4706 nec
1293 4651 1554 4721 cognoscit
1581 4668 1695 4706 eum
1728 4670 1748 4706 :
1777 4668 1860 4705 vos

208 4724 401 4777 videtis
431 4740 547 4777 eum
574 4730 621 4777 et
651 4724 962 4793 cognoscitis
983 4742 1003 4785 ,·
1023 4725 1153 4793 quia
1176 4723 1323 4794 apud
1353 4740 1442 4778 vos
1465 4730 1661 4787 manet,
1689 4731 1738 4777 et
1770 4740 1857 4777 vo-

207 4794 412 4849 biscum
442 4802 515 4849 est
543 4794 647 4864 (Id.
678 4811 795 4861 xw,
831 4796 1029 4862 15-17).
1060 4796 1208 4858 Quid
1243 4795 1461 4849 esthoc
1490 4795 1517 4849 ‘?
1549 4798 1730 4863 Negat
1760 4795 1860 4849 da-

206 4871 336 4921 tum
371 4866 650 4935 Spiritum
685 4872 822 4920 ante
848 4864 1189 4936 passionem
1234 4884 1247 4920 :
1278 4872 1625 4933 rogaturum
1659 4872 1857 4921 autem

208 4953 271 4991 se
313 4938 600 5006 promittit
632 4938 880 5003 Patrem,
910 4943 971 4990 ut
1004 4936 1192 4991 mittat
1222 4952 1382 4990 eum.
1418 4939 1556 4990 Item
1588 4936 1856 5003 subjecit,

208 5008 353 5080 quia
375 5024 510 5062 cum
542 5009 689 5077 ipsis
722 5015 865 5074 erat,
885 5014 940 5080 et
963 5009 1244 5080 manebat
1272 5007 1433 5080 apud
1460 5022 1581 5061 eos.
1610 5008 1756 5080 Post
1775 5024 1860 5062 re-

208 5077 639 5134 surrectionem
689 5086 885 5133 autem
928 5078 1137 5147 legitur
1168 5077 1508 5133 insufﬂasse
1556 5086 1612 5132 et
1640 5078 1860 5133 dixisse

208 5150 315 5213 eis,
352 5150 600 5220 Accipite
627 5148 897 5220 Spiritum
940 5158 1179 5205 sanctum
1213 5150 1321 5217 (Id.
1358 5166 1449 5212 xx,
1480 5150 1592 5218 22).
1622 5150 1683 5203 In
1720 5150 1863 5204 Pen-

206 5227 432 5277 tecoste
462 5228 660 5277 autem
684 5221 1065 5276 descendisse
1096 5221 1310 5288 legitur
1340 5221 1588 5291 Spiritus
1621 5227 1862 5275 sanctus

208 5293 267 5348 in
299 5292 775 5363 Apostolos(Act.
804 5312 860 5356 ιι,
882 5293 1243 5363 t-t).Tantas
1272 5292 1443 5347 video
1464 5295 1521 5347 in
1548 5291 1659 5346 hac
1677 5307 1862 5347 causa

208 5363 714 5436 perturbationes,
752 5370 812 5419 ut
843 5363 989 5435 quid
1023 5363 1348 5418 tenendum
1384 5363 1455 5417 sit
1484 5363 1769 5417 nesciam.

281 5437 341 5490 In
375 5435 465 5489 his
499 5434 782 5489 omnibus
808 5434 941 5505 quae
965 5436 1270 5505 proposita
1292 5441 1449 5498 sunt,
1480 5450 1600 5489 non
1623 5450 1745 5489 una
1770 5438 1862 5505 est

207 5522 413 5562 causa.
442 5506 699 5561 Breviter
717 5504 872 5560 enim
899 5504 1273 5575 singularum
1293 5521 1611 5559 causarum
1640 5504 1863 5571 signiﬁ~

208 5584 357 5633 catae
390 5584 529 5633 sunt
558 5576 763 5633 formae
799 5594 811 5643 ;
846 5578 987 5647 quia
1019 5594 1172 5631 unus
1199 5577 1441 5647 quidem
1472 5582 1558 5631 est
1588 5577 1859 5645 Spiritus,

211 5649 316 5703 sed
351 5648 511 5703 dona
543 5649 723 5705 habet
754 5650 959 5703 multa.
996 5649 1141 5703 Cum
1185 5663 1326 5718 ergo
1357 5647 1570 5713 legitur
1612 5648 1862 5718 Spiritus

210 5724 475 5786 sanctus,
509 5719 756 5792 intelligi
787 5720 960 5778 debet
988 5726 1041 5777 et
1068 5719 1194 5790 ejus
1225 5717 1511 5784 ofﬁcium,
1544 5718 1603 5774 in
1633 5735 1756 5791 quo
1791 5720 1864 5777 sit

1741 184 2124 242 APPENDIX.

3499 194 3648 250 2290

1994 311 2382 380 signiﬁcatus.
2417 317 2566 387 Nam
2595 314 2740 387 quia
2760 317 2813 387 et
2840 330 2978 387 cum
3004 314 3087 370 eis
3108 318 3246 387 erat,
3277 318 3332 371 et
3359 319 3643 372 venturus

1993 389 2138 457 erat,
2168 399 2287 439 non
2317 386 2631 442 estfalsum
2657 403 2670 441 :
2693 386 2800 442 sed
2826 386 2875 441 si
2899 402 3018 441 non
3041 386 3195 441 istud
3219 386 3295 441 ad
3320 402 3644 457 personam

1994 455 2218 520 trahas,
2249 457 2352 512 sed
2383 458 2459 513 ad
2493 465 2787 513 naturam.
2842 458 3105 513 Alterum
3135 458 3292 512 enim
3324 455 3389 512 se
3428 464 3641 514 ventu-

1992 540 2125 579 rum
2156 542 2190 580 a
2213 528 2381 583 Patre
2410 529 2683 599 promisit
2708 529 3005 594 Christus;
3036 535 3096 584 ut
3124 528 3267 599 quia
3296 527 3643 599 indifferens

1993 544 2125 579 rum
2156 544 2190 580 a
2213 544 2381 583 ratre
2410 544 2683 599 promisti
2708 544 3005 594 Christus;
3036 544 3096 584 ut
3124 544 3267 654 quia
3296 544 3641 583 inumerens

1991 602 2077 651 est
2100 612 2307 670 eorum
2337 598 2645 666 divinitas,
2676 601 2732 653 in
2762 601 3076 669 praesentia
3103 601 3141 654 C
3164 598 3313 654 iristi
3335 614 3457 654 non
3478 606 3641 670 pute-

1993 672 2084 721 tur
2100 667 2323 723 absens
2353 670 2602 740 Spiritus
2626 667 2887 737 sanctus,
2908 676 2961 725 et
2992 671 3053 725 in
3083 672 3346 726 adventu
3375 676 3429 725 et
3449 667 3507 725 in
3535 686 3643 741 ap-

1990 741 2523 812 parentiaSpiritus
2547 742 2732 797 sancti
2756 758 3014 812 praesens
3037 742 3360 796 aestimetur
3377 747 3431 796 et
3450 742 3640 796 Chris-

1990 816 2107 863 tus.
2137 811 2272 866 Ideo
2301 829 2438 868 cum
2479 811 2795 868 venturum
2825 828 2962 867 eum
2998 814 3305 877 promittit,
3337 812 3495 877 dicit,
3538 812 3640 868 Vos

1987 881 2233 937 videbitis
2252 900 2387 950 eum,
2413 888 2540 955 quia
2562 884 2709 955 apud
2734 901 2823 938 vos
2844 884 3096 949 manebit,
3124 891 3172 937 et
3192 884 3457 938 vobiscum
3483 885 3592 939 erit
3615 902 3635 937 .-

1990 956 2051 1027 ut
2078 955 2269 1027 securi
2304 962 2502 1010 essent
2534 956 2818 1027 Apostoli,
2857 957 3001 1026 quia
3049 961 3187 1026 post
3216 955 3635 1027 ascensionem

1986 1024 2218 1097 Domini
2251 1042 2369 1081 nou
2396 1024 2692 1082 minorem
2716 1034 2816 1081 aut
2840 1024 3197 1097 degenerem
3215 1025 3291 1080 ad
3319 1026 3633 1081 tuitionem

1986 1095 2242 1178 habituri
2270 1104 2466 1178 essent
2494 1104 2800 1168 pastorem
2832 1095 2946 1178 aut
2964 1097 3362 1178 reg_em.hNam
3396 1112 3515 1151 non
3548 1102 3635 1178 est

1985 1166 2241 1222 dubium
2264 1184 2380 1223 non
2410 1166 2616 1223 datum
2636 1185 2766 1224 esse
2793 1166 3173 1223 credentibus
3192 1168 3498 1239 Spiritum,
3522 1167 3633 1223 nisi

1985 1238 2137 1291 sicut
2162 1239 2533 1306 Evangelista
2552 1244 2815 1303 testatur,
2842 1246 3166 1310 postquam
3188 1238 3419 1293 devicta
3444 1243 3633 1294 morte

1980 1323 2297 1377 resurgens
2330 1310 2686 1366 clariﬁcatus
2741 1317 2831 1364 est
2886 1310 3191 1365 Dominus.
3226 1310 3416 1379 Ipsius
3470 1310 3632 1365 enim

1984 1380 2402 1450 triumphantis
2439 1382 2667 1436 Domini
2698 1381 2883 1435 verba
2923 1387 3062 1436 sunt
3089 1387 3144 1435 et
3175 1380 3448 1442 dicentis,
3492 1380 3633 1445 Quia

1981 1450 2217 1523 Joannes
2244 1453 2453 1522 quidem
2486 1452 2782 1523 baptizavit
2814 1469 2971 1522 aqua,
3004 1468 3093 1507 vos
3134 1458 3308 1504 autem
3336 1450 3634 1521 baptizabi-

1982 1523 2121 1575 mini
2150 1522 2365 1593 Spiritu
2394 1522 2595 1588 sancto,
2620 1540 2770 1594 quem
2789 1524 3073 1594 accepturi
3096 1522 3221 1576 estis
3236 1539 3341 1576 non
3364 1523 3628 1594 postmul-

1982 1542 2119 1575 7mm
2150 1542 2365 1593 δριντιιι
2394 1542 2595 1588 εαησιο,
2655 1542 2770 1578 uem
2789 1542 3068 1594 accepturi
3096 1542 3221 1576 εδιῑδ
3236 1542 3341 1576 non
3364 1542 3628 1592 ροδιτηιιι·

1982 1599 2059 1647 tos
2090 1594 2179 1647 hos
2206 1594 2318 1648 dies
2345 1596 2488 1663 (Act.
2525 1610 2561 1660 ι,
2595 1542 2649 1665 ὕῗ
2678 1595 2847 1659 :hoc,
2876 1601 3141 1665 tempore
3167 1609 3288 1665 quo
3307 1593 3629 1665 ascendere

1981 1664 2056 1718 ad
2077 1669 2301 1719 Patrem
2326 1664 2642 1736 disposuit,
2657 1666 2966 1720 interfatus
2982 1664 3228 1720 videtur.
3252 1664 3402 1736 Illud
3425 1669 3626 1718 autem

1978 1736 2141 1860 quod
2166 1735 2503 1792 insuﬂlaSse
2525 1739 2582 1792 in
2599 1738 2927 1808 discipulos
2954 1736 3238 1791 Dominus
3263 1735 3474 1805 legitur
3494 1739 3629 1805 post

2025 1807 2105 1860 ies
2134 1824 2359 1860 paucos
2390 1810 2834 1860 resurrectionis
2848 1825 2990 1860 sum.
3026 1814 3081 1860 et
3109 1808 3344 1860 dixisse.
3376 1806 3629 1860 Accipite

2025 1807 2105 1860 ies
2134 1824 2359 1876 paucos
2390 1806 2834 1863 resurrectionis
2848 1825 2990 1875 suae,
3026 1814 3081 1863 et
3109 1808 3344 1870 dixisse,
3376 1806 3631 1876 Accipite

1978 1876 2248 1949 Spiritum
2279 1885 2539 1945 sanctum,
2574 1880 2976 1935 ecclesiastica
3007 1884 3268 1949 potestas
3288 1876 3511 1949 collata
3533 1878 3626 1949 in-

1979 1948 2255 2018 telligitur
2281 1966 2431 2005 esse.
2468 1952 2618 2015 Quia
2656 1950 2814 2005 enim
2846 1948 3053 2005 omnia
3082 1951 3141 2004 in
3170 1948 3482 2004 traditione
3513 1948 3626 2002 do-

1978 2020 2200 2075 minica
2214 2036 2316 2091 per
2331 2022 2615 2092 Spiritum
2638 2027 2911 2077 sanctum
2937 2025 3218 2089 aguntur,
3242 2018 3463 2092 idcirco
3486 2034 3624 2092 cum

1974 2092 2182 2161 regula
2213 2090 2298 2147 eis
2331 2090 2387 2148 et
2425 2092 2616 2148 forma
2654 2093 2905 2147 traditur
2931 2092 3112 2162 hujus
3147 2091 3497 2160 disciplinae,
3528 2090 3625 2162 άὶτ

1976 2160 2126 2244 citur
2151 2163 2256 2245 eis,
2280 2164 2526 2245 accipite
2547 2165 2842 2245 Spiritum
2862 2160 3125 2245 sanctum.
3145 2162 3372 2245 thuia
3392 2177 3525 2245 vere
3546 2160 3623 2217 ad

1970 2233 2069 2303 jus
2100 2233 2568 2289 ecclesiasticum
2595 2233 2868 2305 pertinet,
2894 2235 3093 2290 statim
3126 2233 3622 2305 subjecitdicens,

1976 2306 2148 2375 Cujus
2172 2306 2459 2360 tenueritis
2475 2304 2709 2377 peccata,
2748 2306 3066 2361 tenebuntur
3094 2322 3118 2371 ,'
3145 2312 3193 2359 et
3217 2306 3371 2376 cujus
3398 2304 3627 2377 remise-

1974 2377 2123 2448 ritis,
2172 2375 2523 2432 remittentur
2547 2379 2595 2431 ei
2628 2378 2804 2447 (Joan.
2852 2394 2950 2440 xx,
2996 2381 3105 2443 23).
3141 2375 3449 2448 Inspirratio
3479 2390 3622 2448 ergo

1974 2447 2121 2520 haec,
2161 2450 2352 2513 gratia
2378 2446 2659 2520 quaedam
2691 2454 2778 2504 est
2809 2464 2944 2519 quae
2978 2464 3078 2519 per
3110 2446 3489 2520 traditionem
3520 2446 3620 2520 _in-

1974 2519 2245 2591 funditur
2261 2516 2570 2587 ordinatis,
2608 2535 2714 2591 per
2739 2516 2922 2591 quam
2953 2516 3623 2591 c'ommendatioresha-

1972 2590 2242 2645 beantur.
2277 2591 2441 2646 Unde
2464 2587 2784 2661 Apostolus
2802 2591 2941 2645 dicit
2965 2591 3040 2645 ad
3054 2589 3448 2661 Timotheum,
3464 2587 3618 2652 Noli,

1968 2662 2179 2743 inquit,
2205 2662 2495 2743 negligere
2519 2659 2769 2731 gratiam
2792 2678 2909 2732 quae
2936 2669 3010 2743 est
3038 2661 3097 2743 in
3122 2668 3345 2743 tehqum
3372 2659 3523 2743 data.
3540 2664 3620 2743 est

1969 2731 2072 2809 tibi
2084 2749 2180 2809 per
2193 2733 2586 2809 imposi‘tionem
2606 2731 2819 2809 manum
2836 2732 3159 2809 presbyterii
3175 2732 3219 2801 (Ι
3246 2732 3486 2809 Tim_._i_v,

1969 2801 2163 2860 Semel
2193 2801 2334 2873 ergo
2366 2804 2490 2860 ﬁeri
2523 2805 2805 2875 oportuit,
2832 2801 2890 2858 ut
2912 2801 3225 2875 de'ceetero
3254 2801 3621 2875 traditioista

1967 2891 2087 2931 non
2115 2875 2241 2929 sine
2266 2872 2428 2931 dono
2444 2872 2693 2946 Spiritus
2707 2875 2896 2931 sancti
2922 2891 3054 2929 esse
3081 2872 3621 2946 crederetur.Sicut

1966 2947 2124 3001 enim
2160 2947 2216 3000 in
2238 2945 2535 3002 Salvatore
2560 2947 2747 3001 forma
2773 2946 2916 3001 data
2941 2953 3026 3001 est
3052 2945 3371 3007 visibiliter,
3397 2948 3457 2998 ut
3486 2946 3620 3014 post

1968 3017 2334 3087 Baptismum
2370 3018 2618 3087 Spiritus
2638 3024 2881 3073 sanctus
2901 3016 3279 3072 credentibus
3310 3016 3385 3071 de
3406 3022 3619 3069 caetero

1968 3088 2335 3142 invisibiliter
2364 3088 2494 3142 dari
2518 3104 2637 3143 non
2681 3089 3086 3157 ambigeretur
3114 3106 3127 3141 :
3152 3088 3231 3142 ita
3258 3091 3314 3142 et
3344 3088 3403 3141 in
3436 3100 3621 3156 supra

1966 3160 2127 3213 dictv.
2152 3175 2336 3213 causa
2383 3159 2573 3213 forma
2597 3159 2738 3213 data
2770 3164 2861 3213 est
2891 3159 2948 3212 in
3002 3159 3413 3229 principio,ut
3442 3171 3514 3211 ex
3548 3171 3619 3211 eo

1970 3229 2266 3285 traditioni
2293 3230 2704 3285 ecclesiasticae
2733 3229 2983 3300 Spiritus
2997 3234 3235 3300 sanctus
3249 3228 3482 3300 infusus
3499 3242 3619 3281 cre-

1966 3302 2161 3356 datur.
2194 3303 2261 3356 Ut
2287 3308 2487 3356 autem
2506 3297 3083 3372 Apostoli‘praesente
3104 3298 3356 3372 Domino
3380 3297 3619 3372 virtutes

1969 3373 2247 3437 facerent,
2282 3368 2693 3443 potestasdata
2711 3368 2817 3436 est,
2850 3370 3003 3443 sicut
3024 3375 3079 3424 et
3106 3368 3615 3443 priuqs‘Prophetis.

1966 3445 2163 3500 Trium
2195 3438 2337 3511 ergo
2367 3443 2700 3499 ofﬁciorum
2732 3444 2939 3498 forma;
2972 3438 3122 3496 doni
3144 3438 3397 3511 Spiritus
3431 3438 3618 3493 sancti

1966 3516 2025 3570 in
2053 3515 2347 3584 Apostolis
2370 3522 2506 3568 sunt
2532 3522 2805 3569 ostensae.
2838 3516 3102 3579 Quarum
3133 3510 3327 3581 prima
3354 3510 3481 3564 haec
3508 3514 3614 3584 est,

1967 3579 2195 3657 quae-ad
2221 3588 2313 3654 jus
2330 3586 2801 3657 ecclesiasticum
2827 3585 3078 3657 pertinet
3108 3579 3166 3657 i_n
3194 3579 3618 3657 regenerandis

1966 3651 2060 3712 vel
2074 3651 2299 3711 caeteris
2316 3656 2545 3711 ofﬁciis.
2566 3651 2856 3724 Secunda,
2883 3672 3017 3727 quae
3041 3656 3100 3710 in
3116 3654 3455 3727 Pentecoste
3476 3651 3619 3705 data

1967 3734 2072 3791 est,
2101 3744 2233 3798 quae
2260 3733 2347 3783 est
2378 3727 2693 3793 generalis.
2716 3729 2840 3783 Non
2864 3724 3059 3798 solum
3090 3726 3249 3798 enim
3281 3725 3339 3778 in
3366 3724 3615 3793 Aposto-

1967 3800 2077 3865 los,
2098 3797 2306 3853 verum
2333 3799 2513 3854 etiam
2542 3800 2599 3853 in
2619 3814 2829 3853 omnes
2851 3797 3067 3853 decidit
3095 3797 3345 3868 Spiritus
3373 3798 3616 3868 sanctus

1967 3870 2298 3925 credentes.
2320 3869 2510 3924 Tertia
2525 3870 2716 3924 forma
2729 3875 2835 3933 est,
2854 3885 2989 3940 quas
3005 3865 3459 3940 solis—Apostolis
3480 3879 3616 3940 con-

1968 3958 2131 4017 cessa
2156 3941 2313 4017 estin
2329 3942 2513 4017 signis
2530 3958 2599 3996 ac
2612 3937 3241 4017 virtutibtjsfaciendis,
3257 3954 3446 4017 usque
3470 3937 3614 4017 dum

1972 4013 2106 4068 fidei
2156 4009 2765 4082 seminajacerentur
2811 4012 2884 4067 ad
2933 4017 3322 4066 crementum.
3354 4009 3618 4082 ’Semina

1968 4086 2128 4161 enim
2160 4083 2297 4161 ﬁdei
2323 4080 2461 4161 sunt
2490 4085 2736 4161 virtutes
2774 4099 2877 4161 per
2905 4083 3219 4161 Apostolus
3260 4082 3447 4161 factis.
3500 4080 3614 4161 Ipsi

1968 4157 2125 4211 enim
2160 4155 2446 4209 antistites
2472 4155 2649 4225 positi
2672 4160 2808 4209 sunt
2831 4154 3175 4225 hujusmodri
3208 4154 3615 4225 veritatis,_qui

1968 4243 2074 4299 per
2093 4227 2264 4295 signa
2286 4232 2340 4281 et
2361 4221 2639 4298 prodigia
2656 4242 2788 4300 non
2804 4221 3266 4300 irra'tionabilem
3291 4221 3614 4300 esseﬁdem

1970 4294 2239 4353 nostram
2270 4294 2643 4353 testarentur.
2664 4296 2832 4353 Nulla
2846 4297 2996 4351 enim
3019 4294 3294 4367 probatio
3320 4294 3507 4362 major
3529 4296 3616 4343 est

1967 4370 2225 4424 veritatis
2255 4384 2439 4440 quam
2476 4369 2683 4423 virtus.
2718 4370 2848 4422 Haec
2880 4374 2970 4422 est
2998 4367 3167 4440 enim
3204 4378 3340 4436 quae
3370 4376 3613 4417 omnem

1970 4436 2741 4512 terrenam'philosophiam
2766 4443 3036 4512 accusat,
3053 4436 3231 4512 _quia_
3259 4448 3495 4512 semper
3521 4447 3611 4512 Aso-

1967 4512 2036 4567 lis
2060 4513 2257 4567 verbis
2275 4505 2521 4573 studuit,
2539 4505 2659 4565 non
2681 4509 2911 4564 habens
2935 4505 3341 4563 testimonium
3365 4505 3611 4573 virtutis,

1968 4600 2104 4654 quae
2131 4583 2338 4637 stabile
2380 4572 2517 4654 esse
2548 4581 2710 4654 quod
2731 4580 2936 4654 verbis
2962 4584 3289 4654 astructum
3321 4580 3466 4654 erat,
3510 4572 3612 4628 de-

1970 4646 2349 4708 monstraret.
2386 4646 2840 4722 lgitur'Spiritus
2872 4653 3118 4705 sanctus
3147 4646 3495 4722 generaliter
3518 4660 3612 4722 se:

1971 4725 2085 4778 mel
2112 4725 2288 4803 datur
2319 4716 2600 4803 omnibus
2628 4716 3030 4803 credentibus,
3064 4716 3370 4803 per_que_m
3394 4717 3496 4799 ﬁlii
3516 4716 3616 4772 Dei

1968 4812 2103 4850 esse
2136 4795 2482 4865 probentur,
2541 4794 2685 4849 dum
2717 4799 2916 4848 manet
2941 4795 2998 4848 in
3032 4791 3139 4847 eis.
3174 4796 3232 4865 In
3263 4791 3450 4865 signis
3480 4804 3615 4865 vero

1969 4873 2021 4923 et
2049 4859 2335 4941 prodigiis
2370 4859 2677 4941 faciendis,
2710 4880 2828 4920 non
2853 4870 3081 4941 _manet
3109 4865 3167 4917 in
3212 4862 3473 4941 homine,
3509 4859 3616 4941 sed

1972 4931 2216 5011 vocatus
2228 4931 2492 4999 advenit,
2509 4944 2617 5011 aut
2630 4935 3294 5011 suggeritneccessaria,
3308 4931 3613 5011 etrecedit.

1972 5010 2248 5066 Similiter
2276 5015 2332 5065 et
2363 5011 2420 5064 in
2474 4999 2783 5065 traditione
2838 5007 2923 5062 vel
2964 5005 3338 5062 ordinatione
3398 4999 3617 5057 deforis

1970 5082 2223 5207 ξὲεέιὶἰδηι
2247 5085 2509 5152 praestat,
2544 5079 2851 5136 tuitionem
2883 5079 3059 5135 etiam
3090 5076 3363 5133 deferens
3387 5071 3619 5128 devotis

2059 5168 2129 5207 et.

2042 5225 2115 5287 (α)
2142 5222 2205 5275 In
2231 5221 2321 5276 his
2355 5222 2638 5295 omnibus
2660 5237 2795 5295 quae
2825 5220 3135 5291 proposita
3163 5222 3464 5295 sunt,‘n.on
3493 5227 3619 5295 ‘una

1971 5285 2283 5348 estcausa.
2317 5292 2572 5347 Breviter
2597 5285 2776 5355 enim,
2806 5285 2915 5347 etc.
2935 5285 3080 5347 Nam
3108 5305 3226 5344 non
3251 5291 3338 5342 est
3362 5285 3617 5340 dubium

1970 5363 2351 5419 credentibus
2388 5378 2507 5417 non
2558 5363 2766 5417 datum
2817 5378 2947 5417 esse
2980 5360 3282 5431 Spiritum,
3317 5357 3428 5412 nisi
3462 5359 3621 5428 post-

1969 5451 2153 5505 quam
2172 5435 2405 5489 devicta
2431 5434 2990 5505 morteclariﬁcatus
3016 5438 3102 5487 est
3122 5431 3618 5505 _Dominus._An_te

1969 5499 2287 5561 ascensum
2321 5506 2479 5561 enim
2504 5504 2793 5558 Dominus
2819 5502 3075 5557 formam
3102 5502 3413 5572 discipulis
3434 5499 3615 5564 dedit,

1969 5576 2281 5649 quomodo
2296 5577 2564 5647 accipere
2577 5573 3149 5644 deberentbaptizati
3166 5574 3436 5644 Spiritum
3452 5586 3620 5626 sanc-

2033 5668 2105 5727 (a)
2140 5666 2371 5725 Quaestio
2402 5664 2588 5727 eadem
2614 5678 2675 5712 ex
2698 5663 2820 5727 Mss,
2847 5661 3067 5727 secundi
3092 5661 3319 5727 generis,
3342 5662 3479 5711 inter
3498 5662 3619 5725 post

1973 5724 2220 5793 volgatas
2250 5742 2313 5778 ex
2335 5728 2485 5779 Novo
2515 5726 2654 5777 Test.
2681 5724 3367 5790 quadragesima’secunda.
