4112 6192
598 146 734 204 2291

598 278 746 345 tum,
766 271 930 345 quod
945 285 1105 345 nunc
1127 268 1514 345 abepiscopis
1528 268 1876 345 custoditur.
1891 266 2086 345 Trium
2102 278 2247 345 ergo

596 337 934 401 ofﬁciorum
962 343 1169 397 formae
1187 337 1328 396 doni
1351 337 1601 413 Spiritus
1636 340 1827 413 sancti
1855 340 1915 393 in
1938 337 2249 413 Apostplos

597 417 753 471 datae
769 422 923 469 sunt.
943 415 1139 469 Prima
1163 418 1247 468 est
1267 407 1410 483 quae
1428 411 1718 481 generalis
1750 417 1855 475 est,
1879 407 2248 483 queeinPen-

598 494 815 543 tecoste
840 487 981 541 data
1011 492 1101 539 est
1126 502 1139 549 ;
1174 479 1503 538 non—solum
1535 484 1693 537 enim
1714 483 1771 537 in
1803 479 2136 553 Apbstolos,
2158 495 2248 532 ve-

596 574 730 614 rum
758 558 932 612 etiam
972 557 1031 611 in
1079 570 1289 610 omnes
1319 555 1529 609 cecidit
1561 553 1810 625 Spiritus
1842 558 2085 625 sanctus
2128 565 2249 625 cre-

594 630 825 694 dentes,
848 623 1730 699 utloquerenturmagnaliaDei
1750 623 1971 693 linguis
1988 623 2247 699 diversis

596 700 775 755 unius
790 700 981 770 gentis
998 693 1295 770 homines.
1322 697 1595 753 Secunda
1623 696 1814 770 torma
1840 693 2114 770 specialis
2137 698 2242 770 e_st.

594 772 723 826 Non
739 764 895 825 enim
920 769 1169 839 pertinet
1186 768 1262 822 ad
1277 784 1488 822 omnes
1510 767 1834 828 credentes.
1854 764 1959 839 sed
1982 764 2061 819 ad
2087 764 2246 839 epis-

595 858 797 917 copos
818 836 1084 917 tantum,
1105 847 1165 894 ut
1199 839 1506 910 baptizatis
1536 855 1643 911 per
1671 854 1888 917 manus
1914 836 2245 917 impositio-

595 910 731 968 nem
764 912 907 967 dent
938 912 1217 982 Spiritum
1248 917 1519 965 sanctum
1544 910 1564 982 ἐν
1587 926 1723 982 quae
1752 910 1901 963 inter
1931 910 2246 982 episcopos

594 988 792 1056 potest
822 982 936 1056 dici
966 978 1276 1051 generalis.
1317 982 1509 1056 Tertia
1549 978 1742 1056 forma
1773 986 1882 1056 est,
1938 978 2074 1056 quas
2107 978 2246 1056 solis

593 1048 894 1125 Apostolis
917 1048 1008 1108 es't
1022 1068 1330 1121 concessa,
1352 1054 1409 1108 in
1425 1054 1614 1119 signis
1628 1068 1696 1107 ac
1714 1048 2014 1106 miraculis
2028 1048 2245 1125 facient

594 1121 687 1181 dis
718 1125 795 1181 ad
822 1125 959 1180 ﬁdei
987 1126 1441 1180 incrementum.
1475 1125 1715 1179 Semina
1745 1126 1904 1177 enim
1939 1126 2079 1175 sunt
2108 1121 2245 1175 ﬁdei

592 1197 840 1269 virtutes
876 1212 980 1269 per
1010 1196 1323 1269 Apostolos
1368 1196 1560 1251 factae.
1595 1196 1797 1269 Itaque
1834 1208 1938 1269 per
1969 1191 2244 1269 ordinem

595 1265 931 1340 ofﬁciorum
965 1265 1488 1340 Spiritussanctus
1513 1265 1817 1340 VApostolis
1834 1265 2011 1319 datus
2044 1268 2148 1325 est,
2185 1268 2247 1319 ut

594 1341 857 1410 primum
891 1336 1188 1393 decideret
1220 1339 1278 1392 in
1318 1354 1440 1401 eos,
1475 1336 1627 1410 sicut
1656 1342 1712 1391 et
1736 1336 1813 1410 in
1846 1342 2089 1410 cmteros
2119 1350 2245 1410 cre-

593 1405 818 1472 dentes,
854 1411 910 1463 in
938 1412 1298 1465 Pentecoste.
1326 1409 1542 1464 Deinde
1575 1408 1745 1481 quasi
1770 1406 1947 1481 primi
1973 1405 2245 1481 sacerdo-

592 1487 702 1545 tes,
732 1486 793 1535 ut
808 1480 1077 1551 episcopi
1103 1496 1319 1534 manus
1346 1482 1424 1535 im
1437 1478 1722 1551 ponentes
1743 1478 2123 1551 credentibus
2140 1478 2245 1532 da-

595 1558 724 1606 rent
750 1549 1334 1621 Spi’rituinsanctum.
1368 1554 1512 1606 Nam
1546 1549 1820 1622 prodigia
1841 1555 1900 1603 ut
1917 1549 2245 1619 tierentper

593 1622 933 1694 Apostolos,
963 1623 1245 1692 temporis
1276 1622 1468 1691 gratia
1492 1629 1601 1689 est,
1636 1636 1755 1675 non
1797 1635 2193 1694 personarum
2227 1636 2240 1673 :

596 1691 699 1748 sed
726 1693 1047 1749 beatiﬁcati
1075 1691 1231 1758 sunt,
1264 1694 1409 1764 quia
1440 1709 1541 1748 eos
1572 1697 1812 1762 tempus
1844 1691 2087 1754 invenit,
2123 1706 2244 1760 quo

596 1765 883 1819 Dominus
912 1764 1141 1819 donum
1160 1781 1332 1818 suum
1357 1764 1563 1818 etl'udit
1591 1778 1769 1834 super
1790 1768 2030 1834 terram,
2065 1766 2125 1816 ut
2145 1776 2244 1833 po-

594 1840 866 1891 testatem
890 1836 1223 1905 acciperent
1252 1836 1326 1889 ad
1359 1833 1701 1905 exemplum
1724 1833 2114 1897 credentium,
2142 1848 2245 1903 per

594 1907 876 1977 Spiritum
897 1913 1170 1961 sanctum
1196 1906 1609 1962 faciendarum
1631 1906 1933 1977 virtutum.
1957 1907 2023 1960 Ut
2041 1910 2242 1959 autem

594 1976 885 2048 praesente
916 1978 1169 2032 Domino
1210 1977 1372 2032 missi
1404 1976 1706 2033 daemonia
1736 1976 2018 2048 pellerent
2046 1980 2103 2031 et
2134 1976 2244 2030 vir-

595 2047 747 2103 tutes
779 2055 1021 2104 caeteras
1042 2049 1319 2112 facerent,
1352 2049 1647 2119 Apostolis
1674 2054 1935 2117 potestas
1960 2047 2101 2102 data
2130 2052 2239 2119 est,

592 2124 658 2175 ut
686 2121 812 2175 sine
838 2120 1214 2175 invocatione
1238 2118 1497 2175 nominis
1522 2120 1883 2189 imperarent
1907 2118 2239 2182 daemoniis,

593 2195 694 2246 aut
725 2192 1261 2261 caeterisaagrorum
1282 2188 1689 2262 passionibus,
1709 2196 1766 2262 et
1797 2189 2010 2244 salutis
2035 2188 2241 2260 prese-

593 2262 1151 2332 quereturettectus.
1172 2261 1529 2317 Hac’scilicet
1544 2261 1785 2316 rationis
1799 2266 2241 2332 potestate,qua

594 2332 685 2404 usi
712 2340 847 2388 sunt
877 2334 1201 2404 prophetae,
1246 2332 1400 2388 Elias
1431 2339 1488 2390 et
1520 2332 1773 2398 Elisaaus,
1799 2333 1888 2404 in
1929 2332 2240 2404 virtutibus

594 2403 905 2460 faciendis.
942 2405 1205 2475 Denique
1245 2404 1384 2460 dicit
1437 2404 1702 2460 Salvator
1750 2403 2056 2473 discipulis
2090 2404 2232 2475 suis,

593 2477 787 2539 Amen,
810 2493 963 2530 amen
1002 2474 1123 2530 dico
1148 2475 1293 2529 vobis
1324 2498 1341 2545 ,-
1373 2476 1424 2529 si
1464 2476 1595 2546 quid
1622 2475 1894 2545 petieritis
1923 2492 1956 2528 a
1987 2475 2146 2529 Patre
2178 2474 2239 2546 in

593 2548 812 2602 nomine
838 2564 968 2611 meo,
992 2547 1141 2601 dabit
1166 2547 1311 2601 vobis
1337 2564 1352 2601 :
1378 2544 1691 2617 usqieemodo
1712 2562 1820 2599 non
1849 2546 2062 2615 petistis
2090 2544 2242 2616 quid-

595 2634 753 2689 quam
799 2620 857 2673 in
886 2620 1098 2673 nomine
1125 2635 1236 2673 meo
1256 2640 1277 2686 ,-
1296 2620 1481 2689 petite,
1510 2625 1557 2672 et
1583 2618 1861 2688 accipietis
1894 2617 2075 2689 (Joan.
2103 2632 2240 2689 AXYI,

593 2687 683 2753 23,
712 2693 823 2753 24).
859 2691 1152 2755 Quoniam
1181 2687 1319 2759 ergo
1350 2687 1863 2744 sineinvoca’tioue
1887 2687 2145 2742 nominis
2166 2687 2245 2741 fe-

595 2767 803 2816 cerunt
828 2764 1066 2815 virtutes
1081 2766 1116 2816 A
1129 2761 1362 2831 postoli,
1381 2761 1535 2815 sicut
1554 2775 1736 2831 supra
1754 2759 2106 2823 memoravi,
2124 2774 2243 2813 non

596 2836 795 2887 tamen
827 2834 1076 2887 omnino
1100 2830 1225 2886 sine
1242 2832 1504 2887 nominis
1522 2830 1835 2902 potestate.
1860 2833 1964 2884 l’er
1991 2830 2052 2885 id
2082 2830 2243 2885 enim

594 2903 758 2973 quod
796 2903 871 2957 ab
898 2904 1031 2973 ipso
1065 2904 1230 2958 missi
1259 2910 1447 2969 erant,
1474 2903 1578 2973 qui
1608 2902 1983 2957 daemonibus
2013 2906 2069 2955 et
2106 2916 2243 2972 pas-

596 2974 867 3029 sionibus
904 2975 1105 3029 terrori
1124 2980 1263 3039 erat,
1288 2975 1419 3045 ipso
1453 2979 1613 3029 metu
1633 2973 1997 3041 t’ugabantur
2022 2973 2245 3027 damo-

596 3044 717 3109 nia,
752 3052 806 3100 et
834 3045 1209 3101 inﬁrmitates
1240 3044 1622 3101 curabantur.
1659 3047 1863 3116 Itaque
1891 3059 2107 3116 nomen
2141 3046 2246 3098 Do-

598 3116 742 3171 mini
775 3118 945 3171 tacite
973 3118 1357 3187 operabatur.
1394 3118 1654 3187 Denique
1693 3114 1997 3185 apostolus
2044 3116 2244 3169 Petrus

595 3186 971 3243 dicitJudaeis
988 3186 1135 3243 inter
1148 3195 1380 3243 cietera.
1403 3189 1465 3243 In
1483 3186 1832 3242 noinineJesu
1847 3186 2051 3241 Christi
2065 3186 2244 3241 Naza-

600 3259 741 3324 reni,
766 3276 913 3329 quem
931 3276 1016 3313 vos
1028 3260 1331 3329 abnegastis
1351 3267 1396 3314 et
1418 3259 1794 3330 cruciﬁzistis,
1814 3258 1899 3330 hic
1925 3264 2065 3330 astat
2078 3274 2245 3312 sanus

599 3346 783 3385 coram
807 3331 947 3385 vobis
974 3333 1117 3400 (Act.
1145 3348 1223 3396 ιιι,
1258 3331 1346 3401 16)
1382 3347 1523 3385 :nec
1555 3329 1799 3401 quidem
1834 3329 1995 3401 aliud
2024 3344 2243 3383 nomen

594 3402 802 3457 datum
828 3409 918 3457 est
947 3402 1059 3457 sub
1089 3402 1255 3466 cmlo.
1290 3403 1346 3456 in
1388 3418 1510 3471 quo
1549 3400 1819 3472 oporteat
1861 3400 2057 3455 salvos
2096 3400 2240 3454 ﬁeri.

668 3474 822 3527 XCIV
863 3473 964 3544 (α).
1016 3505 1089 3516 υ-
1122 3474 1520 3538 Quaerendum
1552 3477 1657 3536 est,
1714 3472 1760 3525 si
1799 3472 1984 3544 {udas
2018 3472 2245 3544 Scario-

595 3547 679 3599 tes
710 3541 978 3614 proditOr
995 3545 1251 3612 Domini,
1283 3550 1418 3600 ante
1446 3545 1786 3611 passionem
1809 3542 2129 3597 Salvatoris
2156 3541 2247 3599 la~

594 3630 752 3687 queo
792 3616 974 3687 vitam
998 3615 1203 3671 ﬁnivit.

662 3686 899 3742 Tradito
923 3688 1244 3747 Salvatore.
1275 3690 1332 3741 et
1362 3685 1736 3741 illucescente
1759 3698 2099 3754 parasceve,
2119 3699 2245 3738 om-

594 3771 699 3810 nes
725 3759 1023 3829 principes
1039 3758 1415 3813 sacerdotum
1434 3764 1489 3811 et
1512 3756 1729 3829 Scribat
1744 3761 1801 3829 et
1821 3754 2085 3810 seniores
2106 3770 2245 3829 con-

593 3826 884 3899 venerunt
910 3826 966 3883 in
995 3829 1239 3884 domum
1263 3829 1500 3898 Caiphae
1531 3827 1851 3899 pontiﬁcis,
1871 3842 1993 3897 quo
2025 3826 2245 3896 perdu-

593 3898 855 3953 cendum
887 3898 1617 3964 sciebantesseJesumﬁit
1643 3899 1918 3954 audirent
1940 3914 2097 3951 eum.
2127 3900 2243 3952 Hoc

594 3969 901 4023 Mattheeus
932 3977 986 4024 et
1020 3972 1244 4025 Marcus
1274 3970 1654 4038 evangelista:
1680 3974 1990 4033 testantur,
2024 3976 2081 4022 et
2112 3968 2243 4022 nul-

588 4038 713 4094 lum
747 4056 819 4094 ex
858 4040 949 4095 his
975 4046 1111 4096 ante
1155 4040 1480 4112 perfectum
1521 4042 1774 4109 impium
1802 4055 2029 4112 opusqa
2059 4039 2242 4095 domo

592 4111 861 4181 praesidis
895 4110 1280 4177 abscessisse,
1313 4112 1537 4183 quippe
1569 4128 1703 4165 cum
1740 4111 1932 4183 omnis
1961 4110 2244 4166 instantia

590 4197 799 4237 eorum
833 4188 889 4237 et
914 4183 1146 4239 devotio
1180 4183 1257 4238 ad
1285 4181 1590 4251 agendum
1632 4181 1857 4237 Pascha
1900 4197 2059 4235 mors
2089 4189 2243 4237 esset

594 4252 934 4309 Salvatoris.
971 4256 1288 4325 Occupatis
1315 4270 1455 4324 ergo
1480 4256 1565 4309 eis
1593 4253 1669 4309 ad
1703 4268 1909 4308 necem
1944 4252 2174 4325 Domini
2207 4270 2242 4310 a

590 4339 769 4397 mane
799 4342 990 4397 usque
1022 4330 1098 4381 ad
1139 4323 1359 4382 horam
1390 4323 1651 4389 nonam,
1686 4339 1807 4397 quo
1840 4323 2020 4397 modo
2056 4325 2241 4379 Judas

590 4395 674 4449 eis
705 4394 970 4451 retulisse
1018 4399 1275 4468 pretium
1327 4397 1662 4465 sanguinis,
1706 4394 1879 4468 quod,
1907 4403 2237 4468 acceperat,

589 4471 725 4521 ante
755 4483 992 4522 crucem
1023 4466 1263 4524 Domini
1296 4468 1605 4538 probatur,
1657 4472 1711 4522 et
1733 4466 1984 4521 'dixisse
2033 4466 2144 4521 illis
2178 4467 2239 4522 in

588 4538 831 4611 templo,
867 4540 1109 4605 Peccavi,
1146 4541 1283 4611 quod
1315 4540 1638 4595 tradiderim
1681 4538 1995 4609 sanguinem
2029 4538 2240 4611 justum

590 4608 1000 4681 (Matth.xxvu,
1030 4608 1196 4681 t-5)'?
1222 4628 1357 4666 cum
1374 4616 1599 4665 constet
1623 4608 1822 4681 utique
1853 4610 2239 4681 omnesprin-

586 4678 748 4758 cipes
770 4683 1110 4758 etseniores
1130 4678 1267 4737 ante
1287 4684 1627 4758 passionem
1656 4678 1887 4737 Domini
1916 4696 2033 4758 non
2054 4680 2238 4758 tuisse

586 4752 646 4803 in
673 4752 912 4822 templo.
934 4754 1162 4823 Quippe
1177 4770 1313 4808 cum
1330 4754 1511 4808 etiam
1535 4753 1590 4807 in
1626 4769 1799 4807 cruce
1829 4753 2021 4820 posito
2052 4752 2239 4806 insul-

585 4826 777 4895 tarent
802 4824 850 4875 ei
881 4823 1069 4891 (lbid.,
1094 4826 1204 4895 41).
1237 4828 1358 4880 Non
1386 4827 1545 4879 enim
1582 4824 1720 4879 inde
1754 4830 1944 4893 potest
1974 4823 2235 4895 probari,

586 4894 727 4963 quia
757 4900 893 4948 ante
926 4894 1268 4965 passionem
1303 4896 1550 4950 relatum
1578 4901 1686 4959 est,
1722 4911 1857 4948 cum
1879 4896 1995 4948 sint
2027 4894 2232 4958 multa,

584 4979 719 5035 quin
747 4980 883 5020 cum
908 4971 1041 5020 ante
1066 4966 1223 5021 facta
1242 4968 1585 5037 probentur,
1605 4966 1928 5019 novissima
1956 4966 2231 5037 ordinan-

584 5044 709 5107 tur:
735 5042 791 5092 et
817 5037 1051 5101 iterum,
1081 5036 1330 5107 quando
1350 5038 1514 5092 locus
1546 5037 1819 5094 admittit.
1844 5036 2081 5107 utquod
2105 5042 2237 5106 post

583 5106 806 5163 factum
842 5114 947 5172 est,
983 5106 1400 5178 anteponatur.
1435 5109 1580 5163 Nam
1616 5106 1996 5163 manifestum
2033 5108 2235 5178 utique

584 5183 671 5233 est
722 5180 1297 5251 quinquagesimum
1350 5180 1651 5251 psalmum
1702 5180 2056 5233 anteriorem
2106 5195 2234 5234 esse

582 5250 766 5319 quam
792 5252 1049 5308 tertium.
1078 5252 1169 5308 Sic
1192 5268 1333 5319 ergo
1353 5250 1678 5322 aliquando
1705 5250 1918 5319 evenit,
1940 5257 2003 5304 ut
2033 5252 2233 5305 antici~

584 5328 943 5395 penturqute
963 5325 1295 5395 posteriora
1312 5330 1465 5377 sunt.
1494 5323 1658 5395 Unde
1680 5329 1731 5377 et
1757 5323 1933 5377 Maria
1955 5338 2090 5395 cum
2107 5326 2235 5395 post

582 5392 1073 5449 resurrectionem
1101 5395 1291 5449 fratris
1310 5396 1398 5448 sui
1424 5394 1643 5454 Lazari,
1670 5399 1805 5449 ante
1834 5410 1938 5448 sex
1962 5392 2089 5447 dies
2105 5394 2235 5447 Pas-

582 5462 708 5535 chie
740 5465 795 5519 in
829 5482 999 5520 cinna
1032 5472 1337 5531 unguento
1364 5466 1545 5535 pedes
1576 5464 1806 5519 Domini
1840 5465 2075 5518 tinxisse
2108 5480 2235 5535 pro-

582 5530 772 5597 betur,
804 5540 1041 5607 propter
1056 5530 1555 5605 signiﬁcationem
1575 5537 1705 5607 ejus
1730 5530 2123 5606 anticipatum
2143 5538 2236 5590 est

646 5678 718 5739 (α)
751 5678 871 5728 Haec
895 5682 1121 5743 quastio
1142 5683 1293 5735 deest
1316 5686 1370 5733 in
1401 5686 1525 5735 Mss.
1557 5685 1779 5737 secundi
1808 5685 2037 5750 generis.

1636 140 2094 212 QUIESTIONES
2136 136 2230 193 EX
2267 135 2459 194 NOVO
2504 136 3004 195 TESTAMENTO.

3816 150 3917 209 229!

2356 263 2436 319 ab
2466 263 2852 335 evangelista,
2884 263 3116 320 dicente
3154 264 3308 322 inter
3343 270 3568 334 cmtera,
3598 268 3764 327 Maria
3790 284 3918 333 autem

2355 335 2736 413 erattinquit,
2760 353 2882 406 quae
2906 336 3066 390 unxit
3096 336 3389 413 Dominum
3420 348 3669 409 unguento
3699 345 3920 413 (Joanm,

2354 411 2429 486 2).
2459 407 2585 487 'Hoc
2614 407 2784 490 refert
2811 414 3135 490 antequam
3167 410 3418 489 hazarus
3444 407 3745 490 moreretur
3771 407 3921 490 :quod

2358 479 2468 560 nisi
2511 484 2711 560 postea
2750 478 3430 560 tactum’invneniremps,
3461 478 3923 560 nesciremus,‘quo

2359 556 2623 623 tempore
2648 549 2869 623 factum
2893 556 3067 623 esset.
3093 550 3205 606 Sed
3226 567 3299 606 ne
3325 550 3469 607 forte
3490 562 3619 623 post
3636 549 3827 612 nonani
3847 549 3921 615 ho-

2356 636 2485 674 ram
2520 621 2742 675 t'actum
2773 621 2863 687 sit,
2896 628 2959 693 ut
2990 622 3199 676 videns
3232 623 3451 693 impius
3476 621 3530 679 et
3556 627 3925 687 crudelissimus

2354 693 2537 747 Judas
2567 694 2832 747 occisum
2861 692 3249 758 Salvatorem,
3288 692 3343 750 et
3368 694 3445 749 ob
3484 696 3592 750 hoc
3620 698 3789 753 velum
3818 709 3925 757 tem-

2356 763 2435 833 pli
2452 763 2733 828 scissum,
2753 770 2966 819 terram
2991 765 3325 829 tremuisse,
3356 782 3496 820 saxa
3519 767 3674 833 ﬁssa,
3696 768 3926 830 elementa

2356 835 2693 908 conterrita,
2728 836 2857 905 ipso
2891 841 3392 908 metuicorreptus
3421 838 3681 903 doluerit,
3708 856 3807 896 non
3833 860 3927 899 nes-

2355 906 2481 980 cius
2510 906 2737 980 justum
2763 905 3196 980 seiradidisse,
3220 905 3279 980 in
3306 907 3478 977 cujus
3507 911 3760 980 passione
3782 913 3847 967 sic
3866 916 3926 970 in-

2355 976 2639 1050 dignatus
2661 978 2733 1031 sit
2753 977 2938 1047 judex
2972 978 3154 1033 Deus.
3175 979 3285 1034 Sed
3309 984 3365 1034 et
3384 976 3525 1050 post—
3546 980 3739 1037 horam
3760 1000 3927 1042 nonam

2355 1048 2628 1126 occupati
2657 1054 2845 1126 erant,
2879 1049 3029 1103 sicut
3059 1050 3308 1126 aestimo,
3334 1048 3594 1126 seniores
3614 1058 3666 1126 e_t
3694 1055 3925 1126 principes

2355 1120 2755 1174 sacerdotum.
2789 1120 3039 1190 Vespere
3076 1121 3235 1175 enim
3265 1123 3479 1177 eadem
3504 1122 3597 1178 die
3638 1120 3829 1181 Pascha
3854 1120 3928 1183 "ac-

2356 1191 2479 1265 _t_uri_
2514 1196 2681 1247 erant
2714 1208 2728 1256 ;
2772 1192 3028 1265 sabbato
3069 1198 3269 1247 autem
3307 1208 3586 1265 nummos
3616 1201 3821 1265 portare
3844 1214 3928 1254 non

2353 1260 2567 1317 licebat
2594 1262 2923 1336 secundum
2944 1263 3159 1336 Legem
3188 1281 3199 1318 :
3234 1279 3305 1319 ac
3338 1280 3440 1333 per
3470 1264 3581 1320 hoc
3606 1260 3929 1336 improbabile

2353 1339 2440 1388 est
2467 1334 2625 1409 apud
2655 1349 2779 1409 me,
2799 1349 2923 1409 quo
2941 1334 3059 1409 die,
3084 1334 3206 1409 imo
3236 1350 3358 1407 quo
3383 1341 3642 1408 tempore
3670 1334 3854 1409 laqueo
3874 1342 3931 1395 vi-

2357 1410 2476 1459 tam
2508 1403 2721 1458 ﬁnierit
2751 1404 2779 1458 J
2790 1403 2936 1461 udas
2971 1403 3283 1461 Scariotes'.

2429 1476 2575 1530 XCV.
2630 1506 2698 1514 —
2744 1476 2906 1531 Unde
2937 1483 3068 1531 orta
3118 1478 3191 1533 sit
3231 1476 3570 1533 observatio
3600 1478 3929 1545 Pentecostes,

2356 1546 2449 1619 vel
2479 1562 2601 1616 qua
2623 1547 2851 1602 ratione
2880 1547 2907 1601 ?

2427 1619 2553 1672 Non
2574 1619 3024 1687 estambiguum
3052 1623 3265 1674 cuncta
3292 1617 3805 1687 religionisnostrm
3827 1630 3934 1676 rete.

2354 1688 2401 1742 ri
2416 1690 2432 1723 ¹
2471 1690 2808 1745 testimonio
2826 1690 3114 1759 roborari,
3134 1697 3189 1744 et
3202 1690 3373 1758 Legis
3387 1692 3593 1745 veteris
3606 1696 3935 1761 prierogativa

2355 1761 2600 1832 signari.
2627 1762 2840 1817 Omnia
2868 1763 3027 1832 enim
3066 1763 3361 1832 praeterita
3391 1762 3558 1831 Legis
3587 1764 3798 1827 veteris,
3825 1765 3870 1819 in
3892 1764 3934 1817 ﬁ-

2354 1844 2503 1899 gura
2526 1830 2665 1885 ﬁdei
2697 1839 2912 1887 nostrae
2935 1830 3146 1887 futuras
3173 1839 3338 1902 gesta
3351 1830 3719 1901 etdesignata
3736 1850 3934 1889 noscun-

2354 1906 2464 1970 tur,
2487 1908 2768 1957 utverum
2789 1919 2897 1958 nos
2921 1909 3117 1977 tenere
3132 1920 3252 1959 non
3268 1904 3723 1977 ambigeremus,
3744 1906 3934 1977 quando

2353 1988 2424 2027 ea
2455 1989 2588 2044 quae
2616 1989 2776 2029 nunc
2801 1980 2857 2030 et
2886 1975 3168 2030 audimus
3188 1981 3243 2031 et
3269 1976 3589 2040 credimus,
3622 1983 3745 2032 ante
3763 1975 3936 2032 saecula

2353 2043 2777 2114 praedestinata
2810 2046 3101 2111 videmus,
3133 2062 3254 2102 non
3286 2046 3482 2102 solum
3512 2048 3761 2112 vocibus,
3781 2064 3933 2101 verum

2353 2116 2529 2170 etiam
2552 2116 2859 2185 signorum
2900 2118 3215 2173 virtutibus
3240 2118 3678 2174 commendata.
3704 2118 3799 2174 Sed
3820 2134 3933 2173 nunc

2350 2186 2505 2259 illud
2523 2194 2632 2255 est,
2664 2188 2711 2241 si
2739 2189 2949 2243 eodem
2967 2189 3145 2244 modo
3165 2192 3229 2244 ut
3245 2189 3562 2259 designata
3586 2197 3731 2258 sunt,
3751 2206 3783 2245 a
3806 2191 3933 2245 nobis

2351 2257 2774 2339 intelligantur,
2810 2266 2872 2339 ut
2897 2260 3024 2314 dies
3061 2257 3456 2339 Pentecostes,
3489 2261 3645 2317 unde
3672 2257 3725 2339 e_t
3750 2278 3851 2339 que
3873 2276 3933 2315 ra-

2351 2332 2506 2403 tione
2540 2335 2757 2403 tractus
2788 2332 2861 2386 sit
2890 2346 3153 2399 congrue
3190 2332 3639 2401 dignoscemus.
3687 2332 3933 2403 Scriptura

2350 2400 2842 2473 enimdominicas
2856 2418 3067 2457 sensus
3093 2419 3234 2458 suos
3252 2400 3521 2459 sollicitis
3562 2400 3933 2473 etdevotisape

2351 2473 2527 2537 riunt,
2553 2472 2987 2547 negligentibus
2994 2474 3308 2547 claudunt.
3332 2477 3451 2530 Nec
3472 2476 3627 2530 enim
3653 2491 3752 2547 par
3764 2472 3932 2547 erat,ut

2355 2558 2446 2597 res
2464 2559 2599 2618 qua:
2633 2544 2855 2618 meritis
2870 2544 2944 2599 ad
2974 2544 3172 2617 dignis
3186 2544 3672 2613 reservatassunt,
3690 2546 3932 2618 passimab

2353 2615 2637 2689 omnibus
2664 2616 3023 2689 viderentur.
3047 2615 3439 2672 'Pentecostes
3491 2634 3648 2689 ergo,
3691 2615 3784 2689 qui
3806 2617 3933 2689 quin-

2353 2685 2743 2759 quagesimus
2774 2703 2809 2741 a
2826 2688 3045 2743 Pascha
3073 2693 3460 2759 computatur
3484 2685 3628 2755 dies,
3654 2685 3933 2744 hanchabet

2353 2757 2667 2830 rationem,
2702 2765 2758 2813 ut
2798 2759 2951 2813 sicut
2980 2764 3114 2830 past
3166 2757 3615 2816 hebdomadam
3660 2760 3931 2815 dominicus

2354 2828 2481 2911 dies
2497 2830 2726 2910 primus
2740 2834 2844 2911 est,
2866 2830 2924 2885 in
2943 2828 3065 2911 quo
3077 2830 3475 2911 adimpletum
3490 2838 3576 2911 est
3589 2831 3802 2886 Pascha
3818 2844 3931 2907 mys—

2354 2899 2565 2954 terium
2591 2900 2651 2953 in
2692 2899 3165 2983 redemptionem
3219 2899 3432 2958 salutis
3462 2979 3470 2983 _
3498 2903 3763 2983 humanis
3790 2918 3802 2982 ξ
3831 2902 3931 2971 quia

2355 2985 2595 3045 semper
2610 2973 3053 3041 postcurricula
3081 2973 3311 3027 dierum
3330 2979 3596 3045 septem,
3628 2974 3699 3029 ad
3728 2973 3927 3045 primuip

2354 3043 2559 3097 reverti
2589 3058 2829 3098 necesse
2877 3050 2982 3109 est,
3027 3049 3091 3099 ut
3131 3041 3488 3100 ostendatur
3519 3041 3738 3101 aetatem
3776 3041 3929 3099 mundi

2354 3115 2692 3188 septenario
2720 3130 2969 3188 numero
2987 3118 3418 3188 consummari,
3441 3123 3497 3173 et
3509 3118 3582 3172 ad
3598 3116 3830 3188 requiem
3843 3129 3931 3188 per-

2355 3186 2552 3239 venire
2581 3201 2593 3239 :
2624 3186 2702 3240 ita
2716 3192 2769 3241 et
2797 3185 3930 3258 posthebdomadasseptem,primusdies

2354 3261 2440 3331 e_st
2464 3259 2850 3331 Pentecostes.
2885 3258 3148 3330 Denique
3188 3274 3503 3331 nunquam
3546 3261 3658 3315 alio
3692 3259 3775 3331 die
3799 3270 3935 3331 quam

2353 3326 2447 3402 die
2482 3327 2787 3402 dominico
2808 3326 3179 3384 Pentecostes
3206 3337 3313 3402 est,
3335 3326 3407 3385 iit
3437 3330 3781 3402 totumquod
3798 3326 3856 3402 ad
3876 3341 3935 3379 sa-

2354 3398 2537 3453 lutem
2568 3399 2899 3471 humanam
2934 3402 3183 3471 proficit,
3217 3401 3527 3457 dominico
3556 3398 3719 3456 die'et
3749 3398 3932 3471 inchoa-

2356 3475 2480 3524 tum
2501 3477 2556 3524 et
2586 3468 2981 3541 adimpletum
3041 3478 3339 3527 noscatur.
3393 3474 3694 3528 Dominico
3721 3470 3853 3526 enim
3874 3468 3936 3521 die

2354 3541 2666 3615 factusest
2688 3542 2974 3609 mundus,
2990 3548 3046 3597 et
3078 3548 3210 3615 post
3232 3543 3470 3615 lapsum
3490 3560 3687 3599 rursus
3701 3541 3935 3615 dominico

2353 3611 2448 3686 die
2476 3612 2860 3686 reformatus;
2887 3614 3057 3685 cujus
3079 3611 3528 3670 reformationis
3554 3616 3733 3684 ﬁgura
3758 3613 3935 3686 dataest

2354 3684 2608 3757 primum
2641 3685 2695 3757 in
2727 3682 3194 3757 circumcisione.
3222 3688 3304 3757 in
3339 3703 3468 3757 qua
3517 3682 3714 3741 futura:
3753 3682 3864 3739 ﬁdei
3888 3682 3933 3733 sic

2354 3754 2699 3829 gnum_fuit.
2732 3759 2869 3829 Post
2895 3754 3379 3829 hebdomadam;
3407 3759 3589 3823 enim,
3628 3758 3723 3829 qui
3745 3760 3929 3809 octavus

2352 3834 2460 3899 est,
2476 3826 2704 3899 primus
2727 3828 3205 3899 estinmysterio.
3230 3828 3359 3883 Haec
3378 3835 3467 3883 est
3483 3830 3635 3884 enim
3647 3826 3781 3891 dies,
3799 3836 3930 3898 quani

2356 3896 2501 3971 fecit
2518 3898 2825 3971 Dominus.
2857 3896 3051 3955 Unum
3070 3915 3207 3955 eum
3232 3900 3395 3955 diem
3413 3900 3565 3966 fecit,
3590 3916 3655 3954 ex
3677 3896 3932 3971 quocietet't

2352 3969 2646 4042 curricula
2673 3970 3040 4024 sortirentur.
3075 3971 3405 4041 Acperhoc
3424 3973 3560 4042 ipso
3585 3968 3930 4042 dieresurrexit

2351 4055 2532 4113 quem
2557 4111 2565 4113 _
2591 4040 2743 4104 fecit,
2777 4048 2833 4097 et
2858 4037 3191 4097 secundum
3222 4037 3548 4098 numerum
3602 4055 3768 4113 supra
3800 4037 3929 4113 dicte

2352 4109 2622 4183 rationis,
2653 4113 2786 4183 ipso
2817 4113 2911 4167 die
2932 4118 2990 4168 et
3019 4114 3076 4168 in
3099 4118 3297 4169 monte
3318 4115 3462 4171 Sina
3490 4109 3697 4183 Legem
3716 4109 3928 4176 deditper

2351 4181 2645 4255 famulum
2666 4181 2841 4238 suum
2876 4187 3139 4255 Moysen:
3168 4191 3228 4240 ut
3258 4186 3411 4240 sicut
3440 4181 3631 4255 agnus
3648 4184 3926 4255 ﬁgurapan

2352 4254 2536 4325 sionis
2559 4255 2789 4309 Domini
2823 4255 2928 4310 fuit
2963 4250 3037 4310 'in
3086 4250 3752 4325 sacramento'l’aschie
3778 4270 3791 4320 ;
3816 4250 3926 4325 itaet

2349 4324 3032 4398 legislatio,evangelicaa
3046 4327 3492 4398 praadicationis
3508 4347 3521 4382 :
3538 4327 3634 4398 qui
3653 4319 3834 4398 eodem
3848 4319 3924 4377 die,

2348 4396 2407 4450 id
2439 4398 2907 4472 est_Pen_tecoste,
2934 4396 3217 4472 Leidata
3243 4404 3353 4464 est,
3378 4396 3572 4472 quoet
3604 4396 3824 4468 Spiritus
3837 4403 3926 4472 san-

2348 4472 2476 4521 ctus
2507 4468 2797 4541 deciditin
2815 4469 3162 4541 discipulos,
3193 4475 3254 4525 ut
3274 4465 3924 4541 aucioritatemcaperenl.

2347 4554 2416 4613 a_c
2443 4536 3085 4613 scirentevangeliéum
3101 4542 3200 4611 jus
3216 4542 3563 4612 prmdicare.
3593 4536 3923 4613 Quodiactum

2346 4609 2571 4680 duplici
2601 4611 2937 4684 testimonio
2960 4608 3525 4684 confirmatur,quia
3558 4608 3925 4684 etpraadestilfii‘

2348 4672 2843 4755 tumustenditur,
2888 4690 2942 4738 et
2981 4683 3296 4755 manifesta
3328 4672 3582 4755 Spiritus
3608 4672 3925 4755 s'ancti_itthf

2347 4753 2512 4806 sione
2563 4744 2841 4826 divinum"
2861 4759 2917 4809 et
2946 4744 3388 4825 supercceleste'
3420 4754 3705 4826 probatur
3739 4748 3825 4826 ad.
3848 4744 3922 4801 ιεαί

2346 4829 2564 4878 nostra:
2592 4824 2995 4880 testimonium
3024 4822 3489 4895 perhibendum.
3508 4824 3650 4881 Cum
3666 4822 3921 4895 eniiniaqo'

2346 4895 2523 4962 gnitis
2549 4895 2659 4950 sibi
2689 4897 2945 4967 imperiti
2974 4884 3455 4966 diversisliuguis
3477 4894 3761 4967 magnalia
3783 4884 3921 4967 Diti}?

2344 4956 2631 5035 quuntur,
2686 4956 2967 5022 div-initus
3015 4985 3075 5024 se
3116 4956 3440 5038 inspiratos
3468 4956 3791 5038 ostendunt.
3819 4956 3921 5014 Filiis

2344 5034 2486 5103 ergo
2526 5038 2700 5093 Israel
2734 5039 2901 5093 tertio
2928 5039 3023 5095 die
3056 5034 3283 5094 mensis
3304 5039 3457 5095 tertii
3489 5040 3721 5094 dataest
3742 5034 3832 5086 Lex
3855 5038 3921 5096 Ρετ

2346 5110 2599 5178 Moysen,
2626 5110 2776 5165 sicut
2802 5110 2859 5164 in
2893 5110 3045 5165 libro
3082 5111 3264 5166 Exodi
3296 5113 3626 5167 continetur
3650 5103 3818 5178 (Exod.
3840 5109 3919 5178 ιξξν

2345 5167 2571 5253 Έδίίῐυὶ
2589 5167 2731 5235 dies
2758 5197 2790 5235 a
2813 5188 3029 5253 quarta
3050 5182 3283 5238 decima
3309 5181 3532 5238 mensis
3557 5167 3920 5253 primi,quodtc

2342 5248 2563 5325 factum
2590 5258 2681 5306 est
2714 5248 3006 5325 Paschain
3034 5254 3289 5325 Egypto
3314 5254 3421 5322 (Id,
3442 5248 3922 5325 x171,'18),quinq_u&j

2343 5322 2605 5395 gesimus
2628 5330 2732 5387 est,
2758 5324 2872 5378 hoc
2893 5333 2981 5379 est
2996 5314 3360 5381 Pentecoste.
3380 5314 3545 5381 Unde
3566 5314 3766 5395 factum
3782 5320 3867 5395 0.55
3882 5314 3921 5395 "l

2344 5394 2417 5448 ad
2437 5394 2625 5463 legem
2645 5395 3323 5465 ﬁdeipraadicandamin
3365 5398 3692 5451 Pentecoste
3734 5389 3923 5465 Spiritus

2344 5454 2587 5520 sanctus
2612 5454 3001 5522 descenderet
3031 5468 3089 5522 in
3135 5466 3454 5535 Apostolos
3501 5467 3640 5532 (Act.
3676 5477 3727 5521 it.
3762 5454 3921 5535 t4)va

2342 5542 2508 5605 gesta
2534 5544 2819 5602 veterum,
2849 5516 3918 5607 futurorumimagines‘haberentur,ad

2405 5690 2419 5720 ι
2465 5688 2608 5749 Vero,
2629 5689 2785 5754 juxta
2814 5690 2897 5739 Er.
2936 5689 3106 5755 Lugd.
3136 5690 3275 5745 Ven.
3309 5688 3528 5740 Lov.M.
