4120 6202
255 133 400 193 2293

253 260 637 316 securitatem
680 260 818 316 ﬁdei
850 264 1106 316 nostras:
1143 260 1286 332 quia
1314 260 1535 319 falsum
1561 263 1750 320 videri
1785 280 1904 321 non

254 333 638 402 pgotestquod
671 332 747 386 ab
779 332 946 385 initio
978 332 1368 402 praedicatum
1400 341 1504 390 est.
1537 336 1673 391 Ideo
1706 337 1910 391 remis-

250 400 440 478 sionis
470 400 992 478 et_reformationis
1035 409 1263 478 tempus
1294 407 1353 459 in
1402 408 1909 478 quinquagesimo

252 474 486 551 psalmo
511 473 892 551 describitur,
910 473 1202 551 uteadem
1219 473 1591 551 providentia
1610 473 1913 551 quinqua-

250 546 459 614 gesimi
490 544 628 607 diei,
662 560 797 615 quae
815 550 871 599 et
893 547 1067 615 primi
1100 544 1500 610 est,'sciretur.
1534 544 1908 605 Hincfacium

250 622 415 689 estut
437 621 493 670 et
522 631 748 689 manna
772 616 963 689 primo
989 617 1100 681 die,
1128 619 1909 689 quiestdominiws,ecmlo

248 688 495 761 daretur
509 686 735 757 pOpulo
753 691 773 761 l
788 687 1119 761 udeeorum,
1134 686 1299 761 quod
1319 692 1397 745 ita
1410 707 1538 746 esse
1558 708 1661 747 sex
1674 694 1906 747 dierum

250 759 618 834 continuatio
645 760 879 834 probat,
914 760 1136 834 quibus
1155 759 1544 828 collegerunt,
1567 770 1620 817 et
1652 768 1907 834 septimo

248 831 362 906 die,
392 830 449 884 id
481 839 568 884 est
598 829 851 884 sabbato
880 829 1235 902 quieverunt
1280 833 1483 903 (Exod.
1516 851 1636 901 xvn,
1670 829 1755 897 2'2,
1793 834 1903 906 23).

246 904 463 977 Manna
495 907 892 977 autemtypus
920 908 1170 977 estescaa
1189 905 1533 977 Spiritualis,
1561 922 1697 977 quae
1716 904 1906 960 resur-

246 973 510 1028 rectione
548 974 779 1026 Domini
826 975 1038 1028 veritas
1095 974 1249 1029 facta
1279 985 1369 1030 est
1414 976 1473 1030 in
1524 973 1905 1032 Eucharistiaa

246 1044 556 1114 mysterio.
590 1044 805 1117 Omnia
836 1045 1034 1117 itaque
1066 1053 1236 1115 gesta
1259 1051 1417 1117 sunt,
1455 1053 1514 1102 ut
1545 1048 1619 1102 ad
1656 1065 1903 1103 causam

250 1118 462 1185 primas
489 1116 938 1169 resurrectionis
956 1116 1280 1172 incolumia
1300 1116 1762 1183 revertantur,et
1783 1136 1902 1174 non

250 1186 535 1259 glorietur
565 1188 963 1259 satanas,_sed
990 1187 1284 1255 bebescat,
1313 1191 1413 1259 qui
1434 1190 1739 1245 hominem
1758 1191 1904 1247 falsa

250 1258 623 1331 spegdejecit,
654 1258 808 1331 nein
842 1257 954 1331 hoc
973 1267 1238 1331 maneret
1259 1257 1422 1331 quod
1447 1260 1669 1316 factum
1694 1268 1781 1317 est
1800 1278 1905 1331 per

250 1278 360 1327 spe
389 1278 623 1327 (18]80“,
655 1278 808 1312 nem
842 1278 954 1313 noc
973 1278 1238 1314 maneret
1259 1278 1422 1331 quoa
1447 1278 1669 1316 iactum
1694 1278 1781 1317 es:
1842 1278 1905 1316 er

249 1329 548 1403 Christum
582 1328 900 1403 Dominum
928 1329 1026 1403 (ᾳ).
1059 1333 1221 1385 Nunc
1253 1338 1518 1401 superest
1575 1340 1635 1387 ut
1691 1278 1905 1403 proge-

246 1416 411 1464 mus,
444 1400 491 1453 si
523 1400 603 1473 ita
634 1400 1013 1469 intelligenda
1036 1400 1617 1472 suntqumdiximus,
1638 1400 1903 1473 ut'supra

250 1471 746 1545 memoravimus.
774 1472 993 1545 Mensis
1028 1471 1255 1542 primus
1281 1490 1402 1544 quo
1436 1474 1658 1529 Pascha
1689 1471 1903 1545 quarta

246 1542 611 1616 decimadie
642 1542 1006 1616 celebratum
1038 1552 1128 1599 est
1188 1545 1244 1598 in
1296 1542 1565 1616 Eligypto,
1617 1542 1742 1600 haec
1772 1546 1901 1600 dies

295 1619 463 1686 uarta
488 1613 780 1686 feriaifuit.
810 1614 972 1669 Unde
1003 1620 1059 1669 et
1082 1616 1192 1669 Lex
1207 1613 1423 1686 quarta
1449 1613 1595 1671 feria
1614 1617 1754 1671 data
1789 1622 1899 1671 est.

295 1628 463 1669 uarta
488 1628 632 1668 ieria
655 1628 780 1668 iuit.
811 1628 972 1669 unde
1003 1628 1059 1669 et
1082 1628 1192 1669 Lex
1207 1628 1423 1686 quarta
1450 1628 1595 1671 terra
1614 1628 1754 1671 data
1789 1628 1899 1671 est.

244 1628 435 1758 auod
452 1684 589 1739 hinc
617 1685 792 1758 datur
824 1685 1261 1758 intelligi,7quia
1296 1689 1504 1757 quinto
1535 1689 1773 1742 decimo
1806 1688 1901 1743 die

246 1756 740 1827 mensissecundi
768 1756 1154 1827 profectionis
1178 1756 1439 1813 filiorum
1471 1759 1649 1814 Israel
1685 1759 1903 1815 sabba-

241 1834 371 1882 tum
402 1826 631 1882 videtur
663 1827 844 1882 fuisse
874 1844 886 1882 :
936 1828 1154 1883 idcirco
1188 1845 1307 1883 non
1354 1830 1411 1883 in
1471 1830 1565 1885 die
1617 1846 1756 1897 grex
1784 1831 1898 1885 illis

245 1899 473 1952 missus
496 1900 998 1959 estcoturnicum.
1034 1900 1136 1953 sed
1183 1915 1449 1969 vespere.
1502 1904 1664 1957 Mane
1698 1908 1899 1957 autem

244 1985 474 2042 manna
500 1969 649 2039 pluit
677 1969 750 2042 de
780 1970 930 2025 cmlo
962 1971 1153 2038 (Exod.
1187 1987 1305 2036 xvn,
1343 1976 1425 2033 l3,
1464 1973 1571 2042 14),
1606 1973 1663 2026 id
1689 1979 1777 2026 est
1807 1974 1901 2027 die

242 2040 573 2105 dominico,
603 2041 949 2112 quiprimus
975 2048 1107 2111 post
1130 2040 1577 2098 hebdomadam
1597 2045 1654 2097 in
1687 2046 1902 2113 repeti-

244 2113 408 2166 tione
462 2113 774 2184 invenitur.
846 2115 1106 2184 Denique
1182 2130 1281 2167 sex
1335 2114 1545 2169 diebus
1605 2116 1901 2169 continuis

249 2198 480 2256 manna
501 2183 884 2253 collegerunt,
915 2183 1165 2253 septimo
1181 2192 1377 2240 autem
1397 2186 1510 2250 die,
1538 2186 1642 2256 qui
1659 2191 1749 2241 est
1770 2187 1903 2241 sab-

241 2254 474 2328 batum,
496 2256 868 2328 quieverunt.
892 2256 978 2309 Ab
1007 2256 1113 2309 hoc
1135 2271 1276 2325 ergo
1303 2257 1398 2311 die
1426 2254 1614 2328 usque
1640 2258 1715 2313 ad
1750 2258 1900 2313 tertii

240 2327 467 2399 mensis
498 2328 656 2380 diem
680 2326 913 2399 tertium
936 2342 1057 2399 quo
1075 2328 1189 2382 Lex
1214 2328 1353 2382 data
1375 2333 1482 2391 est,
1502 2326 1725 2399 quaere,
1750 2330 1901 2384 etin-

240 2397 446 2470 venies
463 2403 740 2470 quartam
770 2397 976 2453 feriam
1007 2397 1189 2470 fuisse
1213 2402 1460 2470 quando
1491 2397 1599 2453 Lex
1622 2400 1764 2455 data
1790 2405 1897 2455 est.

240 2467 400 2523 Sunt
454 2467 613 2523 enim
645 2485 679 2523 a
724 2470 933 2539 quinto
964 2469 1198 2525 decimo
1234 2467 1331 2525 die
1365 2471 1589 2525 mensis
1630 2471 1894 2536 secundi,

245 2539 496 2620 quando
528 2540 849 2620 sabbatum
883 2540 1007 2620 fuit,
1043 2542 1335 2620 usquead
1358 2541 1507 2620 tertii
1540 2542 1763 2620 mensis
1792 2548 1900 2596 ter-

243 2610 396 2666 tium
419 2610 582 2666 diem
610 2626 733 2682 quo
763 2614 870 2665 Lex
900 2613 1040 2666 data
1066 2610 1175 2676 est,
1200 2612 1544 2667 diesdecem
1572 2619 1623 2666 et
1657 2629 1894 2667 novem.

243 2682 403 2736 Tene
425 2697 565 2755 ergo
595 2681 705 2737 hos
725 2683 932 2755 decem
955 2689 1010 2737 et
1042 2699 1277 2755 novem,
1302 2690 1357 2739 et
1378 2684 1501 2739 redi
1529 2700 1707 2754 super
1728 2686 1899 2755 quin-

243 2758 373 2826 tum
401 2754 699 2826 decimum
720 2754 878 2809 diem
894 2754 1137 2809 secundi
1163 2756 1403 2817 mensis,
1432 2771 1553 2826 quo
1573 2754 1895 2811 sabbatum

245 2824 374 2887 fuit,
403 2826 508 2895 qui
540 2841 574 2878 a
616 2825 1221 2897 primoicomputatur
1244 2824 1773 2897 quartusdecimus
1806 2832 1899 2892 ;et

240 2897 498 2969 perveni
534 2912 722 2969 usque
756 2896 831 2951 ad
863 2896 1021 2951 diem
1054 2896 1317 2969 primum
1350 2898 1592 2951 secundi
1652 2899 1895 2965 mensis,

240 2973 300 3021 et
327 2967 576 3039 habebis
605 2967 753 3022 alios
804 2967 1260 3039 quatuordecim
1297 2989 1308 3033 ;
1342 2984 1490 3038 quos
1531 2969 1898 3039 superjiinge

242 3039 323 3093 ad
354 3038 562 3093 decem
597 3045 653 3094 et
674 3038 889 3095 novem
921 3055 1105 3109 supra
1137 3045 1524 3103 memoratos,
1557 3038 1896 3094 etinvenies

240 3110 507 3180 primum
542 3111 699 3164 diem
761 3112 987 3165 mensis
1045 3111 1289 3165 secundi
1342 3111 1653 3165 sabbatum
1689 3110 1895 3165 fuisse.

241 3181 592 3253 Superadde
620 3182 817 3237 adhuc
847 3183 923 3237 ad
955 3187 1135 3253 caput
1158 3183 1329 3252 primi
1364 3181 1582 3253 mensis
1608 3183 1735 3236 dies
1769 3199 1897 3251 sep-

244 3257 359 3305 tem
389 3252 692 3307 etdecem.
717 3254 859 3324 quia
890 3252 1064 3323 primi
1101 3253 1321 3307 mensis
1348 3252 1627 3308 tredecim
1661 3253 1787 3307 dies
1812 3269 1898 3306 re-

240 3324 519 3377 trahendi
551 3329 707 3387 sunt,
765 3326 865 3395 qui
900 3331 1035 3379 ante
1087 3324 1310 3379 Pascha
1369 3324 1645 3378 fuerunt:
1681 3329 1898 3395 quarta

236 3395 478 3449 decima
512 3396 672 3450 enim
695 3395 789 3450 die
821 3395 974 3449 firmi
1008 3396 1230 3450 mensis
1265 3395 1490 3449 Pascha
1532 3395 1753 3450 factum
1787 3400 1893 3450 est.

240 3466 529 3521 Retractis
551 3482 691 3536 ergo
724 3466 1027 3530 tredecim,
1075 3471 1131 3521 et
1168 3466 1387 3521 additis
1426 3475 1655 3536 septem
1707 3472 1762 3521 et
1792 3467 1897 3521 de-

240 3537 690 3609 cem,‘invenies
736 3543 954 3608 quarta
984 3538 1219 3609 decima
1252 3538 1473 3592 mensis
1519 3539 1691 3607 primi
1722 3554 1899 3609 quar-

242 3614 367 3663 tam
401 3606 607 3663 feriam
634 3606 833 3663 fuisse.
860 3610 919 3663 Et
944 3625 1016 3664 ne
1036 3608 1266 3677 legendi
1296 3606 1597 3664 fastidium
1625 3606 1894 3678 patiaris,

240 3685 346 3735 aut
377 3681 724 3751 quaestionis
757 3680 989 3749 singula
1023 3680 1297 3735 membra
1318 3681 1549 3735 curiose
1582 3682 1895 3749 inspicere,

241 3750 323 3805 do
374 3750 823 3823 compendium,
858 3758 916 3823 ut
946 3760 998 3805 et
1025 3752 1098 3805 de
1140 3767 1391 3806 numero
1424 3751 1653 3805 dierum
1683 3758 1828 3823 quot
1864 3766 1898 3805 a

244 3821 469 3877 Pascha
503 3821 691 3893 usque
727 3823 803 3877 ad
834 3822 1040 3877 datam
1076 3823 1287 3890 Legem
1358 3829 1518 3887 sunt,
1570 3821 1765 3877 certus
1797 3823 1893 3885 sis,

241 3900 299 3947 et
334 3893 413 3947 ab
442 3893 571 3964 ipso
596 3892 833 3948 facilius
884 3894 1101 3958 discas,
1152 3899 1337 3963 quota
1364 3894 1506 3948 feria
1556 3892 1778 3947 factum
1810 3898 1900 3947 est

238 3964 489 4018 Pascha.
540 3966 729 4020 Tertio
771 3965 865 4019 die
916 3970 1051 4035 post
1099 3964 1429 4019 secundum
1464 3981 1730 4019 mensem
1789 3966 1898 4018 Lex

242 4037 391 4089 data
422 4042 526 4089 est.
581 4038 725 4090 Sunt
752 4052 890 4104 ergo
926 4051 1162 4090 menses
1198 4036 1319 4090 duo
1369 4043 1423 4090 et
1462 4037 1590 4091 dies
1637 4042 1769 4090 tres.
1802 4038 1900 4090 Re-

247 4106 415 4161 trahe
440 4122 582 4175 ergo
622 4107 695 4162 de
744 4107 836 4161 his
880 4107 1160 4161 tredecim
1194 4107 1321 4161 dies
1353 4107 1454 4176 qui
1508 4116 1644 4161 ante
1680 4106 1903 4161 Pascha

244 4181 504 4239 fuerunt.
549 4186 604 4232 et
632 4178 838 4250 reliqui
865 4184 1038 4231 erunt
1073 4178 1202 4232 dies
1235 4178 1695 4250 quinquaginta.
1750 4180 1904 4250 Quo-

248 4252 415 4305 niam
466 4255 664 4304 autem
694 4249 909 4319 quarta
942 4250 1083 4303 feria
1114 4250 1257 4304 data
1288 4256 1374 4303 est
1405 4249 1543 4314 ch,
1570 4251 1705 4304 hinc
1736 4249 1903 4303 facile

250 4320 506 4375 videtur.
541 4324 753 4376 Manna
777 4323 973 4391 prima
1006 4321 1147 4375 feria
1174 4321 1380 4375 datum
1410 4328 1520 4385 est,
1546 4322 1687 4390 quia
1718 4319 1903 4373 conti-

250 4391 389 4446 nuis
440 4407 543 4445 sex
596 4392 806 4446 diebus
885 4391 1271 4461 collegerunt,
1318 4408 1452 4463 quae
1517 4393 1708 4461 prima
1762 4391 1905 4445 feria

254 4469 423 4516 sexto
470 4463 701 4517 decimo
742 4464 837 4517 die
891 4463 997 4519 fuit
1058 4464 1281 4517 mensis
1328 4463 1595 4519 secundi.
1651 4463 1739 4516 Ab
1794 4463 1906 4517 hac

252 4535 456 4605 itaque
494 4535 685 4604 prima
742 4535 885 4589 feria
935 4551 1122 4605 usque
1167 4535 1242 4588 ad
1298 4540 1574 4589 octavum
1604 4534 1905 4588 decimum

255 4606 435 4676 diem,
468 4622 589 4676 quo
613 4606 726 4660 Lex
749 4606 887 4660 data
914 4612 1021 4669 est,
1054 4614 1325 4676 quartam
1369 4605 1572 4660 feriam
1621 4605 1905 4658 invenies.

258 4680 302 4731 A
334 4675 500 4731 feria
542 4693 677 4732 vero
728 4683 962 4747 quarta,
1014 4675 1137 4731 sive
1192 4684 1325 4731 ante
1375 4678 1495 4731 sive
1541 4681 1692 4731 retro
1743 4692 1910 4731 cmn-

256 4753 432 4811 putes
461 4747 517 4801 in
550 4748 1123 4818 quinquagesimum
1152 4748 1328 4809 diem.
1358 4755 1570 4818 quarta
1603 4748 1746 4805 feria
1778 4753 1865 4799 est
1896 4766 1906 4801 :

255 4819 485 4873 idcirco
514 4820 658 4889 quia
686 4825 903 4890 quarta
933 4819 1080 4873 feria
1120 4821 1343 4873 Pascha
1370 4829 1614 4888 egerunt
1652 4820 1709 4873 in
1744 4820 1911 4888 /Egy-

254 4896 358 4962 pto
388 4891 603 4955 Judaei,
657 4898 711 4945 et
770 4896 985 4962 quarta
1043 4890 1186 4945 feria
1242 4892 1452 4953 Legem
1505 4896 1906 4962 acceperunt:

254 4960 679 5032 quintaautem
710 4960 851 5016 feria
880 4962 1121 5027 profecti
1156 4968 1293 5016 sunt
1322 4962 1396 5017 de
1426 4963 1699 5032 Egypto.
1734 4960 1914 5029 Igitur

255 5033 557 5088 dedicatio
578 5033 740 5095 Legis
759 5039 843 5087 est
867 5036 1231 5087 Pentecoste.

333 5105 510 5159 XCVI.
558 5134 624 5145 —
650 5104 1048 5171 Quaerendum
1104 5106 1148 5157 si
1184 5102 1408 5158 Pascha
1435 5102 1915 5157 transitusinter—

258 5179 543 5247 pretetur,
572 5177 726 5247 (sicut
754 5174 980 5247 rGriecis
1014 5174 1267 5247 videtur.

332 5246 656 5316 Apostolus
690 5246 805 5302 falli
826 5262 943 5299 non
965 5246 1293 5315 potuit,qui
1319 5246 1418 5307 ait,
1448 5245 1653 5299 Pascha
1677 5251 1916 5299 nostrum

259 5317 571 5372 immolatus
598 5324 673 5371 est
705 5317 952 5373 Christus
981 5318 1020 5380 (l
1052 5316 1173 5371 Cor.
1209 5334 1268 5385 v,
1299 5323 1373 5375 7).
1409 5316 1571 5380 Quod
1597 5332 1710 5370 non
1740 5331 1915 5369 suum

260 5391 488 5459 utique,
518 5390 618 5443 sed
651 5390 816 5459 Legis
844 5394 932 5443 est
959 5388 1471 5459 verbum,dicente
1501 5391 1707 5457 Moyse,
1732 5386 1796 5441 Et
1810 5388 1919 5459 erit

258 5458 383 5513 curn
430 5460 608 5513 dicent
633 5458 777 5514 vobis
803 5460 914 5527 ﬁlii
950 5461 1134 5517 vestri.
1172 5462 1298 5523 Quae
1332 5466 1407 5511 est
1438 5458 1724 5511 deservitio
1756 5458 1866 5511 haec
1892 5458 1919 5511 7

259 5533 333 5586 Et
359 5532 570 5595 dicetis,
609 5532 913 5586 Immolatio
947 5532 1057 5585 haec
1090 5530 1294 5583 Pascha
1326 5530 1550 5582 Domini
1594 5535 1672 5583 est
1719 5528 1916 5590 (Exod.

324 5682 396 5741 (α)
417 5680 701 5745 Reliquum
736 5680 886 5730 deest
906 5681 958 5728 in
1002 5680 1125 5729 Mss.
1154 5675 1377 5727 secundi
1412 5677 1639 5739 generis.

1777 138 2161 196 APPENDIX.

3533 138 3674 197 2294

2016 282 2118 333 xu,
2150 269 2237 347 2_6,
2262 265 2373 377 272.
2401 265 2555 332 Quid
2582 265 2836 347 amplius
2867 270 2955 322 est
2978 266 3380 324 necessarium
3414 268 3490 324 ad
3514 270 3674 324 testi-

2018 352 2289 377 mnnnim
2379 339 2490 377 ῘΑῩ
2546 337 2807 377 lnnniinr
2839 356 2852 368 ο
2912 338 3221 377 Δηηαίηιιια
3271 341 3484 377 nrnhnt
3515 357 3527 369 -
3557 341 3670 377 hnn

2018 338 2291 393 monium
2323 337 2351 391 ‘i
2378 339 2492 393 Lex
2546 337 2807 409 loquitur
2839 356 2853 405 ;
2903 338 3222 408 Apostolus
3271 341 3487 409 probat
3515 357 3527 395 :
3557 341 3671 397 hoc

2017 415 2304 478 superest,
2343 416 2402 464 ut
2432 409 2833 463 contradictor
2884 409 3199 479 abjiciatur
3249 417 3310 463 ut
3366 411 3665 479 pervicax.

2018 479 2389 535 Manifestum
2422 486 2506 534 est
2532 481 2693 535 enim
2722 482 3031 534 transitum
3049 485 3186 552 post
3217 481 3439 536 Pascha
3462 481 3665 538 fuisse.

2019 553 2095 604 De
2110 552 2402 623 sanguine
2422 552 2577 605 enim
2599 552 2890 606 immolati
2903 552 3040 621 agni
3068 567 3246 621 super
3261 556 3461 623 postes
3474 554 3670 608 ostiiet

2016 637 2199 692 super
2228 622 2409 677 limen
2434 628 2780 692 posuerunt,
2805 628 2866 676 ut
2898 624 3190 678 transiens
3224 622 3394 678 nocte
3418 624 3669 691 angelus

2014 704 2135 748 non
2170 700 2495 763 percuteret
2523 695 2796 761 domum,
2831 694 2889 748 in
2920 710 3041 765 qua
3085 695 3324 761 signum
3361 695 3669 764 sanguinis

2014 764 2452 836 esset.Sanguis
2468 765 2909 833 igitursalutem
2928 764 3337 836 priestititmon
3354 766 3665 822 transitus:

2012 835 2153 907 quia
2179 842 2237 890 ut
2252 835 2535 891 transitus
2550 852 2671 891 non
2698 835 2955 901 noceret,
2977 838 3197 891 obstitit
3220 836 3486 904 sanguis.

2086 907 2285 961 XCVII.
2322 939 2386 947 --
2406 906 2538 974 Qua
2569 909 2795 963 ratione
2828 907 3179 978 responderi
3207 909 3390 978 possit
3413 907 3529 962 Arii
3562 908 3669 962 im—

2012 978 2217 1049 pietati
2251 978 2600 1048 simpliciter
2633 994 2703 1034 ex
2736 979 2886 1043 Lege
2907 979 2934 1034 ?

2084 1049 2366 1103 Sirationi
2398 1050 2547 1104 fides
2561 1050 2994 1113 commodetur,
3020 1049 3151 1118 ipsa
3182 1048 3495 1103 nominum
3515 1049 3666 1104 ratio

2013 1119 2200 1174 Patris
2239 1125 2294 1174 et
2340 1121 2462 1175 Filii
2494 1122 2764 1176 ostendet
2806 1121 3115 1175 unitatem.
3148 1121 3205 1174 Si
3240 1119 3487 1190 quaeris,
3520 1136 3669 1189 quo—

2013 1191 2195 1245 modo
2208 1192 2235 1246 ‘3
2250 1194 2373 1246 Non
2387 1192 2547 1246 enim
2564 1208 2735 1246 verus
2749 1192 2846 1247 Dei
2864 1192 3037 1247 Filius
3051 1191 3479 1255 diceretur,nisi
3495 1192 3669 1246 exsti-

2010 1262 2173 1315 tisset
2203 1262 2276 1315 de
2304 1262 2637 1317 substantia
2671 1264 2768 1318 Dei
2792 1263 2995 1317 Patris.
3026 1266 3139 1318 Nec
3161 1263 3319 1316 enim
3348 1268 3663 1332 pateretur,

2008 1332 2225 1387 veritas
2256 1338 2312 1387 et
2332 1333 2674 1403 justitiaDei
2703 1349 2909 1389 verum
2924 1334 3119 1388 dicere
3150 1333 3666 1404 Filium,sideipso

2008 1419 2125 1457 non
2153 1410 2329 1458 esset.
2358 1407 2483 1459 Non
2511 1410 2598 1459 est
2628 1406 2784 1459 enim
2816 1421 2988 1460 verus
3017 1405 3115 1458 Dei
3136 1404 3328 1468 Filius,
3363 1405 3412 1457 si
3443 1404 3665 1475 deipso

2009 1490 2131 1529 non
2158 1480 2264 1531 est.
2288 1476 2397 1530 Sed
2429 1476 2727 1547 Scriptura
2743 1476 2903 1539 dicit,
2934 1476 3115 1530 Verus
3130 1479 3218 1547 est
3235 1489 3409 1547 :ergo
3431 1475 3505 1529 de
3531 1476 3664 1547 ipso

2010 1552 2114 1599 est.
2141 1547 2246 1610 Qui
2276 1547 2433 1601 enim
2461 1547 2725 1614 negatde
2751 1549 2868 1602 Deo
2897 1552 3101 1601 natum
3132 1546 3661 1615 Cbristum,Scrip-

2009 1622 2156 1689 turre
2179 1616 2547 1689 calumniam
2577 1618 2734 1682 facit,
2763 1634 2899 1689 quas
2929 1618 3063 1672 ideo
3094 1617 3259 1671 illum
3293 1617 3432 1671 dicit
3453 1632 3661 1689 verum

2008 1688 2113 1742 Dei
2150 1688 2375 1751 Filium,
2415 1695 2476 1743 ut
2506 1688 2800 1757 signiﬁcet
2847 1690 2920 1743 de
2967 1690 3086 1743 Deo
3128 1689 3286 1743 hunc
3341 1693 3568 1742 natum.
3606 1688 3662 1742 Si

2008 1760 2168 1813 enim
2208 1774 2325 1813 non
2371 1765 2455 1813 est
2486 1760 2559 1814 de
2616 1761 2753 1824 Deo,
2805 1767 2859 1813 et
2890 1776 3065 1813 verus
3094 1760 3251 1813 ﬁlius
3284 1759 3384 1813 Dei
3424 1759 3661 1825 dicitur,

2009 1829 2188 1884 fallax
2211 1836 2298 1886 est
2332 1831 2654 1901 Scriptura.
2691 1830 2862 1895 Quod
2894 1831 2939 1884 si
2967 1831 3267 1901 Scriptura
3301 1845 3419 1884 non
3470 1829 3617 1901 fallit
3646 1848 3659 1896 ;

2007 1901 2109 1972 qui
2144 1901 2439 1956 Christum
2458 1900 2577 1956 non
2610 1900 3129 1957 fateturexstitisse
3146 1902 3218 1954 de
3244 1900 3664 1969 Deo,etScrip-

2008 1979 2203 2026 turam
2225 1979 2498 2038 evacuat,
2515 1973 2877 2028 etChristum
2896 1978 3292 2040 negatverum
3313 1972 3521 2026 Filium
3538 1972 3660 2027 Dei.

2007 2047 2132 2098 Non
2148 2044 2307 2097 enim
2330 2044 2603 2099 voluntas
2617 2059 2819 2098 verum
2840 2044 3044 2099 Filium
3067 2043 3222 2107 facit,
3241 2043 3343 2097 sed
3364 2043 3658 2097 nativitas.

2009 2116 2121 2187 Sed
2150 2115 2449 2185 potentiai,
2487 2116 2782 2187 inquiunt,
2838 2114 3093 2187 Deiphoc
3143 2115 3370 2187 subest,
3414 2119 3477 2168 ut
3505 2113 3662 2187 falsa

2008 2184 2183 2258 faciat
2210 2202 2368 2258 vera.
2390 2187 2515 2241 lmo
2540 2184 2803 2258 potentia
2828 2187 2921 2239 Dei
2948 2186 3075 2241 haec
3096 2191 3201 2258 est,
3230 2185 3387 2239 unde
3420 2190 3474 2239 et
3494 2184 3661 2239 omni

2004 2256 2182 2328 laude
2204 2257 2424 2327 dignus
2436 2256 2708 2328 estfquia
2729 2272 2937 2311 verum
2957 2257 3118 2328 aqud
3138 2257 3306 2311 illum
3327 2271 3533 2328 verum
3552 2260 3659 2323 est,

2007 2336 2062 2382 et
2088 2326 2300 2383 falsum
2326 2329 2542 2384 falsum
2576 2326 2679 2383 est.
2724 2331 2872 2383 Nam
2902 2326 3059 2383 istud
3094 2326 3404 2383 mendacis
3443 2331 3552 2390 est,
3599 2329 3662 2382 ut

2007 2398 2228 2454 falsum
2255 2401 2413 2455 dicat
2436 2416 2641 2455 verum
2669 2417 2681 2465 ;
2707 2399 2872 2468 quod
2901 2402 3016 2454 Deo
3040 2415 3159 2454 non
3189 2398 3489 2469 competit.
3512 2400 3662 2469 Nam

2007 2472 2210 2526 omnia
2234 2472 2481 2542 quidem
2506 2467 2888 2541 potestDeus,
2922 2470 3026 2525 sed
3054 2486 3172 2525 non
3203 2467 3342 2525 facit
3367 2469 3477 2524 nisi
3491 2467 3663 2542 quod

2006 2540 2561 2597 conveniatveritati
2585 2544 2713 2611 ejus
2730 2557 2800 2596 ac
2821 2542 3078 2611 justitiie.
3097 2542 3463 2597 Manifestum
3487 2540 3663 2609 igitur

2007 2619 2090 2667 est
2122 2613 2342 2667 idcirco
2371 2630 2578 2668 verum
2607 2613 2723 2668 dici
2752 2612 2962 2668 Filium
2982 2614 3079 2667 Dei
3105 2613 3423 2675 Christum,
3444 2619 3504 2666 ut
3528 2626 3660 2681 pro-

2004 2684 2190 2753 prius,
2221 2685 2277 2738 id
2305 2688 2414 2749 est,
2447 2683 2521 2739 de
2553 2684 2889 2739 substantia
2916 2684 3045 2753 ejus
3072 2690 3246 2739 natus
3275 2683 3652 2751 intelligatur.

2008 2755 2173 2810 Unde
2202 2754 2387 2828 inquit
2412 2755 2727 2828 Apostolus
2763 2756 2915 2822 :Qui
2936 2756 3177 2828 proprio,
3217 2756 3368 2828 Filio
3416 2771 3511 2828 suo
3552 2770 3658 2807 non

2000 2827 2238 2897 pepercit
2263 2828 2276 2861 ¹
2299 2826 2475 2897 (Rom.
2504 2842 2623 2891 Vill,
2652 2830 2773 2893 32);
2798 2827 2927 2882 etin
2953 2826 3065 2881 alia
3084 2826 3337 2895 Epistola
3362 2843 3374 2880 :
3403 2827 3514 2891 Qui
3535 2840 3654 2879 cum

2007 2898 2065 2951 in
2092 2897 2276 2967 forma
2306 2897 2405 2951 Dei
2423 2905 2570 2963 esset,
2602 2914 2705 2952 non
2752 2899 3009 2968 rapinam
3038 2897 3342 2952 arbitratus
3372 2904 3446 2950 est
3477 2912 3580 2951 esse
3606 2911 3659 2949 se

2002 2985 2188 3037 parem
2215 2969 2323 3022 Deo
2351 2968 2620 3039 (Philipp.
2657 2985 2713 3032 ιι,
2742 2970 2817 3039 6).
2855 2971 2913 3023 Si
2943 2984 3086 3037 ergo
3118 2984 3239 3023 non
3272 2968 3543 3039 rapinam
3570 2981 3659 3021 ar-

2006 3039 2258 3094 bitratus
2282 3044 2387 3105 est,
2412 3037 2616 3093 dicens
2646 3056 2705 3093 sc
2722 3037 2926 3109 parem
2959 3044 3095 3104 Deo,
3120 3056 3324 3094 verum
3345 3037 3419 3093 ‘se
3449 3037 3659 3094 Filium

2006 3110 2101 3164 Dei
2135 3110 2585 3165 demonstravit.
2623 3113 2738 3164 Deo
2769 3112 2926 3165 enim
2955 3128 3063 3180 par
3092 3126 3227 3165 esse
3251 3125 3369 3165 non
3399 3114 3648 3180 poterat,

2004 3182 2117 3236 nisi
2145 3181 2385 3235 essetde
2416 3182 2571 3250 ipso.
2604 3182 2780 3235 Pares
2794 3184 2949 3235 enim
2968 3182 3318 3252 hisunt,qui
3344 3186 3447 3235 aut
3470 3180 3653 3235 ambo

2003 3252 2125 3306 veri
2158 3258 2314 3316 sunt,
2347 3258 2447 3306 aut
2477 3252 2660 3306 ambo
2688 3251 2836 3306 falsi.
2858 3255 2971 3307 Nec
3000 3252 3160 3306 enim
3189 3251 3537 3321 parilitatem
3560 3266 3654 3304 re-

2006 3324 2419 3393 cipitcmptum
2436 3329 2810 3387 etaeternum,
2830 3328 2929 3377 aut
2946 3323 3250 3377 unitatem.
3280 3324 3471 3377 Unum
3495 3321 3653 3375 enim

2005 3412 2067 3449 se
2098 3410 2229 3448 esse
2255 3394 2510 3449 dicendo
2528 3394 2790 3449 Christus
2820 3410 2957 3449 cum
2991 3395 3177 3458 Patre,
3206 3408 3411 3463 parem
3444 3407 3505 3445 se
3540 3394 3656 3463 Deo

2007 3465 2164 3520 facit.
2198 3465 2321 3519 Non
2349 3466 2522 3520 solum
2549 3466 2709 3529 enim,
2742 3466 2950 3535 inquit,
2979 3460 3221 3519 solvebat
3243 3462 3537 3535 sabbatum,
3558 3460 3659 3535 sed

2007 3545 2055 3591 et
2083 3545 2289 3606 patrem
2317 3553 2471 3591 suum
2503 3536 2705 3591 dicebat
2735 3532 3211 3607 Deum.’a:qualem
3242 3552 3292 3589 se
3316 3534 3522 3607 faciens
3549 3532 3658 3586 Deo

2008 3605 2188 3679 (Joan.
2211 3624 2266 3672 v,
2300 3607 2537 3677 t8),hoc
2553 3616 2657 3673 est,
2688 3624 2915 3678 parem.
2948 3605 3151 3662 Nonne
3172 3605 3659 3679 manifestumest

2007 3675 2404 3750 aequalitatem
2438 3679 2592 3733 hanc
2640 3675 2712 3733 de
2759 3680 3117 3750 pr0prietate
3165 3675 3661 3750 nativrtatis‘des-

2006 3746 2259 3805 cendere
2285 3748 2313 3802 ?
2346 3750 2651 3819 Proprium
2688 3746 2844 3804 enim
2876 3746 2957 3814 se,
3001 3748 3061 3804 id
3101 3753 3187 3804 est
3220 3764 3426 3802 verum
3458 3746 3661 3819 dicens

2007 3822 2107 3875 Dei
2140 3820 2367 3883 Filium,
2400 3817 2696 3891 aequalem
2719 3837 2779 3875 se
2808 3820 3062 3875 faciebat
3086 3819 3481 3891 Deo.Hincest
3504 3817 3661 3891 unde

2008 3893 2168 3956 dicit,
2199 3892 2304 3956 Qui
2335 3890 2485 3945 videt
2508 3909 2603 3954 me,
2635 3892 2778 3945 videt
2800 3899 2849 3946 et
2871 3893 3090 3946 Patrem
3104 3908 3272 3946 meum
3299 3890 3406 3961 (Id.
3443 3906 3559 3954 xiv,
3581 3890 3659 3956 9).

2011 3967 2115 4018 Per
2145 3962 2289 4017 illud
2304 3964 2459 4017 enim
2476 3963 2640 4034 quod
2673 3964 3143 4017 consubstantivi
3167 3969 3325 4026 sunt,
3352 3962 3662 4034 quiunum

2011 4034 2190 4097 videt,
2233 4034 2446 4089 ambos
2487 4032 2661 4089 videt.
2692 4036 2849 4090 Sicut
2881 4035 3020 4090 enim
3049 4034 3200 4089 habet
3223 4032 3391 4089 Pater
3416 4034 3583 4088 vitam
3605 4032 3665 4086 in

2008 4107 2304 4175 semetipso,
2336 4106 2413 4159 sic
2441 4105 2587 4159 dedit
2605 4112 2652 4159 et
2684 4107 2837 4161 Filio
2866 4106 3054 4160 habere
3080 4108 3245 4161 vitam
3282 4108 3340 4159 in
3370 4106 3660 4175 semetipso,

2011 4177 2118 4245 (Id.
2150 4194 2201 4241 v,
2235 4180 2351 4242 '26);
2398 4178 2509 4231 hoc
2555 4184 2661 4240 est,
2694 4178 2987 4248 aequalem
3038 4179 3148 4231 sibi
3209 4178 3411 4245 genuit
3453 4175 3664 4228 Filium

2012 4252 2178 4302 Pater
2210 4249 2521 4310 getomnia
2544 4265 2678 4319 quas
2701 4249 2888 4303 Patris
2917 4253 3077 4311 sunt,
3110 4248 3229 4302 Filii
3258 4253 3430 4310 sunt;
3464 4251 3664 4314 etquae

2013 4325 2152 4373 sunt
2184 4320 2326 4383 Filii,
2360 4321 2541 4374 Patris
2566 4325 2705 4374 sunt
2733 4320 2841 4384 (Id.
2876 4336 3015 4383 xvu,
3044 4320 3135 4384 t0)
3167 4335 3177 4371 :
3204 4324 3258 4372 et
3280 4332 3458 4372 nemo
3478 4319 3667 4386 potest

2013 4390 2351 4459 quidquam
2385 4406 2591 4459 rapere
2614 4391 2687 4443 de
2718 4406 2898 4444 manu
2926 4391 3130 4453 Patris,
3161 4404 3353 4459 neque
3375 4387 3449 4441 de
3482 4401 3667 4441 manu

2299 4478 2354 4527 x,
2382 4463 2502 4541 29).-
2523 4460 2866 4541 Etsubjecit,
2897 4464 3000 4541 Ego
3022 4468 3070 4541 et
3092 4462 3261 4514 Pater
3284 4475 3457 4541 unum
3478 4472 3668 4539 sunmus

2017 4529 2287 4601 (Ibid.30)
2312 4548 2325 4595 ;
2349 4539 2421 4595 et,
2455 4532 2621 4586 Verba
2638 4548 2775 4602 quae.
2795 4529 3003 4603 inquit.
3028 4532 3217 4602 loquor
3228 4530 3442 4603 vobis,_a
3463 4529 3668 4603 meipso

2016 4622 2125 4658 non
2147 4604 2329 4673 loquor
2361 4620 2375 4656 :
2405 4606 2567 4658 Pater
2594 4601 2767 4657 autem
2802 4601 3018 4657 manens
3048 4601 3104 4657 in
3135 4620 3235 4666 me,
3255 4603 3364 4671 ipse
3391 4601 3665 4673 loquitur;

2017 4682 2067 4729 et
2090 4671 2251 4741 opera
2273 4691 2391 4743 quae
2416 4675 2578 4742 facio,
2614 4678 2723 4744 ipse
2767 4674 2919 4743 facit.
2959 4674 3177 4729 Credite
3220 4673 3381 4738 mihi,
3416 4671 3552 4743 quod
3580 4687 3669 4740 ego

2020 4747 2078 4800 in
2110 4746 2295 4817 Patre,
2331 4751 2379 4798 et
2407 4747 2573 4800 Pater
2604 4748 2658 4799 in
2681 4762 2760 4799 me
2780 4752 2881 4814 est;
2914 4746 3156 4817 alioquin
3178 4745 3255 4799 vel
3263 4753 3489 4816 propter
3509 4758 3671 4817 opera

2021 4819 2139 4886 ipsa
2170 4816 2376 4871 credite
2408 4817 2512 4873 (Id.
2539 4834 2654 4881 xiv,
2681 4819 2894 4885 10-12).
2931 4816 3078 4882 Quia
3108 4816 3266 4872 enim
3310 4816 3613 4885 generatio
3636 4829 3671 4867 a

2023 4888 2342 4959 semetipso
2371 4904 2489 4959 non
2545 4895 2650 4953 est,
2694 4889 2801 4944 sed
2834 4891 2910 4944 ab
2963 4905 3033 4943 eo
3060 4889 3161 4959 qui
3191 4888 3418 4958 genuit,
3452 4886 3672 4959 idcirco

2022 4955 2319 5030 quidquid
2370 4958 2526 5021 facit,
2578 4960 2796 5015 factum
2852 4960 2993 5015 dicit
3032 4955 3261 5015 Patris:
3319 4964 3383 5013 ut
3412 4955 3673 5030 per__h_aac

2023 5026 2229 5104 omnia
2257 5030 2399 5104 illud
2432 5032 2717 5094 firmetur,
2747 5032 3036 5104 quiaideo
3059 5048 3229 5104 verus
3256 5026 3469 5104 dicitur
3495 5026 3674 5104 Filius

2026 5103 2123 5175 Dei
2174 5101 2459 5175 Christus,
2514 5109 2574 5156 ut
2604 5104 2679 5157 de
2709 5100 2837 5175 ipso
2868 5107 3046 5158 natus
3084 5101 3359 5157 credatur
3389 5102 3485 5175 (a),
3517 5113 3590 5152 ne
3621 5100 3676 5152 et

2026 5172 2356 5227 substantia
2374 5173 2498 5241 ejus
2520 5180 2678 5229 extra
2700 5171 2877 5229 unius
2894 5174 2992 5228 Dei
3015 5180 3291 5228 naturam
3311 5171 3676 5226 existimare-

2026 5252 2136 5298 tur.
2166 5243 2469 5298 Humilitas
2496 5260 2636 5311 ergo
2663 5246 2790 5315 ejus
2818 5246 3077 5298 maxima
3094 5243 3369 5315 exaltatio
3400 5245 3506 5315 est:
3528 5244 3675 5296 Cum

2026 5316 2185 5370 enim
2222 5315 2451 5368 videtur
2493 5331 2554 5368 se
2582 5312 2872 5383 subjicere
2898 5316 3124 5380 dicens,
3162 5313 3331 5369 Verba
3351 5330 3467 5384 quae
3491 5312 3678 5382 loquor

2027 5386 2192 5449 vobis,
2216 5403 2248 5438 a
2278 5388 2471 5455 meipso
2502 5403 2605 5440 non
2636 5387 2823 5455 loquor
2844 5404 2862 5440 :
2893 5386 3056 5440 Pater
3084 5386 3229 5440 enim
3259 5400 3475 5439 manens
3503 5385 3673 5446 inme,

2032 5460 2143 5528 ipse
2175 5458 2417 5527 loquitur
2448 5474 2464 5522 ;
2496 5464 2544 5511 et
2570 5474 2730 5529 Opera
2756 5476 2873 5528 quze
2896 5475 2984 5528 ego
3015 5458 3184 5526 facio,
3212 5459 3318 5527 ipse
3337 5457 3473 5527 facit
3501 5474 3516 5510 :
3545 5470 3678 5527 pro-

2092 5557 2105 5585 ι
2130 5554 2339 5617 ιιιᾉΜεε.
2377 5554 2595 5603 secundi
2636 5555 2845 5617 generis
2900 5556 3317 5616 interponuntur
3345 5554 3444 5604 hoc
3471 5556 3587 5605 loco
3617 5566 3681 5604 ea

2032 5630 2151 5681 qua:
2187 5615 2350 5681 h_ab_es
2382 5621 2499 5681 post
2530 5615 2687 5681 istam
2719 5619 3087 5681 quaestionem.

2098 5680 2165 5739 (α)
2198 5677 2420 5742 Reliqua
2442 5678 2637 5729 desunt
2667 5677 2874 5730 in‘Mss.
2905 5679 3125 5731 secundi
3150 5690 3384 5744 generis.
