4140 6208
536 111 679 168 2295

1543 106 2012 176 QU/ESTIONES
2053 104 2149 160 EX
2185 104 2379 162 NOVO
2420 103 2932 160 TESTAMENTO.

3770 106 3878 167 2296

535 233 639 289 bat
661 231 1029 304 seoriginem
1057 247 1093 286 a
1132 233 1245 286 Deo
1276 229 1518 304 habere,
1572 238 1627 286 et
1658 232 1939 287 Virtutem
1972 231 2100 301 ejns
2127 245 2188 284 se
2295 234 2409 304 est.
2438 228 2577 304 Tale
2607 229 2770 304 enim
2795 227 2973 304 etiam
3002 225 3457 304 illudjeremiee
3488 228 3770 301 prophetae
3785 240 3875 291 est:

536 319 665 359 esse
695 302 967 368 ostendit,
996 302 1141 358 dum
1183 317 1303 356 non
1324 303 1487 372 quod
1512 308 1621 368 est,
1646 318 1680 357 a
1710 304 2031 373 semetipso
2058 317 2190 356 esse

537 376 694 439 dicit,
724 374 829 429 sed
844 375 1085 443 abipso.
1103 373 1330 428 Perhoc
1343 374 1500 427 enim
1524 374 1984 428 commendatur
2005 373 2191 428 Chris-

538 451 655 510 tus,
689 461 809 500 non
838 445 1175 500 inclinatur.
1202 445 1303 509 Qui
1328 446 1486 498 enim
1535 460 1569 498 a
1612 460 1671 498 se
1701 444 1979 516 loquitur,
2014 460 2189 498 verus

540 518 719 571 Filius
750 532 870 571 non
920 523 1027 571 est.
1058 515 1233 571 Vides
1281 529 1418 583 ergo
1462 518 1607 585 quia
1638 515 1834 571 Ariani
1870 517 2006 571 inde
2035 517 2191 570 male

539 587 874 656 intelligunt
899 588 1215 650 Christum,
1261 586 1417 640 unde
1448 586 1600 641 bene
1626 587 2043 656 intelligendus
2069 593 2191 651 est;

539 665 592 715 et
613 660 751 713 inde
776 656 1589 728 illumimprobantetfalsum
1606 659 1831 722 dicunt,
1853 660 2004 713 unde
2019 673 2192 712 verus

541 731 649 785 Dei
675 746 807 784 esse
834 729 1013 783 Filius
1044 728 1414 799 approbatur
1442 746 1454 782 :
1487 745 1628 784 nam
1655 730 2109 785 clariﬁcandum
2130 745 2190 782 se

539 817 575 857 θ,
602 802 769 879 Patre
783 800 1071 879 postulat,
1099 806 1154 854 et
1179 799 1500 879 clariﬁeare
1515 801 1819 879 se_P_atrem
1836 818 2011 879 quem
2029 802 2188 879 petit,

540 870 856 944 promittit;
893 877 947 925 et
977 871 1077 925 ubi
1109 887 1172 944 se
1206 870 1517 944 huniiliare
1542 872 1794 940 videtur,
1822 870 2194 944 e—xaltatLPa-

540 942 625 997 ter
658 943 817 997 enim
867 958 1004 996 cum
1034 943 1437 997 testimonium
1478 943 1581 997 dat
1624 944 1761 999 Filio
1793 960 1922 1007 suo,
1951 942 2192 999 laudem

541 1029 717 1085 suam
745 1017 990 1068 testatur
1013 1029 1027 1078 ;
1056 1013 1248 1085 Filius
1287 1028 1426 1067 vero
1455 1030 1594 1068 cum
1621 1015 1907 1085 praedicat
1936 1015 2190 1077 Patrem,

538 1084 793 1153 gloriam
845 1100 1016 1139 suam
1059 1083 1417 1140 manifestat.
1471 1083 1905 1153 Magnificentia
1951 1087 2111 1142 enim
2142 1091 2195 1139 et

540 1155 820 1228 nobilitas
848 1157 1051 1228 Patris,
1069 1156 1438 1225 generositas
1452 1159 1676 1212 estveri
1694 1158 1837 1212 Filii.
1869 1158 2003 1213 Ideo
2024 1155 2196 1228 quid-

538 1227 685 1299 quid
704 1227 894 1299 Patris
924 1227 1141 1299 dicitur
1162 1242 1313 1289 esse,
1364 1233 1449 1282 est
1476 1232 1532 1282 et
1580 1228 1699 1283 Filii
1728 1229 1852 1283 sine
1884 1227 2062 1282 dubio
2092 1246 2105 1295 ;
2140 1234 2192 1282 et

538 1297 705 1370 quod
742 1297 1103 1370 Filiidicitur
1126 1315 1277 1362 esse,
1303 1306 1388 1353 est
1420 1300 1695 1354 etPatris.
1715 1304 1859 1355 Nam
1889 1302 1991 1370 qui
2017 1300 2191 1369 Spiri-

540 1369 635 1425 tus
662 1369 878 1424 dicitur
900 1369 1021 1433 Dei.
1052 1369 1211 1423 idem
1244 1370 1494 1439 Spiritus
1520 1370 1737 1426 dicitur
1761 1378 1813 1426 et
1844 1369 2072 1426 Christi.
2103 1373 2195 1425 Ec-

540 1441 721 1495 clesia
742 1438 956 1495 dicitur
978 1441 1094 1503 Dei,
1122 1438 1334 1494 dicitur
1347 1446 1411 1496 et
1439 1441 1667 1496 Christi.
1695 1442 1991 1498 Adoratur
2021 1446 2192 1507 Deus,

543 1512 830 1567 adoratur
888 1517 941 1566 et
981 1512 1261 1565 Christus.
1321 1513 1581 1567 Servitur
1638 1513 1774 1578 Deo,
1838 1515 2092 1568 servitur
2140 1519 2193 1567 et

543 1582 788 1637 Christo.
819 1581 1017 1635 Sancti
1036 1582 1314 1637 dicuntur
1341 1584 1680 1639 sacerdotes
1702 1586 1821 1649 Dei,
1843 1584 2121 1639 dicuntur
2144 1589 2199 1640 et

543 1653 880 1724 sacerdotes
902 1652 1134 1708 Christi.
1163 1654 1471 1724 Templum
1485 1656 1734 1710 civitatis
1748 1663 1966 1711 sanctae
1984 1657 2198 1710 dicitur

546 1724 668 1789 Dei,
703 1723 971 1778 similiter
1000 1728 1056 1778 et
1087 1723 1363 1779 Christi".
1398 1725 1646 1780 Lumine
1679 1727 1777 1781 Dei
1801 1726 2077 1782 illustrari
2109 1726 2198 1781 di-

544 1796 700 1850 citur
725 1795 936 1849 civitas
967 1802 1193 1862 sancta,
1224 1795 1438 1851 eodem
1472 1799 1651 1853 modo
1683 1804 1738 1853 et
1761 1799 1992 1855 Christi.
2019 1799 2198 1855 Sedes

548 1865 646 1921 Dei
683 1872 788 1930 est,
817 1882 925 1920 nec
954 1882 1074 1921 non
1111 1874 1166 1921 et
1192 1868 1421 1923 Christi.
1455 1869 1643 1924 Judex
1700 1870 1852 1924 Deus
1884 1875 1993 1935 est,
2022 1875 2111 1924 est
2142 1875 2198 1925 et

545 1937 809 2013 Christus
836 1953 848 1991 :
873 1938 1017 2013 quia
1035 1938 1220 2013 Isaias
1252 1940 1609 2013 prophetaein
1628 1940 1839 1996 throno
1872 1940 2198 2013 majestatis

546 2009 842 2083 Christum
871 2008 1713 2083 videtsedentem’Dominum
1746 2008 1999 2067 sabaoth
2041 2012 2196 2083 (Isai.

544 2096 621 2144 VI,
656 2082 727 2147 t),
752 2080 915 2150 quod
944 2080 1275 2135 Arianinon
1295 2088 1534 2148 negant.
1564 2086 1639 2136 De
1656 2086 1767 2137 Deo
1786 2080 2195 2150 Patrelegitur,

547 2152 710 2223 quod
734 2151 847 2224 Rea:
861 2167 1049 2224 regum
1063 2153 1205 2224 sitet
1234 2152 1498 2207 Dominus
1518 2153 1859 2209 dominorum
1882 2156 1925 2224 (Ι
1954 2155 2096 2209 Tim.
2122 2170 2196 2218 v1,

556 2222 662 2297 Γᾷ),
695 2222 907 2297 eadem
936 2230 989 2297 et
1018 2222 1357 2297 de_Christo
1390 2226 1530 2279 Filio
1558 2226 1656 2280 Dei
1678 2242 1817 2280 vero
1851 2222 2035 2297 (Apoc.
2064 2242 2199 2289 xvu,

555 2293 617 2347 14
633 2309 778 2368 Laur,
800 2296 902 2356 16).
931 2294 1022 2349 Sic
1041 2293 1279 2368 _ubiqu_e
1293 2294 1603 2351 divinitate
1626 2293 2020 2368 exaequantur
2041 2300 2204 2352 Pater

547 2370 603 2420 et
633 2365 833 2429 Filius,
862 2372 922 2419 ut
954 2365 1129 2419 unius
1158 2366 1257 2421 Dei
1294 2368 1542 2422 modum
1575 2384 1694 2422 non
1733 2365 2067 2438 egrediatur
2098 2385 2205 2422 nu-

550 2451 750 2490 merus
774 2450 1185 2506 personarum.
1225 2440 1375 2493 Inter
1414 2442 1642 2494 Patrem
1675 2446 1872 2495 autem
1906 2447 1962 2495 et
1997 2439 2200 2495 Filium

552 2506 989 2581 nihilqinterest,
1018 2508 1129 2562 nisi
1152 2508 1265 2581 hoc
1299 2509 1515 2572 solum,
1539 2510 1682 2581 quia
1705 2512 1876 2566 Pater
1904 2512 2205 2577 ingenitus

550 2583 658 2642 est,
688 2578 869 2632 Filius
903 2593 1040 2633 vero
1086 2579 1319 2647 genitus
1355 2596 1367 2635 ε
1406 2581 1465 2634 id
1492 2578 1595 2646 est,
1636 2583 1803 2637 Pater
1832 2598 1867 2637 a
1908 2582 2070 2637 nullo
2093 2588 2201 2645 est,

548 2648 724 2722 Filius
743 2654 944 2722 autem
962 2650 1034 2703 de
1058 2652 1253 2722 Patre;
1287 2653 1452 2721 quod
1483 2652 1728 2722 quidem
1758 2653 2015 2707 sublime
2042 2652 2203 2707 estin

554 2719 717 2775 Filio.
737 2721 876 2774 Hinc
889 2721 1045 2775 enim
1062 2719 1393 2776 addiscitur
1406 2719 1728 2777 nobilitatis
1740 2724 1790 2792 ej
1804 2741 1868 2777 us
1886 2724 2200 2788 aeternitas,

551 2796 607 2846 et
635 2792 780 2861 quia
808 2807 981 2845 verus
1020 2792 1192 2845 Filius
1224 2798 1314 2845 est
1338 2793 1459 2847 veri
1510 2794 1711 2848 Patris.
1750 2794 1914 2850 Unde
1936 2801 2022 2849 est
2043 2795 2203 2849 enim

552 2861 697 2915 illud
728 2861 891 2932 quod
908 2861 1118 2929 legitur
1147 2862 1205 2916 in
1238 2862 1446 2917 Genesi
1468 2864 1700 2921 dicente
1738 2865 1876 2931 Deo,
1918 2866 2207 2922 Faciamus

553 2932 817 3008 hominem
849 2932 919 2985 ad
940 2932 1231 3008 imaginem
1262 2942 1310 2989 et
1330 2934 1758 2991 similitudinem
1784 2945 2025 2993 nostram
2046 2937 2199 3008 (Gen.

553 3018 591 3070 ι,
626 3003 976 3077 26)?ltaque
1002 3005 1050 3058 si
1071 3006 1272 3074 imago
1297 3021 1504 3061 eorum
1537 3008 1928 3063 etsimilitudo
1949 3003 2065 3064 una
2095 3014 2200 3077 est,

552 3073 862 3151 quomodo
880 3073 996 3151 non
1019 3090 1205 3131 unum
1220 3083 1430 3151 suntet
1444 3079 1698 3135 natura?
1718 3080 1777 3134 In
1794 3073 2203 3151 spiritualilius

552 3144 711 3217 enim
734 3144 832 3217 ubi
851 3146 1046 3216 utique
1065 3163 1185 3201 non
1208 3148 1581 3217 suntﬁguras,
1608 3151 1803 3208 simile
1828 3144 1949 3207 non
1977 3151 2206 3207 eritali-

550 3215 695 3287 quid
734 3216 846 3270 nisi
872 3215 976 3287 per
1007 3215 1428 3284 substantiam,
1477 3225 1540 3275 ut
1567 3222 1667 3275 ubi
1700 3222 1958 3277 duorum
2002 3225 2204 3288 imago

552 3290 1120 3359 unaest,quomodo
1143 3305 1260 3344 non
1290 3306 1497 3346 eorum
1532 3309 1651 3347 una
1678 3294 1784 3348 erit
1812 3294 2148 3350 substantia
2176 3293 2204 3348 εἶ

552 3358 770 3413 Idcirco
797 3358 955 3414 enim
997 3360 1315 3430 imaginem
1368 3378 1575 3417 eorum
1634 3368 1690 3417 et
1753 3364 2203 3420 similitudinem

551 3445 738 3484 unam
753 3430 1172 3498 esselegimus,
1195 3438 1473 3488 uteorum
1493 3434 1634 3488 nihil
1667 3434 1895 3490 differre
1922 3436 1999 3491 ab
2020 3437 2203 3491 altero

551 3501 950 3567 crederemus,
985 3503 1097 3557 hoc
1132 3511 1238 3568 est,
1275 3520 1476 3559 verum
1502 3506 1599 3559 Dei
1629 3506 1834 3561 Filium
1859 3523 1993 3561 esse
2008 3508 2207 3563 Chris-

554 3577 699 3645 tum,
727 3574 870 3645 quia
905 3589 1026 3630 non
1055 3575 1360 3645 estdispar
1382 3592 1418 3630 a
1447 3584 1766 3645 generante
1788 3578 2205 3633 nativitas.De-

551 3643 731 3713 nique
751 3644 947 3718 Judaei
1000 3643 1412 3715 intelligehtes,
1445 3643 1588 3718 quia
1619 3650 1927 3718 proprium
1957 3650 2071 3704 sibi
2106 3654 2205 3705 Pa-

550 3718 700 3791 trem
732 3714 970 3769 dicebat
995 3714 1203 3791 Deum,
1233 3718 1438 3791 dicunt
1468 3714 1545 3791 ad
1576 3714 1842 3775 Pilatum.
1866 3721 1977 3775 Nos
2021 3721 2205 3791 Legem

549 3784 818 3863 liabemue,
847 3793 897 3863 et
918 3786 1202 3863 secundum
1231 3788 1413 3863 Legem
1446 3789 1597 3863 debat
1646 3792 1808 3857 mori,
1834 3794 1962 3863 quia
1996 3784 2206 3848 Filium

552 3854 733 3929 Deise
751 3856 895 3929 fecit
945 3857 1125 3929 (Joan.
1160 3854 1401 3929 xix,'7).
1456 3860 1644 3916 Judaei
1694 3854 2126 3925 intellexerunt,
2151 3870 2208 3919 et

550 3925 867 4006 Christiani
892 3928 1189 4006 sent-licunt
1222 3945 1339 3984 non
1362 3925 1702 4006 intelligere
1741 3934 1890 4006 ?qui
1931 3951 2050 3989 non
2080 3951 2207 3989 cre-

550 3995 794 4075 debant,
830 3997 1237 4075 intelligeban}
1258 4006 1363 4075 _;_e-t
1386 4001 1491 4075 qui
1520 3995 1827 4075 se'dicunt'
1845 4006 2102 4075 credere,
2126 4006 2205 4061 fa-

551 4067 714 4140 ciunt
741 4082 813 4120 ne
836 4067 1165 4140 intelligant
1197 4070 1225 4124 ‘i
1258 4071 1349 4124 Vel
1390 4067 1502 4125 hoc
1546 4074 1755 4129 saltem
1805 4067 2204 4140 admitterent,

549 4137 710 4217 quod
733 4139 1021 4217 propheta
1038 4141 1259 4217 Isaias,
1276 4148 1334 4197 ut
1360 4142 1653 4197 Christum
1685 4160 1802 4200 non
1820 4163 1858 4217 a
1882 4137 2205 4217 semetipso

548 4208 815 4280 quidem,
834 4208 949 4283 sed
979 4211 1051 4265 de
1083 4214 1198 4267 Deo
1232 4214 1416 4269 Deum
1465 4230 1597 4268 esse
1644 4216 2024 4283 signiﬁcaret,
2052 4208 2207 4274 inter

545 4286 759 4356 caatera
792 4280 872 4335 ait
897 4298 909 4337 :
936 4283 1063 4356 Post
1085 4291 1134 4338 te
1159 4292 1450 4355 sequentur
1477 4280 2076 4356 alligati—vinculis,“
2102 4290 2206 4344 ad-

545 4350 778 4429 orabunt
805 4360 877 4416 te,
909 4360 957 4407 et
1010 4355 1149 4429 in_te
1178 4350 1614 4426 deprecabuntur
1641 4379 1661 4423 ;
1684 4360 1937 4429 quoniam
1967 4350 2025 4415 in
2053 4367 2099 4415 te
2132 4367 2207 4415 est

553 4424 790 4497 Deus,_et
818 4441 921 4478 non
951 4434 1027 4480 est
1060 4427 1192 4481 Deus
1233 4424 1439 4497 praeter
1478 4435 1543 4483 te.
1603 4424 1861 4485 Tu-enim
1890 4449 1942 4487 es
1969 4432 2128 4494 Deus,
2158 4436 2206 4485 et

548 4492 905 4571 nesciebamus
934 4518 959 4571 ;_
981 4499 1125 4571 Deus
1153 4492 1329 4553 Isi:an
1351 4499 1590 4555 salvator
1619 4500 1780 4568 (Isai.
1807 4520 1931 4566 XLV,
1973 4507 2051 4567 14,
2098 4492 2201 4571 l5).

550 4565 857 4640 Quantum
887 4567 1224 4640 adbonam
1269 4578 1522 4625 mentem
1566 4565 1838 4640 pertinet,
1864 4575 1984 4630 ὴεθθ
2014 4565 2207 4629 mani-

549 4634 885 4717 festansunt.
922 4638 1022 4693 His
1054 4640 1213 4717 enim
1233 4648 1287 4695 et
1306 4644 1543 4717 Paterin
1570 4634 1850 4717 Fllioesse
1875 4645 2205 4717 probatur;

550 4709 606 4785 et
636 4705 809 4787 Filius
835 4710 993 4787 Deus
1026 4711 1295 4787 ejusdem
1324 4715 1669 4787 su_hstanli&3
1702 4705 2065 4787 cujus'Pater
2095 4705 2202 4781 est,

551 4777 1031 4858 signiﬁcaturJn
1051 4777 1173 4858 quo
1187 4782 1348 4858 enim
1379 4784 1534 4839 Deus
1568 4792 1674 4848 est,
1698 4794 1751 4842 et
1774 4777 1982 4857 praeter
2009 4777 2204 4858 ipsum

550 4847 706 4902 Deus
726 4863 852 4928 non
884 4856 989 4914 est,
1024 4847 1235 4928 etiipse
1267 4854 1420 4928 Deus
1457 4864 1578 4919 est;
1630 4847 1790 4927 quid'
1805 4859 1965 4912 aliud
1996 4847 2208 4928 poterit

549 4934 679 4995 esse
704 4917 838 4995 dici,
871 4936 1059 4995 quam
1090 4917 1201 4995 hoc
1264 4925 1426 4995 quod
1485 4917 1575 4981 est
1608 4917 1774 4982 Pater
1807 4931 1979 4993 Deus,
1999 4917 2069 4983 let
2101 4947 2206 4985 nec

548 4989 786 5045 differre
817 4992 875 5046 in
891 4989 1101 5056 aliquo
1132 4994 1158 5046 ‘?
1195 4989 1310 5049 Hoc
1341 5000 1431 5050 est
1465 4998 1624 5051 enim
1654 4998 1807 5053 duos
1832 4989 1975 5055 esse-
1996 5017 2203 5056 unum.

551 5062 613 5148 In
640 5064 771 5134 ipso
790 5064 949 5118 enim
984 5062 1136 5148 Deus
1170 5066 1747 5148 est,_quiaquam_vis
1785 5072 2205 5148 Deus_sit._i_i_on

550 5138 754 5213 tamen
788 5150 856 5213 ex
887 5150 949 5213 se
984 5135 1135 5190 Deus
1153 5141 1257 5191 est.
1287 5135 1561 5193 Estenim
1594 5155 1628 5193 a
1650 5141 1997 5213 Patre,quia
2031 5143 2207 5199 Filius

549 5209 658 5284 est.
688 5206 899 5284 Praiter
928 5207 1344 5284 ipsum_autem
1366 5224 1484 5263 non
1503 5218 1593 5264 est
1621 5213 1795 5277 Deus,
1824 5206 1971 5284 quia
1994 5216 2205 5270 unicus

551 5275 738 5331 Patris
770 5275 1083 5356 Eiliusﬁest.
1111 5279 1240 5356 Ipse
1271 5284 1471 5356 alitem
1494 5286 1582 5356 est
1611 5275 1787 5349 Deus,
1813 5275 1957 5356 quia
1981 5301 2098 5340 una
2127 5292 2208 5341 at-

549 5361 667 5421 que
698 5349 904 5421 eadem
940 5348 1276 5405 substantia
1298 5351 1392 5405 Dei
1418 5359 1471 5407 et
1494 5348 2002 5412 Christiesthihil
2030 5357 2207 5421 igitur

551 5418 958 5493 ambiguitatis
993 5420 1359 5492 relinquitur,
1396 5429 1455 5477 ut
1487 5426 1664 5479 Patris
1687 5432 1742 5481 et
1775 5426 1897 5481 Filii
1933 5418 2207 5483 una’esse

551 5489 830 5543 credatur
859 5489 1210 5569 substantia.
1245 5495 1424 5549 Verus
1444 5496 1601 5551 enim
1622 5496 1997 5553 Filiusetveri
2026 5501 2208 5556 Patris

624 5629 637 5656 ¹
668 5628 765 5677 Ms.
800 5630 1057 5694 Colbert.,
1090 5636 1241 5692 Deus,
1271 5636 1517 5687 similiter
1544 5642 1589 5687 et
1624 5638 1884 5694 Christus.

2297 300 2439 355 dicit
2472 300 2628 354 enim
2657 300 2807 353 inter
2824 298 2939 354 alia
2972 317 2983 354 :
3010 299 3111 353 Hic
3140 297 3278 353 Deus
3303 297 3679 364 noster,'etn'on
3701 306 3881 359 aestima-

2298 372 2448 426 bitur
2473 371 2618 425 alter
2647 370 2717 424 ad
2763 388 2903 425 eum.
2933 371 3029 424 Hic
3054 370 3331 425 adinvenit
3375 388 3573 426 omnem
3601 375 3728 427 viam
3754 378 3884 429 scien-

2299 444 2392 498 tiae
2422 450 2509 511 ;et
2540 442 2687 495 dedit
2722 459 2831 495 eam
2853 442 3012 497 Jaeob
3038 458 3324 512 puerosuo,
3344 443 3576 496 etIsrael
3597 444 3768 499 dilecto
3792 448 3885 504 sibi.

2299 515 2424 568 Post
2452 515 2561 567 haec
2593 514 2649 566 in
2675 515 2842 567 terris
2873 514 3011 568 visus
3044 519 3141 577 est,
3193 519 3242 567 et
3272 514 3413 568 inter
3442 514 3670 568 homines
3695 526 3887 573 versatus

2298 593 2369 658 est
2404 585 2660 658 (Bartsch.
2693 600 2775 649 iii,
2798 586 3322 658 36-38).Numquid
3352 585 3423 639 de
3446 584 3889 658 degenerepotest

2300 654 2437 723 dici,
2464 656 2538 710 ad
2559 671 2740 727 quem
2770 654 2922 710 alius
2954 671 3073 709 non
3105 662 3294 725 potest
3316 657 3595 727 aestimari
3628 654 3752 722 ;aut
3776 660 3890 714 alius

2302 730 2454 781 Deus
2483 726 2669 798 quam
2700 730 2866 799 Pater
2896 732 3007 799 est,
3038 728 3252 799 poterit
3278 726 3413 791 dici,
3451 731 3647 799 utDeo
3678 730 3891 799 proﬁciat

2301 799 2376 852 ad
2411 796 2687 868 iniuriam
2730 798 2912 852 Patris
2938 796 2965 851 εἶ
2985 796 3226 853 Sienim
3247 798 3528 853 acstimari
3545 799 3617 853 ad
3638 796 3758 855 eum
3783 802 3893 857 alter

2300 870 2455 924 Deus
2486 884 2604 924 non
2642 874 2856 939 potest,
2898 874 2954 923 et
2980 868 3210 939 absque
3264 868 3382 923 Deo
3408 868 3575 924 Patre
3608 877 3721 935 est;
3749 872 3892 927 videte

2302 956 2378 995 an
2410 940 2626 995 debeat
2651 940 2764 994 dici
2794 939 2850 993 id
2891 940 3056 1011 quod
3094 941 3363 1010 sequitur
3392 956 3404 994 :
3436 940 3806 1011 periculosum
3828 951 3891 999 est

2303 1013 2483 1066 enim.
2516 1011 2704 1081 Major
2734 1011 2893 1064 enim
2927 1014 3090 1066 Patre
3114 1011 3358 1066 dicetur.
3392 1012 3663 1066 Putantes
3693 1014 3826 1068 enim
3850 1030 3892 1069 se

2303 1084 2421 1137 Deo
2452 1082 2611 1137 Patri
2641 1081 2893 1146 deferre,
2915 1081 2961 1134 si
2994 1082 3073 1136 ab
3103 1098 3173 1137 eo
3193 1082 3400 1137 Filium
3428 1090 3747 1151 segregent,
3768 1088 3894 1140 dero-

2301 1159 2446 1226 gant
2476 1155 2525 1208 ei
2556 1169 2582 1226 ;7
2603 1159 2663 1207 ut
2699 1169 2880 1224 quem
2913 1153 3206 1207 minorem
3252 1153 3712 1226 voluntﬂfacere.
3756 1156 3895 1225 impia

2302 1225 2589 1281 nbcaecati
2624 1230 2841 1289 mente,
2877 1229 3231 1295 praeponam
3258 1241 3393 1279 eum
3416 1225 3497 1279 illi
3524 1226 3897 1295 cujusauctori-

2306 1297 2407 1352 tati
2440 1296 2853 1351 inclinandum
2874 1295 3035 1350 hunc
3081 1300 3309 1365 putant.
3343 1298 3642 1365 Scriptura
3668 1302 3837 1353 autem
3855 1304 3897 1353 ut

2305 1367 2451 1422 nihil
2479 1367 2686 1422 Filium
2719 1383 2754 1421 a
2769 1369 2935 1421 Patre
2958 1366 3190 1421 dilferre
3205 1366 3445 1421 doceret
3462 1366 3895 1433 (dilferretautem

2307 1440 2356 1493 si
2380 1454 2496 1493 non
2524 1438 2910 1507 essetverus),
2928 1438 3113 1492 alium
3131 1438 3359 1492 nullum
3382 1438 3898 1495 dicitasstimandum

2306 1510 2383 1565 ad
2405 1525 2543 1564 eum
2578 1525 2591 1574 ;
2625 1510 2767 1580 quia
2791 1509 2953 1564 nulla
2986 1508 3103 1564 alia
3135 1509 3472 1565 substantia
3508 1510 3710 1579 poterit
3736 1510 3898 1565 similis

2306 1580 2551 1652 reperiri
2583 1581 2929 1635 substantias
2965 1582 3082 1652 Dei,
3110 1596 3245 1652 quae
3285 1585 3376 1635 est
3418 1588 3473 1635 et
3505 1580 3725 1636 Christi.
3767 1582 3899 1636 Aliter

2308 1651 2602 1724 siquidem
2624 1651 3017 1724 Christumede
3049 1651 3165 1707 Deo
3196 1667 3323 1724 esse
3340 1652 3557 1706 docere
3575 1667 3687 1706 non
3702 1659 3898 1721 poterat,

2306 1722 2493 1795 quam
2525 1729 2584 1776 ut
2638 1722 2866 1795 nullum
2907 1722 3127 1777 diceret
3179 1723 3363 1795 alium
3414 1723 3808 1778 aestimandum
3844 1726 3901 1778 ad

2308 1794 2467 1849 eum.
2499 1795 2700 1849 Sciens
2727 1794 2886 1848 enim
2923 1796 3039 1849 Deo
3063 1794 3214 1849 Patri
3242 1795 3411 1851 nullo
3440 1795 3619 1849 modo
3647 1795 3749 1848 dici
3769 1810 3901 1864 posse

2310 1865 2649 1934 subjectum
2685 1864 2890 1919 Filium
2916 1865 3068 1934 ejus,
3103 1870 3164 1920 ut
3203 1864 3343 1920 hinc
3375 1881 3581 1935 parem
3611 1880 3730 1920 esse
3755 1872 3900 1920 osten-

2308 1937 2492 1999 deret,
2564 1937 2686 1989 Non
2740 1936 3128 2001 aastimabitur,
3203 1937 3416 2007 inquit,
3476 1938 3613 1991 alter
3662 1937 3726 1990 ad
3774 1953 3898 1990 eum:

2308 2008 2451 2080 quia
2484 2009 2632 2062 Patri
2687 2010 2821 2080 Deo,
2855 2009 3145 2080 quoniam
3200 2008 3353 2062 Deus
3394 2014 3504 2073 est,
3551 2008 3776 2080 aequalis
3800 2016 3899 2080 est;

2311 2078 2487 2133 verus
2519 2080 2678 2133 enim
2709 2079 2839 2147 ejus
2875 2078 3045 2134 Filius
3078 2084 3183 2133 est.
3218 2080 3399 2147 Igitur
3432 2078 3712 2150 propheta
3729 2078 3901 2141 ait,Hic

2311 2095 2487 2133 verus
2519 2095 2678 2133 enim
2709 2095 2839 2147 ejus
2875 2095 3045 2134 riuus
3078 2095 3183 2133 eSt.
3218 2095 3399 2147 igitur
3432 2095 3712 2204 propheta
3729 2095 3901 2141 au,uw

2310 2158 2385 2205 est
2416 2150 2556 2228 Deus
2588 2155 2766 2203 noster
2788 2167 2804 2211 ;
2823 2150 3241 2228 hoc-esuDeus
3267 2151 3426 2228 lsrae
3456 2151 3561 2228 ._Si
3579 2150 3675 2228 hic
3695 2156 3788 2215 est,
3813 2152 3903 2228 ipse

2312 2227 2399 2276 est
2434 2221 2583 2275 Deus
2614 2237 2795 2275 unus.
2834 2221 2910 2274 De
2940 2220 3053 2275 isto
3103 2221 3265 2276 enim
3295 2221 3441 2276 dicit
3472 2223 3771 2287 Scriptura,
3792 2220 3901 2274 Audi

2313 2293 2507 2355 Israel,
2541 2292 2799 2346 Dominus
2816 2291 2958 2346 Deus
2982 2299 3105 2346 tuus
3135 2292 3275 2347 Deus
3304 2309 3448 2347 unus
3466 2293 3724 2358 esMDeut.
3741 2308 3804 2355 VI,
3826 2292 3899 2361 4):

2314 2370 2370 2418 et
2397 2370 2549 2418 certe
2572 2380 2691 2418 non
2723 2371 2813 2417 est
2844 2363 2938 2417 hic
2960 2366 3147 2428 Pater,
3168 2364 3270 2418 sed
3304 2372 3393 2418 est
3430 2364 3600 2419 Filius
3628 2364 3903 2433 ejus.Vides

2316 2450 2457 2503 ergo
2490 2450 2609 2489 non
2638 2434 3031 2505 praejudicare
3050 2436 3149 2489 uni
3185 2435 3303 2490 Deo
3326 2451 3645 2506 personam
3668 2434 3790 2498 Filii,
3811 2437 3846 2486 si
3866 2436 3903 2486 et

2315 2506 2444 2577 ipse
2466 2522 2631 2577 unus
2652 2509 2802 2577 Deus
2829 2507 3059 2560 dicatur
3084 2522 3095 2559 :
3118 2507 3342 2577 quippe
3366 2522 3508 2561 cum
3531 2506 3638 2562 hoc
3663 2506 3904 2576 Scriptura

2316 2576 2575 2631 testetur.
2616 2576 2782 2632 Unde
2811 2576 2942 2638 hoc.
2975 2578 3084 2631 nisi
3117 2576 3259 2646 quia
3310 2593 3503 2632 unum
3534 2584 3665 2632 sunt
3698 2580 3836 2632 Pater
3865 2578 3904 2646 et

2318 2648 2512 2713 Filius,
2544 2648 2687 2719 quia
2738 2664 2854 2702 non
2890 2644 3160 2719 personis
3209 2647 3581 2717 signiﬁcatur
3613 2649 3801 2713 unitas,
3828 2644 3902 2700 sed

2316 2726 2530 2774 natura
2562 2735 2573 2773 :
2604 2724 2708 2773 aut
2737 2735 2855 2773 non
2889 2719 3227 2774 substantia
3257 2720 3379 2775 duo
3417 2728 3571 2784 sunt,
3610 2721 3704 2774 sed
3734 2734 3901 2781 unum;

2314 2806 2423 2845 nec
2450 2790 2571 2845 duo
2585 2791 2905 2853 divinitate.
2927 2790 3033 2843 sed
3061 2805 3215 2845 unus
3237 2790 3397 2847 Deus
3422 2808 3434 2845 :
3460 2797 3519 2846 ut
3540 2792 3657 2845 sive
3684 2791 3903 2861 loquatur

2319 2862 2634 2943 Patei'__sive
2660 2861 2939 2943 loquatur
2967 2862 3163 2942 Filius,
3190 2878 3346 2943 unus
3376 2862 3529 2943 Deus
3558 2860 3766 2943 loeutus
3787 2860 3901 2943 dica:

2316 2939 2408 2987 tur
2426 2933 2454 2985 (ἰ
2480 2936 2624 2987 Nam
2654 2934 2701 2987 si
2732 2932 2858 3002 ipse
2885 2934 3173 2987 Dominus
3199 2932 3351 2989 inter
3377 2940 3588 2989 cmtera
3615 2934 3683 2988 de
3711 2947 3843 2986 mare
3864 2936 3902 2983 et

2316 3004 2696 3063 femina,Jam
2725 3021 2827 3058 non
2852 3012 2998 3080 sunt,
3015 3003 3225 3080 in_quit,
3242 3005 3477 3080 ἄηθεςθᾴ
3497 3022 3603 3059 una
3628 3002 3901 3080 curamue.

2314 3091 2372 3139 x,
2407 3081 2501 3141 8);
2544 3081 2770 3145 quanto
2820 3079 3013 3147 magis
3065 3071 3238 3147 P'ater
3284 3085 3342 3132 et
3374 3076 3550 3131 Filius
3588 3071 3826 3147 nonid'uo
3845 3071 3901 3123 dii

2316 3153 2472 3223 sunt,
2506 3147 2763 3223 sed__u_na
2793 3145 3127 3202 substantia
3148 3145 3176 3201 ‘l
3204 3149 3269 3223 Ut
3306 3154 3516 3223 autem
3548 3147 3660 3202 duo
3688 3146 3900 3223 dicantur

2316 3220 2482 3271 Pater
2510 3224 2566 3272 et
2594 3218 2797 3281 Filius,
2819 3233 3003 3273 causa
3025 3224 3110 3273 est
3142 3220 3463 3274 nativitatis
3500 3235 3513 3273 :
3543 3234 3613 3273 ne
3636 3223 3805 3272 autem
3830 3218 3899 3267 ite-

2314 3305 2447 3343 rum
2474 3289 2594 3343 duo
2625 3290 2704 3343 dii
2740 3289 2872 3353 sint,
2902 3305 3087 3345 causa
3125 3295 3214 3345 est
3239 3290 3439 3345 unitas
3468 3289 3780 3345 divinitatis.
3807 3287 3898 3349 Qua

2316 3365 2515 3435 tamen
2543 3360 2903 3435 hebetudine
2922 3360 3219 3435 Christum
3246 3368 3535 3435 creatum,
3556 3360 3609 3435 id
3635 3365 3711 3414 est
3729 3359 3894 3435 tactum

2314 3430 2662 3502 praedicant,
2695 3447 2832 3486 cum
2883 3432 3109 3496 legatur
3148 3432 3294 3487 nihil
3336 3433 3523 3487 Deum
3568 3433 3683 3487 sine
3723 3428 3896 3484 Christo

2316 3501 2517 3555 fecisse
2550 3501 2727 3572 (Joan.
2754 3520 2788 3564 ι,
2813 3501 3132 3573 3)?Siergo
3160 3504 3285 3558 sine
3313 3504 3415 3560 illo
3440 3503 3581 3558 nihil
3608 3503 3796 3557 factum
3816 3504 3892 3573 est,

2316 3588 2432 3653 non
2457 3570 2567 3653 erit
2587 3574 2712 3653 ipse
2734 3570 2980 3653 Iactura.
2998 3570 3234 3653 Silenim
3259 3574 3490 3653 factura
3515 3570 3895 3653 e_st_,lfaetun_inest

2316 3644 2543 3715 aliquid
2574 3639 2702 3718 sine
2726 3646 2884 3718 ipso.
2920 3645 3031 3700 Sed
3075 3646 3269 3711 absit;
3303 3648 3450 3718 quia
3498 3646 3633 3718 nihil
3662 3646 3766 3697 sine
3799 3639 3887 3694 illo.

2316 3715 2676 3791 Natusenim
2702 3716 2775 3769 de
2802 3715 2918 3791 Deo
2942 3732 3219 3791 nonesse
3250 3715 3451 3791 coepit,
3468 3717 3569 3791 eed
3583 3726 3895 3791 semperexs-

2318 3786 2447 3859 titit.
2477 3786 2762 3841 Nativitas
2802 3788 2960 3859 enim
3006 3787 3151 3842 nihil
3194 3795 3279 3843 est
3323 3786 3487 3843 aliud
3532 3802 3701 3859 quam
3729 3786 3891 3859 exitio;

2316 3858 2492 3932 enitio
2516 3865 2713 3912 autem
2742 3858 3142 3932 manifestatio
3159 3859 3483 3932 est.ltaque
3498 3847 3611 3932 non
3636 3847 3893 3932 taetusged

2317 3929 2509 4004 editus
2531 3934 2635 3983 est.
2676 3932 2741 4004 Ut
2771 3930 2930 4004 enim
2957 3930 3221 4004 Christus
3246 3931 3320 3986 de
3346 3928 3603 4004 essentia
3628 3928 3713 3983 Dei
3734 3928 3891 4004 emisse

2316 4000 2403 4054 vel
2435 4000 2803 4075 processisse
2834 4001 3292 4075 signiﬁcaretur,
3316 4004 3494 4058 exitio
3524 4002 3644 4072 ejus
3680 3997 3891 4075 nativitas

2316 4070 2617 4144 appellata
2658 4079 2744 4126 est
2778 4089 2791 4124 :
2830 4078 2890 4144 ut
2929 4074 3073 4144 quia
3104 4088 3222 4127 non
3261 4073 3471 4143 dispar
3502 4070 3586 4128 est
3614 4070 3891 4144 aegenitore

2319 4142 2614 4207 nativitas,
2649 4142 3177 4198 consubstantivus
3223 4142 3371 4199 esse
3400 4145 3517 4199 Deo
3557 4142 3786 4197 Christus
3809 4146 3889 4189 non

2318 4214 2720 4285 ambigeretur
2738 4220 2819 4282 ;et
2845 4230 3010 4268 mens
3033 4214 3128 4268 illa
3151 4230 3287 4287 quas
3310 4216 3416 4278 ait,
3436 4209 3789 4287 Eratquando
3807 4217 3887 4261 non

2318 4293 2462 4362 erat,
2492 4281 2901 4362 damnaretur.
2928 4287 3078 4362 Qi_iia
3110 4281 3227 4341 non
3264 4281 3887 4362 potestatiquaiido'yoﬂ

2319 4347 2524 4420 fuisse,
2550 4356 2667 4429 qui
2696 4362 2756 4410 ut
2784 4347 3166 4429 apud'Deum
3199 4347 3439 4429 semper
3471 4347 3638 4410 fuisse
3666 4347 3887 4429 signiﬁc‘a'

2319 4416 2603 4503 [eturide
2638 4426 2757 4503 Deo
2796 4416 3013 4503 legitur
3052 4416 3443 4503 processisse.
3478 4416 3814 4503 Nemoeuini

2319 4498 2439 4571 Deo
2466 4497 2879 4571 processitubi
2906 4514 3024 4571 non
3048 4497 3391 4571 fuit.Solent
3411 4499 3626 4571 quippe
3647 4497 3885 4571 Arianisit

2318 4556 2691 4638 interpretari
2734 4568 2807 4623 de
2838 4570 2978 4624 Filio
3008 4570 3107 4625 Dei
3151 4556 3446 4636 dicentes:
3491 4556 3618 4624 Ideo
3646 4578 3789 4620 verus
3817 4556 3885 4611 Dei

2322 4639 2493 4695 Filius
2524 4640 2784 4694 Christus
2811 4641 3043 4705 dicitur,
3068 4642 3209 4705 quia
3236 4643 3318 4696 sic
3347 4642 3511 4696 illum
3538 4638 3661 4695 fecit
3685 4640 3735 4689 ut
3760 4642 3884 4705 veras

2320 4711 2410 4784 sit.
2442 4711 2627 4784 Quasi
2672 4711 2746 4765 sit
2770 4711 2997 4782 aliquid
3030 4699 3250 4767 falsum
3281 4713 3444 4784 quod
3479 4712 3643 4767 faciat
3668 4709 3815 4784 Deus.
3843 4699 3884 4784 El

2318 4772 2652 4863 illaomni‘a
2678 4798 2818 4863 quas
2840 4772 3021 4853 supra
3048 4772 3317 4863 diximus
3341 4785 3414 4863 de
3442 4783 3647 4863 unitate
3677 4772 3883 4863 Pauli}:

2320 4853 2463 4925 Filii.
2483 4853 2625 4925 quid
2654 4846 2845 4919 erunt,
2874 4846 3011 4909 cum
3045 4858 3125 4909 sic
3157 4855 3431 4912 roborata
3463 4855 3574 4909 sint
3598 4858 3648 4907 et
3672 4846 3878 4925 ﬁrmata;

2546 4925 2713 4998 aliter
2752 4912 3130 4998 sentiendum
3161 4931 3421 4998 putatur,
3465 4925 3641 4998 multa
3664 4912 3882 4998 -ροιετιιειβ

2318 4994 2537 5070 divinis
2565 4995 2819 5070 solidata
2857 4997 3116 5070 oraculis
3158 4993 3333 5053 unius
3377 4995 3617 5053 convelli
3646 4993 3879 5070 dese“???

2320 5067 2694 5142 testimonio?
2715 5050 3273 5142 aniputanrdumest
3288 5050 3515 5142 tameu,
3540 5082 3607 5142 ne
3633 5050 3740 5142 sibi
3755 5050 3879 5142 vel

2317 5152 2388 5211 eo
2415 5137 2553 5211 ipso
2576 5126 2917 5193 blandiatur
2936 5140 3235 5211 iniquitas.
3258 5141 3434 5208 Igitur
3455 5126 3552 5201 sic,
3569 5126 3877 5211 inquitllll“?

2320 5198 2456 5263 fecit
2476 5214 2538 5263 ut
2567 5224 2740 5263 verus
2768 5211 2857 5272 sit.
2879 5216 2939 5265 ut
2960 5198 3237 5266 voluntas
3257 5198 3493 5266 cesserit
3507 5198 3603 5278 pro
3628 5198 3875 5278 nativitate;

2317 5285 2373 5333 et
2400 5280 2625 5335 factura
2657 5297 2764 5351 pro
2794 5266 3195 5349 generatione.
3215 5285 3462 5337 Tantum
3499 5266 3646 5334 enim
3672 5266 3875 5351 dandtl‘ﬂ‘1

2317 5356 2424 5414 est,
2440 5344 2736 5423 inquiunt,
2756 5344 3030 5423 potentiae
3058 5353 3178 5421 Dei,
3200 5360 3262 5407 ut
3278 5354 3459 5425 possit
3476 5351 3778 5425 facerequm
3792 5344 3873 5425 93“

2318 5411 2472 5495 sunt,
2505 5411 2792 5495 tanquam
2830 5441 2964 5493 quae
2990 5431 3146 5480 sunt.
3166 5411 3470 5489 {Quoniam
3491 5411 3739 5495 ergo_b§lc
3762 5411 3873 5495 est}:

2320 5493 2411 5549 tiae
2442 5488 2759 5549 calliditate
2805 5488 3076 5550 nituntur
3120 5488 3325 5552 contra
3372 5495 3570 5550 Filium
3605 5488 3872 5563 ψίκθιρξ

2318 5565 2567 5639 ipsis_de
2596 5566 2815 5636 quibus
2848 5571 3239 5639 praesumunt,
3279 5568 3421 5639 quia
3460 5567 3515 5639 in
3545 5544 3871 5639 teliqmsflinf

2317 5627 2593 5703 convicti,
2615 5627 3121 5709 respondendum
3153 5627 3241 5695 est
3278 5627 3349 5708 ei,
3382 5641 3443 5694 ut
3472 5635 3526 5691 in
3555 5627 3870 5691 tota‘summa
