4120 6202
216 189 358 247 2305

447 331 515 371 ne
545 328 839 371 JACTANTlA
869 327 1208 370 ROMANOGL'M
1233 329 1543 372 LEVlTARUM
1575 316 1615 370 ί.

285 386 350 441 CI
377 385 477 456 (a).
512 417 580 426 —
610 390 755 441 Dum
778 385 960 457 jussis
990 386 1291 441 charitatis
1324 402 1529 457 parere
1562 387 1860 456 volumus,

213 455 275 510 in
304 455 818 532 vituperationem
857 455 1004 532 forte
1036 455 1346 532 cedemus,
1379 458 1594 532 quide
1632 476 1695 514 re
1727 477 1863 532 qute

212 526 361 582 nulli
390 526 721 603 aliquando
749 527 1092 603 inﬁdubium
1126 529 1305 603 venit,
1331 526 1651 603 sci-ibimus
1682 526 1864 603 ;quia

211 615 348 674 cum
372 596 712 674 amicitiam
746 596 1048 674 offendere
1079 599 1381 674 nolumus,
1412 596 1685 674 studium
1701 596 1864 674 quod

208 670 302 743 ad,
332 669 597 743 aliquam
636 685 762 724 rem
801 670 1096 725 occultam
1149 672 1530 727 revelandam
1577 669 1862 743 proiicere

207 739 444 814 debuit,
465 739 815 814 intricamus
841 743 1150 811 :quamvis
1168 749 1410 814 propter
1443 739 1691 799 nimiam
1723 746 1865 800 stul-

208 812 399 868 titiam
435 812 751 886 cujusdam
788 811 897 886 hoc
924 811 1337 879 assevei'antis,
1366 815 1528 885 quod
1552 815 1608 869 in
1637 816 1865 886 subjec-

209 886 285 937 tis
314 884 673 954 pandemus,
704 883 858 937 istud
890 886 1065 939 nobis
1109 883 1431 954 injunxerit
1462 886 1719 941 charitas
1744 883 1865 943 ine-

209 961 465 1028 morata,
500 971 574 1028 ne
606 971 743 1009 cum
769 970 951 1028 nemo
974 955 1080 1028 diu
1111 955 1185 1011 ad
1213 956 1327 1012 hoc
1365 958 1772 1028 responderet,
1801 959 1861 1013 in

208 1027 384 1098 pejus
415 1025 746 1097 proﬁceret,
779 1031 834 1098 et
865 1026 969 1081 diu
999 1027 1054 1081 in
1091 1042 1245 1082 vano
1280 1025 1634 1083 exercitatus
1662 1045 1866 1085 emen-

206 1097 341 1152 dari
379 1112 496 1152 non
533 1098 744 1168 possit.
784 1097 902 1151 Hoc
927 1099 1087 1153 enim
1125 1098 1428 1153 charitatis
1457 1099 1720 1155 studium
1752 1107 1861 1166 est,

204 1184 345 1240 quas
378 1183 497 1244 non
524 1170 739 1244 qumr_it
764 1184 916 1244 quae
943 1176 1238 1244 sua_sunt.
1264 1170 1519 1244 Quidam
1552 1171 1731 1244 igitur
1761 1173 1864 1244 qui

204 1238 430 1295 nomen
462 1238 641 1295 habet
685 1238 919 1295 FalCidii
952 1245 994 1305 ³,
1036 1240 1187 1295 duce
1221 1242 1483 1305 stultitia,
1517 1238 1863 1298 et'civita'tis

205 1313 493 1367 Romamn
518 1311 827 1381 jactantia,
862 1311 1065 1366 levitas
1094 1312 1530 1377 sacerdotibus,
1562 1318 1619 1367 et
1665 1313 1863 1369 diaco-

204 1398 322 1437 nos
362 1382 729 1454 presbyteris
767 1398 1080 1454 coaequare
1120 1384 1423 1439 contendit
1458 1399 1470 1437 :
1502 1399 1623 1438 non
1662 1384 1862 1440 dicam

206 1454 508 1524 praeferre,
533 1453 677 1524 quia
696 1453 928 1508 stultius
954 1460 1062 1518 est,
1080 1460 1136 1508 et
1158 1455 1303 1509 forte
1325 1454 1671 1509 incredibile
1703 1458 1863 1511 vide-

205 1531 342 1580 atur
373 1528 415 1590 ³,
447 1532 504 1579 et
535 1540 644 1579 nos
671 1541 790 1580 non
815 1525 1251 1596 emendatores,
1277 1527 1381 1580 sed
1406 1526 1863 1583 calumniatores

203 1595 557 1651 habeamur.
605 1597 735 1669 Qua
780 1595 960 1669 igitur
998 1596 1365 1669 legegquave
1410 1598 1861 1667 consuetudine,

205 1683 476 1739 quonam
498 1667 774 1738 exemplo
801 1668 915 1722 hoc
933 1667 1437 1737 aggrediaudeat,
1462 1669 1689 1724 nullum
1714 1672 1862 1725 scire

203 1739 481 1803 arbitror,
509 1740 730 1794 utistos
755 1739 976 1809 quibus
1007 1754 1326 1793 consessus
1368 1741 1427 1794 in
1461 1740 1717 1796 Ecclesia
1757 1742 1862 1797 da-

213 1815 328 1882 tus
351 1817 439 1865 est
471 1810 737 1875 minime,
769 1810 837 1882 iis
875 1817 1141 1881 coaequet
1168 1812 1270 1881 qui
1303 1817 1543 1882 propter
1569 1812 1733 1882 quod
1764 1829 1865 1867 an-

212 1881 427 1936 tistites
462 1882 559 1935 Dei
594 1887 748 1950 sunt,
780 1881 836 1934 in
870 1882 1054 1936 domo
1086 1883 1182 1936 Dei
1216 1888 1271 1936 et
1302 1884 1358 1936 in
1390 1881 1618 1937 honore
1650 1884 1862 1939 Christi

209 1968 350 2027 cum
379 1951 668 2027 dignitate
700 1953 1052 2027 considunt:
1077 1969 1213 2023 quae
1236 1954 1493 2027 audacia
1514 1960 1601 2009 est
1623 1955 1864 2027 presby-

211 2023 353 2078 teris
396 2024 699 2078 ministros
732 2024 991 2094 ipsorum
1025 2040 1197 2095 pares
1229 2024 1421 2079 facere
1450 2024 1477 2078 ‘2
1506 2023 1647 2090 Quae
1677 2023 1862 2082 teme-

206 2096 397 2167 ritatis
424 2095 836 2167 praesumptio,
865 2095 1277 2167 sacerdotibus
1315 2095 1555 2167 bajulos
1589 2097 1862 2153 taberna-

208 2166 327 2221 culi
342 2172 395 2220 et
412 2168 681 2221 omnium
697 2165 977 2221 vasorum
994 2165 1117 2237 ejus
1132 2165 1504 2237 etilignor'um
1528 2170 1862 2224 concisores

209 2242 273 2291 et
311 2239 626 2308 portitores
666 2253 841 2308 aquae
880 2238 1147 2293 conferre
1180 2236 1208 2290 ?
1246 2241 1363 2293 Hoc
1403 2240 1557 2293 enim
1601 2238 1863 2295 ofﬁcium

210 2308 322 2363 fuit
352 2308 685 2363 levitarum.
717 2308 851 2363 Tale
887 2315 992 2374 est,
1028 2310 1075 2363 si
1104 2309 1398 2381 praefectis
1429 2310 1732 2374 ofﬁciales,
1763 2313 1864 2367 do-

208 2380 397 2435 minis
432 2380 585 2434 servi
635 2385 966 2450 sequentur.
1007 2380 1125 2434 Hoc
1155 2380 1312 2434 enim
1346 2382 1631 2450 scriptum
1660 2389 1747 2437 est
1778 2383 1864 2437 di-

212 2460 386 2505 cente
435 2451 687 2505 Domino
711 2449 793 2505 ad
836 2449 1103 2522 Moysen,
1148 2451 1348 2522 Accipe
1396 2449 1599 2507 tribum
1641 2454 1773 2508 Levi
1804 2453 1865 2508 de

212 2522 395 2576 medio
416 2522 661 2593 ﬁliorum
690 2522 882 2588 Israel,
909 2527 956 2576 et
976 2529 1149 2576 statue
1174 2523 1299 2577 illos
1323 2531 1447 2577 ante
1471 2526 1667 2578 Aaron
1688 2542 1865 2579 sacer-

207 2593 406 2656 dotem,
430 2600 478 2646 et
494 2594 767 2647 deservent
784 2593 835 2646 ei
858 2595 1045 2659 (Num.
1071 2609 1188 2659 Vlll,
1212 2598 1324 2662 13).
1347 2596 1498 2659 Quid
1530 2595 1643 2650 hoc
1671 2612 1862 2651 exem-

209 2664 313 2736 plo
335 2665 622 2736 apertius,
655 2664 819 2736 quod
847 2664 1024 2719 etiam
1051 2681 1210 2719 nunc
1237 2668 1292 2720 in
1329 2666 1585 2722 Ecclesia
1610 2668 1862 2722 custodi-

209 2732 304 2817 tur
326 2734 355 2789 εἶ
375 2732 731 2817 Quanquam
762 2735 1046 2817 Romanae
1070 2736 1599 2817 Ecclesia‘adiaconi
1625 2739 1861 2817 modico

206 2806 730 2879 inverecundiores
756 2807 1090 2877 videantur,
1116 2809 1360 2863 sedendi
1384 2814 1583 2863 tamen
1611 2809 1861 2879 dignita-

210 2885 331 2933 tem
370 2878 428 2933 in
474 2878 728 2932 Ecclesia
770 2893 891 2932 non
928 2886 1323 2947 praesumunt.
1376 2882 1444 2934 Ut
1495 2878 1699 2935 autem
1743 2897 1858 2935 non

208 2949 417 3004 omnia
446 2950 769 3020 ministeria
790 2949 1216 3019 obsequiorum
1243 2965 1347 3020 per
1368 2949 1638 3006 ordinem
1658 2959 1860 3019 agant,

209 3020 531 3076 multitudo
568 3019 707 3076 facit
742 3020 1112 3075 clericorum.
1156 3019 1302 3076 Nam
1351 3023 1553 3092 utique
1591 3029 1645 3076 et
1679 3022 1862 3078 altare

209 3094 513 3163 portarent
542 3098 598 3145 et
633 3107 771 3146 vasa
800 3091 1023 3161 ejus,et
1052 3108 1275 3162 aquam
1308 3093 1367 3146 in
1400 3091 1617 3147 manus
1658 3093 1860 3149 funde-

212 3168 348 3217 rent
372 3163 688 3227 sacerdoti,
716 3163 865 3217 sicut
892 3164 1162 3217 videmus
1188 3180 1291 3233 per
1314 3180 1524 3218 omnes
1554 3165 1861 3229 Ecclesias,

212 3239 267 3289 et
300 3234 862 3307 sicutgconstitutum
889 3240 975 3307 est
1002 3250 1036 3288 a
1064 3236 1315 3289 Domino
1336 3251 1435 3306 per
1460 3237 1723 3307 Moysen.
1748 3239 1866 3290 Aut

213 3306 512 3377 numquid
529 3304 803 3359 meliores
821 3306 1024 3360 Elissac
1038 3312 1193 3371 sunt,
1206 3308 1310 3377 qui
1330 3304 1865 3376 aquam'fundebat

214 3378 275 3431 in
306 3376 522 3431 manus
555 3377 687 3432 Elia:
710 3377 795 3445 (IV
816 3378 947 3447 Reg.
978 3393 1055 3440 ιιι,
1090 3378 1174 3447 Η)
1198 3376 1337 3432 ‘PSic
1355 3384 1553 3432 autem
1578 3378 1864 3433 diaconos

215 3448 510 3521 adversus
534 3448 917 3521 presbyteros
941 3448 1219 3511 defendit,
1252 3450 1425 3520 quasi
1453 3465 1521 3521 ex
1555 3450 1867 3521 presbyte-

212 3519 293 3574 ris
329 3520 593 3585 diaconi,
619 3589 628 3591 Α
659 3525 715 3573 et
753 3534 872 3573 non
922 3535 988 3573 ex
1037 3519 1305 3574 diaconis
1348 3519 1677 3591 presbyteri
1709 3519 1865 3576 ordi-

212 3596 451 3646 nentur.
505 3589 635 3662 Sed
697 3591 841 3662 quia
912 3592 1189 3662 Romanae
1251 3589 1544 3647 Ecclesiae
1609 3592 1862 3647 ministri

212 3668 373 3727 sunt,
457 3660 1233 3734 idcirco'honorabiliores
1316 3668 1601 3734 putantur
1677 3678 1860 3734 quam

210 3734 378 3804 apud
430 3739 672 3788 caeteras
721 3732 1030 3799 Ecclesias,
1067 3732 1863 3804 propter’magniﬁcentiam

211 3806 381 3859 urbis
412 3806 634 3868 Romae,
662 3820 797 3873 quae
822 3805 1015 3874 capud
1048 3820 1180 3859 esse
1206 3804 1435 3859 videtur
1471 3804 1742 3860 omnium
1788 3807 1861 3859 ci-

212 3876 488 3930 vitatum.
526 3877 578 3931 Si
603 3876 799 3945 itaque
826 3879 909 3929 sic
940 3880 1049 3941 est,
1082 3874 1195 3930 hoc
1226 3874 1446 3930 debent
1467 3882 1523 3931 et
1548 3876 1862 3932 sacerdoti-

209 3946 329 4002 bus
384 3946 509 4000 suis
552 3947 811 4000 indicare
842 3962 854 4001 :
883 3947 1025 4017 quia
1058 3947 1106 4000 si
1158 3946 1193 4001 ii
1244 3947 1345 4016 qui
1384 3946 1689 4002 inferiores
1729 3953 1863 4002 sunt

210 4023 489 4098 crescunt
520 4024 753 4097 propter
784 4018 1292 4100 magnificentiam
1326 4018 1597 4100 civitatis,
1635 4026 1863 4100 quanto

210 4089 412 4157 magis
453 4090 555 4161 qui
594 4090 867 4161 potiores,
912 4088 1277 4143 sublimandi
1322 4098 1459 4143 sunt
1495 4088 1523 4143 τ
1561 4088 1861 4161 Quidquid

211 4163 373 4215 enim
426 4157 785 4232 ofﬁcialibus
820 4164 1155 4232 praastatur,
1189 4167 1574 4231 augmentum
1610 4161 1675 4215 ﬁt
1700 4157 1864 4232 pote-

212 4231 349 4287 stati
385 4246 396 4284 :
423 4232 575 4284 sicut
606 4231 796 4285 honor
816 4231 969 4285 servi
993 4232 1068 4285 ad
1094 4231 1331 4286 laudem
1357 4232 1585 4302 proﬁcit
1607 4231 1859 4287 domini.

213 4303 575 4376 Quanquam
611 4302 770 4372 apud
796 4302 1299 4376 justumjudicem
1330 4302 1513 4376 Deum
1547 4304 1864 4376 unicuique

208 4373 307 4428 hic
350 4372 833 4446 honor_maneat.
862 4374 962 4446 qui
988 4373 1267 4446 decretus
1294 4379 1379 4428 est
1402 4374 1650 4446 singulis
1673 4372 1863 4430 Eccle-

212 4446 439 4499 siarum
472 4444 701 4513 ofﬁciis,
736 4451 797 4497 ut
834 4444 935 4515 qui
964 4445 1255 4499 diaconus
1291 4452 1397 4508 est,
1421 4445 1654 4500 diaconi
1682 4447 1863 4501 hono-

210 4531 339 4589 rem
381 4530 487 4585 per
526 4530 735 4589 omnes
769 4514 1053 4571 Ecclesias
1087 4516 1328 4589 habeat.
1361 4518 1485 4571 Non
1526 4516 1685 4589 enim
1717 4534 1863 4589 qua-

210 4585 549 4658 liscumque
572 4586 760 4641 honor
780 4592 885 4650 est,
905 4588 1150 4642 antistiti
1176 4588 1277 4642 Dei
1296 4588 1583 4643 servirein
1604 4585 1863 4644 Ecclesia

212 4658 511 4713 duntaxat
557 4663 618 4712 ut
662 4658 940 4712 sacerdos
991 4660 1165 4713 totius
1199 4659 1442 4714 honoris
1481 4660 1862 4716 ecclesiastici

211 4728 437 4803 dignus
453 4727 765 4803 habeatur.
791 4729 978 4798 Major
999 4731 1154 4803 enim
1179 4732 1326 4786 ordo
1356 4731 1508 4786 intra
1532 4747 1594 4785 se
1616 4737 1670 4786 et
1700 4734 1863 4803 apud

212 4799 296 4855 se
322 4799 506 4871 habet
532 4806 587 4854 et
617 4800 910 4855 minorem
942 4819 954 4857 :
984 4801 1299 4871 presbyter
1330 4803 1487 4856 enim
1528 4808 1583 4856 et
1626 4799 1863 4857 diaconi

212 4873 332 4940 agit
366 4870 629 4944 officium
659 4877 714 4944 et
741 4872 1048 4944 exorcistae
1076 4877 1131 4927 et
1160 4870 1408 4944 lectoris.
1442 4872 1859 4944 Presbyterum

212 4949 413 5015 autem
451 4942 689 5015 intelligi
712 4943 1095 5015 episcopum,
1130 4942 1340 5014 probat
1378 4942 1594 5015 Paulus
1624 4942 1865 5015 aposto-

212 5014 327 5077 lns,
366 5013 614 5087 quando
659 5013 1047 5087 Timotheum
1080 5030 1257 5087 quem
1296 5013 1599 5087 ordinavit
1620 5013 1865 5087 presby—

211 5091 431 5167 terum,
462 5085 696 5167 instruit
736 5084 973 5167 qualem
1001 5084 1229 5167 debeat
1268 5100 1467 5165 creare
1510 5084 1860 5167 episcopum

212 5100 431 5151 terum,
462 5100 695 5139 msrruu
736 5100 973 5220 (bna-lem
1015 5100 1229 5165 ueneat
1268 5100 1467 5165 creare
1510 5100 1860 5167 episcopum

212 5156 257 5227 (Ι
297 5157 443 5211 Tim.
475 5170 553 5218 ιιι,
585 5157 720 5225 1-7).
804 5155 899 5210 uid
929 5161 1014 5210 est
1054 5172 1212 5211 enim
1248 5172 1588 5226 cpiscopus,
1618 5158 1727 5210 nisr
1794 5160 1865 5211 ri-

212 5244 351 5281 mus
398 5227 721 5281 nresbvter.
759 5227 872 5281 hoc
914 5231 1003 5281 est
1038 5243 1315 5281 summus
1367 5228 1645 5281 sacerdos
1693 5228 1720 5281 ‘I
1757 5174 1858 5281 Ee-

212 5244 351 5283 mus
398 5227 721 5298 presbyter,
759 5227 872 5282 hoc
914 5231 1003 5282 est
1038 5243 1315 5282 summus
1367 5228 1645 5282 sacerdos
1693 5228 1720 5283 ‘I
1757 5227 1858 5282 De-

274 5360 391 5410 tSic
407 5360 537 5426 Mss.
562 5361 1229 5426 eteditiogRatisponensis.
1246 5361 1377 5426 Alite
1403 5376 1527 5411 vero
1568 5361 1827 5426 editiones
1851 5378 1861 5410 :

215 5423 480 5483 Quomodo
546 5430 723 5472 contra
780 5423 972 5473 levitas
1012 5424 1271 5473 Romanos
1340 5424 1722 5486 disceptandum
1779 5427 1862 5479 sit,

210 5485 526 5534 contendunt
563 5486 744 5535 levitas
779 5487 1139 5542 sacerdotibus,
1187 5491 1231 5534 et
1266 5485 1508 5536 diaconos
1558 5487 1865 5550 presbyteris

212 5561 495 5597 εοιεαιιανε.

275 5610 455 5674 ἓῌεε.
488 5610 742 5674 Golbert.,
773 5611 1522 5674 Falsiede-re-quceruntduce,
1557 5612 1659 5664 etc.

278 5672 296 5700 ³
318 5672 482 5737 Iusta
515 5673 603 5722 Er.
645 5673 816 5737 Lugd.
851 5677 903 5722 ct
927 5671 1326 5737 Ven.,_t3idetur.
1358 5671 1427 5737 Μ.

276 5736 349 5798 (a)
381 5733 614 5794 Quaestio
644 5733 757 5787 haec
786 5736 937 5787 deest
970 5738 1025 5785 in
1059 5735 1183 5789 Mss.
1215 5735 1436 5785 secundi
1469 5735 1702 5801 generis.

1710 182 2094 247 APPENDIX.

3481 201 3627 255 2306

1972 316 2155 388 nique
2190 331 2313 373 non
2353 317 2520 391 aliter
2557 332 2740 390 quam
2772 318 3295 391 compreshyteros
3324 321 3423 379 hic
3448 329 3622 380 vocat

1974 395 2034 461 et
2059 389 2514 446 consacerdotes
2544 389 2703 445 suos.
2732 389 3037 461 Numquid
3063 389 3118 446 et
3152 392 3456 450 ministros
3487 411 3624 450 con-

1976 459 2435 537 diaconossuos
2465 461 2609 516 dicit
2643 459 2963 537 episcopus
2989 463 3017 519 ?
3058 464 3183 537 Non
3223 465 3451 537 utique,
3479 466 3624 537 quia

1978 531 2167 605 multo
2206 532 2511 587 inferiores
2534 531 2693 588 sunt.
2722 535 2787 588 Et
2818 531 2984 605 turpe
3017 541 3104 605 est
3129 531 3393 605 judicem
3426 531 3622 591 dicere

1977 604 2610 677 primicerium._Nam
2660 604 2718 658 in
2777 604 3141 660 Alexandria
3173 614 3229 661 et
3280 622 3385 677 per
3439 613 3623 663 totam

1976 675 2321 749 @gyptum,
2342 676 2387 729 si
2409 674 2559 749 desit
2576 677 2913 749 episcopus,
2935 674 3557 749 consecratpresbyter
3578 680 3619 730 ¹.

1977 745 2212 808 Quanta
2258 753 2460 801 autem
2505 746 2576 801 sit
2613 745 2885 815 dignitas
2932 748 3157 802 ordinis
3207 745 3620 815 sacerdotalis,

1976 830 2161 891 causa
2190 818 2452 891 ostendit
2481 815 2741 891 Caiphae,
2775 818 3041 891 quicum
3085 825 3239 891 esset
3274 819 3455 874 homo
3490 837 3621 891 pes-

1977 887 2187 952 simus,
2222 887 2623 962 prophetavit.
2657 887 2847 953 Quare
2870 889 2899 940 ‘t
2926 889 3069 962 Quia
3097 890 3370 961 princeps,
3404 887 3619 962 inquit,

1974 964 2093 1031 erat
2127 959 2457 1014 sacerdotum
2498 960 2680 1030 (Joan.
2728 977 2807 1024 ιιι,
2854 960 2965 1031 49).
3002 963 3062 1015 Et
3099 959 3323 1016 iterum
3366 959 3619 1018 multum

1974 1028 2192 1103 distare
2218 1028 2711 1103 interdiaconum
2734 1038 2791 1085 et
2816 1028 3209 1098 sacerdotem,
3238 1032 3382 1087 liber
3402 1048 3623 1103 appro-

1972 1099 2300 1172 batLquem
2323 1102 2580 1157 dicimus
2606 1108 2784 1157 Actus
2812 1103 3253 1172 Apostolorum.
3286 1108 3428 1158 Cum
3446 1099 3620 1159 enim

1975 1186 2045 1225 ex
2078 1169 2351 1244 Samaria
2381 1172 2773 1244 credidissent
2806 1169 3081 1244 Philippo
3119 1175 3459 1244 praedicanti
3497 1176 3622 1231 dia-

1974 1257 2127 1317 eono
2167 1243 2244 1297 ab
2284 1243 2579 1317 Apostolis
2619 1245 2914 1308 ordinato,
2960 1243 3250 1317 Miser’unt,
3292 1245 3501 1317 inquit,
3544 1246 3623 1303 ad

1973 1312 2603 1387 RetrumretJ‘oannem
2624 1321 2684 1368 ut
2706 1317 2991 1379 venirent,
3012 1320 3068 1370 et
3090 1316 3156 1370 iis
3173 1318 3273 1387 qui
3294 1312 3620 1382 crederent,

1973 1383 2183 1458 darent
2204 1386 2486 1455 Spiritum
2513 1393 2787 1441 sanctum
2812 1402 2923 1458 per
2939 1402 3154 1441 manus
3175 1383 3622 1458 impositionem

1973 1454 2127 1528 (Act.
2163 1454 2276 1521 vni,
2326 1460 2408 1521 14,
2444 1459 2553 1527 15).
2608 1458 2719 1513 Sed
2758 1454 2928 1512 inscii
2961 1459 3139 1512 credo
3180 1454 3624 1528 Scripturarum

1973 1531 2077 1581 aut
2115 1526 2500 1584 immemores
2538 1528 2706 1596 Legis
2745 1530 2872 1583 haec
2913 1528 3259 1583 defendunt.
3308 1526 3623 1585 Recordari

1972 1598 2328 1671 ergo_debet
2359 1600 2462 1669 qui
2492 1600 2606 1655 ista
2647 1604 2813 1670 putat
2857 1600 3201 1669 asserenda,
3246 1600 3392 1671 quid
3432 1600 3621 1655 levitis

1972 1667 2251 1724 acciderit
2280 1667 2417 1724 cum
2450 1667 2959 1741 taliter'saperent,
2990 1673 3136 1727 Cum
3167 1667 3329 1725 enim
3359 1671 3503 1726 nihil
3539 1671 3622 1726 in-

1973 1744 2059 1795 ter
2108 1741 2447 1795 sacerdotes
2494 1746 2549 1796 et
2592 1742 2797 1795 levitas
2847 1742 3127 1797 interesse
3169 1748 3621 1812 praesumerent,

1977 1814 2093 1866 Deo
2115 1812 2317 1881 judice
2348 1813 2513 1868 hiatu
2543 1816 2711 1867 terrae
2738 1812 3003 1883 absorpti
3027 1818 3166 1867 sunt
3187 1813 3374 1867 Chore
3401 1820 3456 1869 et
3482 1829 3621 1868 con-

1974 1882 2293 1963 sentientes
2322 1885 2394 1963 ei,
2428 1890 2495 1963 et_
2525 1883 2815 1938 ducentos
2844 1882 3478 1963 quinquagintanviros
3510 1889 3623 1963 tore

1974 1968 2112 2008 rens
2134 1954 2287 2023 ignis
2320 1954 2499 2009 simul
2524 1954 2895 2024 consumpsit
2928 1954 3115 2079 SNum.
3149 1971 3265 2019 xu,
3297 1955 3483 2023 3l-35)
3519 1971 3533 2009 :
3568 1960 3625 2010 et

1975 2026 2141 2079 Ozias
2164 2041 2264 2079 rex
2290 2041 2424 2079 cum
2454 2042 2610 2079 onus
2635 2026 2937 2079 sacerdota
2965 2041 2994 2079 e
3018 2030 3425 2079 praesumeret.
3458 2025 3625 2079 lenra

1975 2026 2141 2097 Ozias
2164 2041 2264 2080 rex
2290 2041 2424 2080 cum
2454 2042 2610 2096 oqus
2635 2025 2994 2080 sacerdotale
3018 2030 3425 2097 prtesumeret,
3458 2025 3625 2097 lepra

1974 2096 2250 2166 perfusus
2283 2102 2365 2151 est
2397 2097 2469 2167 (II
2500 2096 2691 2150 Paral.
2729 2113 2890 2162 xxvr,
2928 2098 3109 2166 19-21)
3142 2114 3155 2151 :
3190 2102 3253 2151 ut
3283 2096 3625 2168 hocutique

1974 2168 2249 2238 exemplo
2280 2169 2473 2223 caeteri
2506 2168 2685 2222 territi
2718 2184 2837 2222 non
2861 2168 3123 2223 audeant
3151 2169 3314 2239 quod
3347 2167 3460 2223 sibi
3489 2167 3626 2223 cun-

1973 2253 2212 2293 cessum
2244 2255 2363 2293 non
2405 2243 2497 2293 est
2535 2254 2916 2310 praesumere.
2961 2241 3124 2293 Nunc
3156 2240 3312 2293 enim
3348 2239 3624 2293 videmus

1973 2309 2263 2364 diaconos
2310 2309 2548 2366 temere
2572 2310 2737 2380 quod
2772 2309 3153 2381 sacerdotum
3199 2316 3285 2365 est
3313 2324 3489 2379 agere
3518 2325 3625 2381 per

1974 2382 2243 2435 convivia
2294 2386 2351 2435 et
2380 2382 2440 2435 in
2471 2383 2739 2452 oratione
2784 2381 2842 2436 id
2886 2380 3053 2448 velle,
3089 2389 3148 2452 ut
3193 2380 3627 2452 respondeatur

1974 2452 2115 2517 illis,
2144 2468 2281 2507 cum
2312 2454 2471 2507 istud
2510 2451 2649 2507 solis
2682 2451 2854 2508 liceat
2908 2451 3338 2507 sacerdotibus.
3381 2453 3621 2507 Diaconi

1975 2524 2136 2577 enim
2170 2524 2318 2578 ordo
2360 2530 2466 2589 est,
2499 2529 2768 2594 accipere
2810 2540 2845 2579 a
2888 2524 3217 2588 sacerdote,
3251 2530 3304 2578 et
3353 2524 3436 2578 sic
3478 2524 3623 2578 dare

1974 2595 2151 2665 plebi.
2179 2594 2348 2649 Vides
2378 2596 2516 2665 quid
2547 2595 2740 2665 pariat
2767 2610 2925 2649 vana
2948 2596 3337 2666 praesumptio
3361 2594 3388 2649 ?
3410 2596 3621 2666 Imme-

1975 2664 2170 2720 mores
2202 2667 2356 2737 enirn
2385 2664 2640 2720 elatione
2676 2666 2915 2733 mentis,
2940 2681 3010 2720 eo
3040 2666 3201 2737 quod
3221 2664 3478 2721 'videant
3508 2664 3620 2721 Ro-

1976 2752 2173 2792 manae
2197 2736 2469 2791 Ecclesiae
2498 2753 2562 2791 se
2593 2752 2722 2791 esse
2740 2736 3077 2799 ministros,
3098 2752 3217 2792 non
3241 2737 3619 2792 considerant

1972 2808 2118 2879 quid
2149 2808 2257 2863 illis
2280 2824 2315 2863 a
2340 2808 2457 2862 Deo
2482 2808 2786 2863 decretum
2819 2808 2911 2872 sit,
2938 2812 2995 2862 et.
3022 2807 3167 2879 quid
3197 2808 3454 2863 debeant
3483 2823 3623 2862 cus-

1974 2878 2165 2934 todire
2197 2896 2210 2933 :
2245 2880 2347 2934 sed
2384 2880 2595 2933 tollunt
2625 2880 2752 2934 haec
2781 2878 2855 2933 de
2882 2880 3175 2934 memoria
3206 2880 3465 2935 assiduae
3499 2886 3621 2934 sta-

1972 2951 2164 3005 tiones
2194 2950 2427 3015 domes,
2462 2949 2587 3005 ticaa
2617 2958 2673 3004 et
2696 2950 3051 3015 ofﬁcialitas,
3083 2966 3218 3021 quae
3250 2966 3354 3021 per
3378 2965 3621 3019 sugges-

1973 3022 2161 3076 tiones
2184 3022 2375 3092 malas
2401 3036 2505 3075 seu
2545 3021 2737 3075 bonas
2752 3037 2912 3075 nunc
2934 3020 3260 3091 plurimum
3275 3028 3489 3092 potest.
3506 3024 3620 3076 Aut

1974 3093 2211 3147 timetur
2236 3091 2394 3145 enim
2431 3107 2504 3146 ne
2547 3092 2704 3145 male
2746 3100 3089 3160 suggerant,
3118 3097 3220 3146 aut
3245 3091 3526 3147 emuntur
3559 3097 3620 3147 ut

1972 3169 2272 3233 praestent.
2314 3163 2380 3217 Hi
2412 3167 2550 3217 sunt
2579 3163 2681 3232 qui
2722 3162 2946 3216 faciunt
2983 3177 3085 3233 eos
3123 3163 3349 3218 ordinis
3379 3164 3469 3217 sui
3496 3178 3621 3218 non

1974 3232 2351 3288 considerare
2379 3234 2689 3288 rationem.
2717 3233 2868 3287 Dum
2900 3232 3054 3287 enim
3086 3248 3190 3303 per
3214 3232 3620 3287 adulationem

1973 3305 2391 3376 obsequuntur
2428 3304 2541 3359 illis
2581 3303 2797 3376 illicite,
2842 3304 3171 3374 prmoipites
3212 3303 3344 3358 illos
3371 3304 3618 3376 faciunt,

1974 3383 2037 3431 ut
2075 3374 2211 3447 plus
2260 3375 2370 3431 sibi
2423 3381 2628 3446 putent
2668 3374 2841 3447 licere
2875 3391 2889 3429 :
2921 3376 3145 3445 quippe
3192 3390 3327 3447 eum
3382 3374 3625 3447 videant

1973 3445 2094 3502 non
2129 3447 2214 3502 sic
2241 3445 2454 3502 deferri
2481 3446 2894 3501 sacerdotibus
2929 3462 2943 3511 ;
2978 3462 3047 3501 ac
3076 3460 3179 3516 per
3202 3446 3316 3500 hoc
3347 3445 3621 3499 anteferri

1974 3534 2036 3571 se
2069 3524 2303 3588 putant.
2333 3519 2444 3575 Sed
2478 3518 2827 3583 testimonio,
2856 3518 3067 3588 inquit,
3092 3518 3327 3571 diaconi
3360 3516 3425 3570 ﬁt
3455 3530 3620 3586 pres-

1973 3588 2201 3660 byter:
2298 3591 2427 3643 uasi
2488 3589 2644 3643 istud
2704 3589 2781 3644 ad
2832 3589 3289 3658 praerogativam
3333 3589 3623 3657 pertineat

1974 3605 2424 3714 magnitudinis.
2468 3660 2743 3714 Legimus
2788 3660 2948 3714 enim
2997 3660 3074 3713 ad
3120 3658 3356 3714 plebem
3399 3658 3621 3713 dixisse

1974 3658 2424 3730 magnitudinis.
2468 3660 2743 3728 Legimus
2788 3660 2948 3714 enim
2997 3660 3074 3713 ad
3120 3658 3357 3730 plebem
3395 3658 3621 3730 dixisse

1974 3728 2210 3785 Petrum
2247 3731 2621 3802 apostolum:
2651 3730 2875 3802 Eligite,
2909 3728 3137 3801 inquit,
3155 3746 3227 3785 ex
3265 3728 3437 3802 vobis
3467 3745 3622 3802 quos

1971 3800 2403 3857 constituamus
2450 3800 2765 3856 deservire
2795 3803 3091 3872 mysteriis
3152 3800 3421 3856 Ecclesia:
3475 3800 3619 3871 (Act.

1975 3890 2048 3938 γι,
2082 3876 2151 3943 3).
2186 3873 2330 3929 Nolo
2360 3872 2579 3940 dicere,
2610 3875 2825 3928 mensis.
2859 3875 3002 3928 Ecce
3033 3872 3319 3928 laicorum
3362 3872 3622 3928 testimo-

1973 3947 2072 4017 nio
2112 3946 2290 4017 creati
2320 3950 2458 4017 sunt
2486 3944 2745 4017 diaconi.
2778 3948 2843 3999 Et
2872 3943 3188 4017 Apostolus
3219 3960 3356 4017 eum
3387 3943 3622 4017 quior-

1973 4015 2278 4070 dinandus
2329 4016 2541 4087 dicitur
2596 4014 2941 4087 episcopus,
2987 4017 3164 4071 etiam
3219 4014 3624 4071 testimonium

1976 4089 2058 4168 ult
2096 4087 2312 4168 habere
2338 4086 2669 4168 Oentiliuni
2704 4086 2831 4168 :‘sic
2870 4087 3030 4168 enim
3074 4089 3173 4168 ait,
3219 4087 3447 4168 Oportet
3481 4087 3622 4168 enim

1974 4159 2115 4213 hunc
2153 4166 2205 4214 et
2247 4159 2613 4214 testimonium
2652 4156 2842 4213 habere
2881 4158 3071 4213 bonum
3109 4158 3175 4212 ab
3220 4156 3311 4211 his
3352 4158 3447 4226 qui
3480 4158 3623 4225 foris

1970 4236 2101 4285 sunt
2140 4231 2187 4299 (l
2222 4230 2337 4285 Tim
2364 4247 2446 4295 ιιι,
2479 4231 2562 4299 Ἰ).
2603 4231 2885 4285 Omnium
2925 4245 3066 4298 ergo
3096 4234 3183 4283 est
3216 4228 3621 4299 testimonium

1971 4296 2219 4370 dare,'et
2250 4318 2367 4357 non
2402 4296 2600 4357 tamen
2631 4317 2842 4356 omnes
2869 4301 2982 4355 hoc
2998 4296 3239 4354 honore
3269 4296 3465 4366 dignis
3486 4301 3626 4352 sunt

1971 4373 2243 4427 Judicare
2260 4375 2417 4427 enim
2442 4387 2655 4428 omnes
2678 4376 2950 4441 possunt,
2967 4376 3023 4424 et
3044 4386 3162 4424 non
3186 4374 3383 4441 tamen
3413 4383 3623 4441 omnes

1973 4451 2224 4516 possunt
2255 4460 2383 4498 esse
2408 4442 2572 4513 quod
2600 4439 2892 4516 judicent.
2919 4441 3111 4516 Potest
3129 4440 3298 4516 enim
3322 4439 3510 4516 pictor
3534 4439 3625 4509 ju-

1973 4509 2177 4570 dicarii
2207 4509 2509 4575 bonusfet
2538 4509 2799 4583 praeferri
2825 4512 2988 4567 alteri
3020 4511 3098 4583 ab
3124 4510 3344 4583 illo_qui
3379 4509 3622 4583 pingere

1975 4587 2197 4641 nesciat
2220 4593 2300 4651 ;et
2324 4579 2609 4639 choraula
2628 4584 2835 4638 melior
2861 4584 2978 4638 alio
2996 4579 3279 4637 choraula
3302 4579 3622 4652 approbari

1975 4658 2053 4714 ab
2083 4673 2175 4724 eo,
2194 4656 2295 4726 qui
2326 4654 2564 4726 alterius
2590 4660 2680 4708 est
2710 4657 2850 4710 artis
2877 4670 2888 4709 :
2915 4654 2994 4709 ita
3017 4662 3069 4726 et
3091 4653 3251 4708 testis
3275 4657 3465 4726 potest
3490 4668 3623 4707 esse

1974 4723 2672 4798 creandi—presbyteriqui
2693 4726 2930 4798 inferior
2942 4725 3153 4798 ordine
3169 4730 3280 4798 est.
3306 4723 3621 4798 Etiterum,

1974 4816 2094 4870 quo
2124 4794 2477 4870 inﬂentur—et
2500 4794 2708 4870 putent
2732 4797 3116 4870 sibimultum
3147 4795 3429 4870 deberiia
3449 4794 3623 4851 nobis

1975 4867 2156 4934 enim,
2190 4869 2487 4940 inquiunt,
2520 4868 2928 4939 perducuntur
2956 4868 3057 4939 qui
3084 4867 3403 4940 ordinandi
3434 4871 3616 4940 sunt:

1975 4949 2035 4996 ut
2061 4942 2204 4995 dum
2234 4936 2399 4995 lateri
2426 4936 2661 4995 illorum
2696 4940 2845 5010 septi
2894 4936 3050 4998 sunt.
3085 4938 3310 4993 honore
3341 4939 3502 5010 digni
3535 4936 3622 5010 vi-

1974 5014 2248 5067 deantur.
2282 5014 2391 5067 Fac
2424 5027 2625 5066 verum
2655 5005 2803 5065 esse.
2843 5011 3025 5075 Quasi
3059 5010 3329 5065 ofﬁcialis
3359 5005 3517 5063 enim
3543 5005 3622 5061 ab

1976 5086 2259 5155 episeopo
2306 5083 2572 5145 mittitur,
2626 5089 2687 5137 ut
2731 5081 3092 5155 obsequium
3148 5080 3414 5151 praebeat
3469 5077 3624 5155 ordi-

1975 5153 2200 5210 nando}
2231 5158 2375 5209 Nam
2409 5159 2465 5208 et
2494 5155 2838 5224 imperator,
2872 5158 2934 5207 ut
2962 5154 3285 5222 imperator
3311 5153 3621 5224 appareat,

1975 5226 2286 5281 ordinatur
2310 5219 2602 5295 obsequio
2623 5223 2857 5279 militari
2884 5239 3031 5295 :non
3050 5219 3256 5277 tamen
3285 5219 3494 5275 melior
3513 5234 3624 5274 nec

1976 5313 2084 5367 par
2118 5302 2205 5352 est
2249 5294 2536 5367 exercitus
2584 5294 2949 5367 imperatori.
2979 5294 3126 5349 Nam
3169 5298 3225 5347 et
3254 5298 3445 5367 Aman
3484 5306 3621 5345 cum

1975 5362 2127 5423 esset
2158 5368 2351 5422 clarus
2377 5367 2433 5420 in
2458 5362 2689 5421 honore
2709 5365 2964 5429 militari,
2993 5381 3027 5419 a
3050 5379 3185 5433 rege
3216 5362 3434 5418 missus
3456 5368 3542 5417 est
3561 5366 3625 5417 ut

1975 5439 2345 5496 Mardochaeo
2387 5438 2446 5492 in
2487 5436 2859 5507 obsequium,
2886 5437 2991 5490 iret
3026 5436 3248 5506 (Esther
3274 5433 3472 5507 v1.10)
3510 5454 3523 5487 :
3560 5438 3623 5507 ut

1975 5517 2266 5582 quantum
2294 5509 2513 5578 dignus
2537 5503 2687 5563 esset
2711 5503 3136 5582 Mardoehteus,
3168 5522 3239 5561 ex
3271 5503 3622 5582 huj_usmodi

1976 5577 2279 5653 obsequiis
2309 5577 2674 5636 nosceretur.
2709 5578 2797 5634 Ita
2821 5583 2876 5633 et
2904 5577 3142 5635 diaconi
3167 5578 3440 5634 creandis
3467 5591 3625 5650 pres-

2040 5734 2054 5766 ⁸
2084 5731 2215 5782 Mss.
2257 5728 2508 5787 Colbert.,
2538 5728 2829 5794 comignat.
