4140 6208
647 156 783 211 2307

630 275 856 349 byteris
878 274 937 330 in
951 271 1315 349 obsequium
1337 270 1677 349 mittuntuil;
1699 274 1762 325 ut
1786 268 2003 349 dignos
2030 282 2131 324 eos
2156 267 2283 323 ﬁeri

633 340 1216 411 sacerdotes,omnes
1247 343 1594 415 intelligant,
1619 342 1889 415 Exceptis
1912 340 2069 415 enim
2093 356 2284 395 sacer-

630 419 893 483 dotibus,
923 417 1145 489 quibus
1170 412 1529 489 obsequium
1560 413 1799 477 debent,
1823 412 2106 467 omnibus
2138 426 2285 483 pree-

638 488 960 561 ponuntur”
982 488 1245 543 diaconi.

1131 573 1334 613 comas
1373 569 1732 611 NOVATIANUM
1754 556 1796 609 ί.

711 632 803 688 CII
835 632 937 702 (α).
990 659 1068 702 —_
1086 630 1302 702 Dicunt
1340 626 1614 702 discipuli
1641 626 1764 702 _sui
1796 624 1872 702 a_d
1926 626 2149 702 Jesum,
2184 623 2286 678 Do-

632 703 795 768 mine,
818 696 904 756 vis
939 708 996 757 ut
1035 699 1294 762 dicamus,
1318 696 1595 752 descendat
1629 697 1769 767 ignis
1798 696 1859 751 de
1889 698 2033 768 cato,
2083 702 2130 750 et
2162 712 2282 749 con-

632 767 808 830 sumat
833 790 937 836 eos,
958 772 1096 826 sicut
1136 772 1263 841 fecit
1295 770 1452 825 Etias
1476 769 1504 823 ‘t
1536 770 1609 841 Et
1629 768 1937 839 respondit
1936 767 2079 841 _iliis
2115 770 2285 841 Dom-

633 862 746 901 nus
775 845 1000 908 dicens,
1031 838 1264 898 Nescitis
1292 842 1443 911 cujus
1472 840 1701 911 spiritus
1730 838 1882 894 estis.
1927 838 2110 911 Filius
2138 838 2285 911 enim

630 916 862 971 hominis
890 931 997 969 non
1028 914 1170 969 venit
1221 909 1434 967 animas
1474 909 1720 983 perdere,
1764 911 1860 964 sed
1888 909 2098 983 sulcare
2125 909 2280 983 (Luc.

628 1004 705 1051 ix,
750 987 957 1057 55-56).
990 989 1137 1042 Cum
1162 987 1437 1057 dignum_
1466 981 1666 1054 utique
1697 990 1849 1037 esset
1884 981 2284 1057 vindicarem

634 1052 1039 1115 Samaritanos
1069 1072 1189 1111 non
1218 1052 1611 1127 suscipientes
1656 1070 1795 1127 eum
1828 1069 1842 1118 ;
1884 1052 2171 1127 Dominus
2202 1056 2275 1107 ta.

632 1145 769 1186 men
799 1129 905 1199 qui
942 1128 1019 1184 ad
1050 1123 1524 1183 misericordiam
1555 1126 1823 1199 dandam
1860 1123 2125 1188 advenit,
2154 1138 2285 1199 sen-

630 1194 872 1257 tentiam
904 1200 1144 1264 amovit,
1175 1206 1235 1254 ut
1265 1199 1339 1253 de
1371 1205 1582 1253 caetero
1612 1198 1975 1265 corrigentes
2002 1194 2284 1249 emenda-

628 1278 853 1328 rentur.
889 1274 949 1325 Et
987 1271 1279 1342 propheta
1304 1269 1545 1342 Elisaaus
1576 1268 1930 1342 indignatus
1952 1265 2284 1342 puerisqui

627 1345 679 1399 ei
707 1336 1137 1399 contumeliam
1169 1340 1488 1403 faciebant,
1508 1341 1625 1393 Deo
1648 1338 1847 1408 judice
1880 1336 2196 1392 vindicavit
2225 1338 2283 1391 iu

629 1430 752 1479 eos,
782 1420 842 1468 ut
858 1430 928 1468 eo
946 1414 1075 1467 loco
1098 1411 1175 1467 ab
1199 1412 1348 1465 ursis
1372 1413 1846 1473 comederentur,
1869 1408 1968 1463 ubi
1989 1408 2137 1462 silva
2154 1423 2284 1479 esse

629 1484 991 1556 negatur(lV
1011 1483 1137 1553 Reg.
1158 1499 1216 1545 ιι,
1242 1482 1330 1556 23,
1362 1485 1449 1556 2i)
1478 1497 1490 1556 _:
1519 1482 1806 1556 Dominus
1834 1487 2035 1556 auiem
2054 1478 2282 1556 oblatae

635 1550 745 1612 sibi
762 1572 855 1610 me
866 1550 1054 1609 retrici
1080 1550 1355 1625 pepercit,
1372 1554 1424 1607 ei
1439 1552 1899 1625 videlicetquam
1917 1551 1975 1604 in
1991 1550 2283 1625 adulierio

630 1643 692 1682 se
704 1621 1174 1698 deprehendisse
1186 1626 1441 1698 majores
1453 1621 1795 1698 Iudaeorum
1810 1623 2088 1676 dixerunt
2102 1621 2281 1692 (Joan.

628 1714 749 1763 vui,
783 1695 870 1768 il)
920 1712 933 1763 ;
986 1703 1047 1752 ut
1074 1700 1217 1767 quia
1247 1695 1725 1768 piaiprtedicatio
1765 1696 2111 1768 iucmperat,
2137 1707 2279 1768 Anon

627 1765 1181 1831 condemnandum,
1225 1765 1329 1822 sed
1360 1765 1796 1835 ignoscendum
1838 1765 2098 1820 doceret.
2133 1766 2281 1819 Nam

626 1856 733 1912 per
759 1842 1000 1912 Moysen
1022 1838 1164 1894 data
1180 1839 1317 1912 Lex,
1344 1838 1486 1912 quia
1509 1836 1798 1912 justitiam
1826 1835 2035 1891 habuit
2055 1835 2135 1890 ad
2160 1836 2284 1912 vin-

624 1908 868 1975 dictam,
898 1911 959 1965 iu
1000 1910 1343 1975 primordiis
1368 1908 1518 1963 'suis
1575 1909 1949 1964 severitatem
1997 1908 2279 1962 exercuit.

626 1926 868 1975 uictam,
898 1927 959 1965 in
1042 1926 1343 1965 rimoruns
1395 1926 1518 1963 suis
1575 1926 1949 1964 severitatem
1997 1926 2279 1962 exercuit.

626 1983 775 2049 Quia
802 1988 859 2038 et
886 1982 947 2037 in
980 1926 1147 2037 iﬁum
1186 1982 1289 2053 qui
1320 1980 1590 2053 sabbatis
1622 1979 1951 2053 exiitligna
1979 1976 2279 2053 colligere,

626 2054 951 2110 funebriter
985 2049 1303 2108 vindicavit
1324 2050 1514 2123 (Num.
1538 2067 1634 2118 xv,
1656 2052 1841 2120 32-36)
1868 2066 1880 2116 ;
1912 2055 1967 2105 et
1996 2051 2055 2123 in
2086 2049 2278 2123 filium

624 2126 911 2196 Egyptia:
963 2126 1065 2196 qui
1109 2120 1724 2196 blasphemaveratin
1761 2124 1964 2196 Deum,
2013 2120 2279 2196 similiter

627 2190 913 2251 ultionem
941 2190 1104 2249 dedit
1133 2190 1335 2263 (Leuit.
1365 2210 1520 2257 xxrv,
1555 2194 1737 2263 10-14)
1765 2211 1779 2263 ;
1815 2198 1870 2247 et
1896 2193 1956 2246 in
1983 2208 2167 2246 causa
2193 2190 2278 2263 fu-

631 2238 1489 2337 signatas;ttatuna;
1507 2238 2276 2337 ιεἰοἲιέίἱὲὶᾰάῖέχὶῖἰῖῖρῆᾗ.

628 2335 1014 2410 Unaquaeque
1039 2353 1181 2408 ergo
1208 2337 1497 2410 Lexinter
1518 2336 1651 2406 ipsa
1678 2335 2007 2410 primordia
2031 2350 2276 2410 sensum

625 2404 806 2481 suum
838 2404 1082 2481 plenum
1110 2404 1388 2481 ostendit,
1418 2413 1481 2462 ut
1508 2404 1837 2481 vetus'fLer,
1871 2407 2013 2477 quia
2038 2404 2116 2460 ad
2151 2404 2278 2481 vin-

623 2478 951 2536 dicandum
986 2480 1318 2550 promptior
1349 2486 1494 2544 erat,
1520 2479 1669 2533 inter
1689 2479 1853 2533 initia
1875 2494 1987 2531 sua
2011 2478 2278 2550 asperior

622 2552 942 2615 videretur,
978 2546 1042 2607 ut
1073 2546 1235 2606 metu
1280 2550 1520 2605 incusso
1547 2550 1859 2617 diligentes
1908 2554 1963 2602 et
1994 2546 2277 2603 sollicitos

624 2623 848 2679 faceret
868 2622 1171 2678 auditores
1203 2638 1363 2676 suos.
1408 2622 1575 2675 Nova
1601 2636 1737 2674 vero
1771 2626 2083 2689 propterea
2112 2617 2275 2688 quod

622 2697 810 2767 piaret
825 2693 917 2767 ad
943 2693 1423 2767 misericordiam
1451 2690 1634 2767 facilis
1667 2688 1785 2755 est,
1808 2688 2277 2767 primordiasua

620 2760 942 2822 mitissima
984 2772 1040 2821 et
1071 2763 1531 2819 clementissima
1565 2760 2016 2823 demonstravit,
2053 2766 2114 2815 ut
2145 2761 2276 2829 ipsa

621 2838 1016 2891 oblectatione
1048 2851 1119 2890 ac
1143 2834 1457 2888 dilectione
1500 2848 1711 2888 omnes
1738 2832 1815 2887 ad
1842 2830 2273 2899 indulgentiam

620 2912 1009 2980 provocaret._
1023 2907 1235 2980 Postea
1264 2911 1465 2980 autem
1489 2910 1545 2959 et
1564 2904 1665 2980 illa
1691 2919 1824 2975 quae
1842 2903 2123 2980 asperior
2150 2904 2272 2980 visa

618 2973 706 3035 ést
728 2984 968 3048 propter
986 2976 1368 3045 fragilitatem
1386 2976 1635 3048 humani
1656 2973 1908 3048 generis,
1931 2989 2049 3029 non
2078 2973 2272 3029 solum

619 3046 879 3119 rigorem
912 3065 1084 3103 suum
1118 3047 1385 3112 mollivit,
1421 3046 1525 3119 sed
1568 3052 1623 3101 et
1662 3046 2081 3119 humanamet
2112 3048 2273 3119 piam

624 3116 701 3176 se'
713 3120 1004 3191 praestitit,
1028 3125 1084 3175 et
1103 3118 1666 3191 haecquasclemens
1695 3118 1821 3191 visa
1836 3124 1927 3191 est
1946 3116 2273 3187 aliquando

620 3190 970 3248 vindicavit.
1013 3192 1275 3246 Ananias
1305 3190 1462 3245 enim
1498 3206 1634 3244 cum
1668 3190 1917 3260 Saphira
1955 3202 2131 3243 uxore
2163 3204 2273 3243 sua

619 3264 907 3319 divinitus
929 3264 1068 3318 cesi
1101 3268 1237 3333 sunt
1258 3262 1401 3333 (Act.
1433 3262 1560 3326 v,5,
1589 3264 1697 3328 10).
1724 3263 1789 3333 Et
1810 3262 2030 3333 Elimas
2055 3274 2270 3333 magus

618 3334 963 3391 incredulus
986 3339 1043 3388 et
1078 3334 1174 3388 Dei
1198 3330 1311 3401 legi
1344 3348 1709 3403 repugnans,
1768 3331 2001 3403 Domini
2044 3330 2272 3399 judicio

618 3412 677 3462 et
696 3408 905 3462 virtute
926 3412 1185 3461 ciecatus
1205 3410 1289 3458 est
1315 3402 1426 3473 (Id.
1455 3419 1577 3466 xui,
1596 3404 1744 3463 8-11)
1762 3452 1763 3455 η
1808 3404 1871 3456 Et
1894 3402 2152 3473 Herodes
2168 3417 2268 3456 rex

620 3476 1127 3550 proptereaquod
1160 3471 1451 3530 honorem
1482 3489 1602 3529 non
1633 3473 1946 3550 dedit__Deo
1998 3471 2147 3550 coeli,
2191 3472 2270 3550 ab

618 3543 834 3618 angelo
864 3549 958 3603 Dei
983 3543 1309 3618 percussus
1337 3550 1572 3601 scatens
1608 3544 1921 3618 vermibus
1947 3543 2271 3618 exspiravit

616 3615 763 3702 (Idib
792 3636 896 3689 xu,
955 3615 1069 3700 23)ἶ
1124 3621 1201 3674 Ne
1239 3617 1378 3702 quia
1420 3616 1840 3702 misericordia
1877 3615 2266 3697 praedicatur,

619 3688 874 3746 inultum
907 3688 1155 3745 omnino
1185 3694 1463 3761 putarent
1489 3688 1768 3761 homines
1792 3691 1850 3742 et
1874 3688 2120 3761 impune
2139 3702 2271 3761 pec-

618 3762 761 3827 cari,
786 3763 1059 3817 timorem
1074 3757 1295 3831 posuit,
1318 3759 1641 3814 ostendens
1656 3760 1733 3813 ad
1759 3759 1872 3814 hoc
1888 3757 2269 3831 dariveniam

618 3833 994 3895 delictorum,
1028 3828 1088 3885 ut
1138 3832 1313 3903 quasi
1344 3847 1415 3885 ex
1454 3831 1721 3903 mortuis
1755 3828 2032 3903 vivificati
2064 3836 2272 3900 postea

619 3903 985 3958 abstinerent
1035 3918 1096 3957 se
1127 3901 1174 3957 a'
1210 3902 1540 3966 contrariis,
1596 3908 1661 3957 ut
1711 3901 1773 3956 id
1801 3901 2158 3969 elaboretur,
2201 3916 2272 3955 ne

621 3975 756 4045 quis
786 3973 925 4029 hinc
956 3989 1092 4027 cum
1124 3972 1371 4027 crimine
1393 3978 1583 4045 exeat,
1603 3972 1747 4044 quia
1772 3973 1845 4045 ad
1866 3972 2160 4045 judicium
2177 3987 2273 4027 ve-

618 4043 830 4100 nietur.
865 4046 999 4099 Hinc
1045 4045 1205 4115 enim
1239 4044 1559 4115 unicuique
1592 4043 1886 4115 sententia
1921 4043 2269 4115 imputatur,

616 4117 677 4173 in
710 4131 832 4187 qua
858 4114 1223 4183 defungitur.
1258 4114 1552 4187 Quoniam
1598 4114 1773 4184 igitur
1802 4130 1960 4169 nova
2005 4114 2123 4187 Lex
2154 4114 2272 4187 ple-

618 4185 951 4244 nitudinem
974 4187 1156 4242 habet
1193 4186 1633 4250 misericordiae,
1663 4201 1736 4239 ne
1762 4185 2129 4256 contemptui
2160 4186 2273 4240 du-

617 4266 845 4315 ceretur
865 4259 943 4313 ab
964 4257 1333 4313 amatoribus
1359 4263 1763 4329 peccatorum,
1783 4256 1841 4310 in
1871 4272 2052 4329 supra
2072 4257 2269 4329 dictos

616 4330 961 4386 vindicavit.
986 4332 1159 4385 Vetus
1177 4345 1315 4384 vero
1340 4328 1449 4384 [ex
1471 4343 1824 4400 quanquam
1844 4329 1920 4383 ad
1945 4328 2270 4383 vindictam

616 4403 762 4457 data
814 4401 910 4467 sit,
960 4400 1325 4472 quibusdam
1368 4406 1567 4472 tamen
1625 4400 1977 4472 ignovit,_ine
2023 4400 2270 4472 omnino

616 4472 875 4528 crudelis
901 4470 1197 4528 diceretur
1238 4490 1249 4527 :
1284 4472 1388 4527 sed
1418 4473 1477 4526 in
1510 4471 1709 4542 plures
1744 4470 2082 4535 vindicavit,
2128 4471 2273 4538 quia

616 4560 830 4601 sensus
881 4545 1009 4613 ejus
1041 4544 1116 4599 ad
1152 4543 1561 4599 ulciscendum
1620 4548 1936 4614 promptus
1981 4547 2086 4595 est.
2135 4543 2271 4614 Sine

617 4616 805 4670 dubio
836 4612 977 4684 ergo
1010 4617 1204 4685 major
1230 4616 1415 4686 gratia
1450 4612 1821 4683 novae'Legis
1844 4618 2139 4686 estquam
2168 4612 2273 4668 fuit

615 4686 850 4741 veteris.
873 4688 928 4742 Si
959 4701 1100 4755 ergo
1126 4685 1318 4755 major
1340 4686 1530 4754 gratia
1551 4690 1660 4745 est,
1689 4685 1998 4756 quomodo
2024 4690 2274 4754 negatur

618 4756 734 4812 hoc
755 4762 1037 4827 praestare
1069 4772 1265 4827 posse,
1297 4756 1456 4827 quod
1485 4757 1750 4827 prmstitit
1783 4756 1897 4821 illa,
1920 4771 2056 4827 quae
2086 4758 2272 4810 mino-

618 4844 745 4884 rem
773 4829 1027 4897 gratiam
1058 4827 1268 4883 habuit
1294 4827 1321 4881 ?
1353 4830 1483 4883 Erat
1509 4827 1665 4882 enim
1701 4827 2051 4897 prOpensior
2098 4827 2158 4881 in
2181 4843 2274 4881 se-

618 4900 945 4970 veritatem,
969 4899 1169 4970 Itaque
1185 4899 1231 4953 si
1248 4900 1356 4953 ista
1378 4898 1802 4970 paenitentibus
1829 4898 2126 4965 ignovisse
2142 4913 2273 4968 pro-

617 4972 815 5039 batur,
847 4969 949 5043 qui
976 4968 1100 5043 fier'i
1130 4974 1321 5043 potest
1353 4976 1413 5024 ut
1442 4971 1552 5024 ista
1576 4985 1711 5043 qua:
1739 4968 1995 5043 clemens
2018 4973 2126 5043 est,
2150 4984 2270 5043 non

615 5039 1239 5113 recipiat'pmuitentes
1265 5040 1293 5096 7
1324 5043 1472 5113 Nam
1501 5046 1555 5096 et
1583 5039 1771 5113 Iudaei
1804 5040 1905 5094 filii
1940 5040 2042 5113 Dei
2070 5039 2269 5113 appel-

614 5114 715 5171 lati
742 5110 905 5177 sunt,
934 5114 1036 5184 qui
1056 5128 1159 5183 per
1180 5114 1420 5184 Moysen
1454 5111 1513 5166 in
1544 5111 1703 5184 nube
1730 5116 1787 5165 et
1811 5113 1865 5165 in
1899 5110 2044 5184 mari
2078 5111 2270 5182 bapti-

616 5186 746 5250 zati,
780 5182 1037 5255 apostoli
1060 5182 1069 5183 7
1096 5183 1257 5239 Pauli
1287 5184 1635 5255 auctoritate
1664 5182 1943 5255 leguntur
1970 5183 2011 5252 (Ι
2048 5184 2181 5255 Cor.
2209 5199 2267 5255 ι,

616 5257 693 5327 2).
732 5259 942 5325 Legem
974 5256 1131 5311 enim
1159 5254 1457 5325 accepturi
1505 5254 1711 5326 procul
1742 5254 1927 5327 dubio
1973 5254 2271 5327 puriﬁcati

616 5324 968 5393 noscuntur,
1006 5331 1068 5381 ut
1106 5327 1179 5381 de
1211 5324 1423 5381 caetero
1450 5324 1709 5396 acceptas
1757 5325 1929 5391 Legis
1958 5324 2270 5380 redderent

620 5400 930 5464 rationem,
962 5404 1023 5453 ut
1048 5398 1093 5452 si
1119 5398 1267 5470 quid
1294 5405 1628 5469 peccareut,
1651 5412 1758 5469 per
1779 5397 2186 5468 paenitentiam
2211 5411 2273 5451 se

683 5503 951 5569 *SicAMss.
998 5509 1050 5555 et
1089 5505 1250 5554 editio
1288 5505 1709 5569 Batisponensis.
1755 5502 1881 5569 Alis:
1909 5517 2033 5569 vero
2081 5503 2273 5569 editio:

625 5576 719 5611 nes
744 5565 1047 5635 {Quomodo
1072 5573 1251 5635 contra
1281 5565 1603 5616 Novatianos
1632 5567 2035 5616 contendendum
2066 5568 2148 5623 sit,
2187 5567 2274 5630 qui

619 5630 977 5703 pmuite'iitiam
1010 5630 1288 5703 salutarem
1317 5635 1523 5703 ῃορσρξ.

685 5687 762 5758 (a)
794 5687 916 5740 Hinc
944 5692 1169 5755 quaestio
1200 5692 1350 5742 deest
1377 5687 1432 5743 in
1456 5693 1583 5743 Mss.
1611 5692 1835 5745 secundi
1852 5692 2083 5756 generis.

1685 142 2154 212 QUASSTIONES
2191 140 2284 199 EX
2327 139 2669 211 UTROQUE
2709 141 2993 200 MIXTIM.

3824 159 3923 217 2308

2390 268 2782 360 reformarent
2808 265 3376 360 ;‘dicente_‘Domino
3398 281 3497 350 per
3523 270 3709 330 Isaiam
3730 282 3925 360 prophe-

2393 346 2539 406 tam,
2576 340 2961 396 Paenitentiam
3003 340 3143 410 agite
3186 340 3281 410 qui
3310 341 3522 406 erratis,
3549 350 3593 397 et
3637 340 3927 409 conuertunt“;

2389 412 2545 485 (Isai.
2577 414 2856 485 χυλα-22).
2886 412 2999 466 Sed
3017 410 3170 485 forte
3200 428 3232 466 e
3264 418 3549 485 contrario
3573 416 3773 485 dicitur,
3797 421 3933 479 Posui-

2393 481 2573 563 tentia
2597 481 2839 563 quidem
2859 481 3195 563 praedicata
3220 488 3328 547 est,
3354 481 3563 540 fructus
3586 488 3679 563 erit
3695 481 3933 561 agentibus

2392 556 2821 626 pamitentiam.
2858 557 2968 626 Nec
2999 556 3156 608 enim
3211 570 3567 625 supervacue
3594 557 3691 613 hoc
3722 556 3934 620 Dominus

2389 625 2817 681 commoneret.
2881 625 3054 680 Porro
3110 632 3311 680 autem
3357 628 3541 682 sciens
3573 628 3816 687 Dominus
3840 652 3936 691 cou-

2388 696 2580 753 versis
2626 697 2754 752 dari
2807 696 3025 769 debere
3060 700 3937 769 peccatorumremissionem,hoc

2390 769 2703 845 praecepit:
2730 768 2955 840 quippe
2980 784 3116 822 cum
3141 767 3370 845 dixerit,
3403 767 3937 845 Nolo_mortempeccato.

2388 842 2491 918 fis,
2527 846 2737 895 tantum
2764 848 2837 918 ιιιΔ
2854 845 3199 895 convertatur
3214 846 3272 918 et
3290 841 3430 918 vitiat
3455 841 3469 875 ¹
3496 842 3691 918 (Eucti.
3709 841 3836 911 xviii,
3858 850 3937 918 32),

2390 912 2595 983 Itaque
2622 918 2678 966 et
2706 917 2793 966 est
2814 910 3039 966 fructus
3065 912 3443 983 poenitentiae,
3468 910 3607 967 sicut
3630 914 3820 981 claruit,
3841 910 3937 974 con?

2390 984 2572 1037 versis
2597 983 2672 1060 ad
2707 984 2915 1037 Deum.
2949 983 3206 1060 Exclusa
3241 990 3328 1060 est
3358 998 3495 1051 ergo
3526 986 3791 1060 [\iovatiani
3812 990 3939 1060 impie

2390 1056 2726 1125 composita
2757 1054 3021 1115 assertio.
3049 1070 3169 1124 qua
3192 1053 3504 1125 verborum
3538 1056 3744 1111 Domini
3762 1053 3938 1117 sensum

2390 1124 2627 1180 invertit
2657 1125 2898 1197 dicens,
2949 1126 3038 1197 Ait
3086 1125 3393 1197 Dominus,
3427 1124 3525 1189 Qui
3552 1142 3623 1180 me
3650 1131 3886 1197 negaverit.
3908 1138 3941 1185 et

2388 1214 2475 1267 ego
2505 1194 2710 1267 negabo
2738 1198 2911 1267 ipsum
2943 1194 3169 1265 (Matth.
3194 1212 3253 1261 Χ,
3288 1196 3377 1267 33)
3404 1212 3416 1249 :
3453 1202 3512 1251 ut
3535 1197 3578 1251 si
3606 1194 3790 1269 aliquis
3814 1201 3942 1255 chris-

2386 1274 2585 1323 tianus
2604 1283 2991 1339 quacumque
3022 1283 3087 1323 ex
3119 1283 3305 1322 causa
3335 1270 3645 1339 negaverit,
3678 1270 3784 1339 jam
3807 1271 3940 1327 redire

2387 1355 2508 1394 non
2540 1338 2747 1410 possit,
2778 1338 3052 1394 autcerte
3082 1344 3403 1403 revertens,
3436 1338 3661 1410 minime
3682 1338 3940 1410 recipiatur.

2389 1413 2453 1465 Et
2486 1411 2584 1465 ubi
2611 1409 2719 1465 erit
2749 1410 3113 1465 demandata
3154 1409 3549 1480 poenitentia?
3577 1410 3708 1464 Cum
3746 1409 3944 1469 salvator

2389 1489 2525 1553 post
2554 1481 2760 1537 datam
2792 1481 2947 1536 hanc
2970 1482 3327 1536 sententiam
3351 1489 3651 1549 negantem
3681 1484 3942 1553 apostolum

2388 1556 2620 1624 Petrum
2676 1569 2797 1607 non
2846 1554 3170 1620 negaverit.
3205 1553 3397 1617 Quare
3446 1553 3473 1609 ?
3503 1554 3641 1617 Quia
3677 1553 3947 1624 pmnitentia

2387 1623 2787 1696 subsequente
2818 1630 3081 1678 erratum
3115 1640 3291 1679 suum
3320 1623 3692 1679 amarissime
3710 1623 3835 1679 ﬂevit
3860 1625 3939 1691 (Id.

2387 1712 2541 1761 χχιιι,
2572 1696 2684 1761 75),
2720 1696 2912 1750 sciens
2945 1696 3146 1767 utique
3176 1696 3481 1767 conversis
3504 1697 3728 1763 ignosci,
3749 1701 3795 1750 et
3815 1696 3945 1750 refor-

2386 1768 2536 1821 mari
2568 1782 2671 1821 eos
2710 1782 2814 1838 per
2845 1764 3277 1837 pceniténtiam.
3324 1764 3440 1821 Sed
3472 1769 3799 1822 Novatianus
3827 1768 3947 1838 tingit

2385 1839 2679 1907 agendam
2697 1839 3126 1908 pcenitentiam.
3152 1838 3300 1903 Quia
3317 1839 3473 1892 enim
3497 1844 3684 1909 aperte
3704 1837 3945 1909 nonaudet

2384 1924 2602 1990 negare
2633 1909 3046 1990 paenitentiam
3078 1909 3365 1990 dandam,
3392 1908 3653 1990 astriCtus
3684 1908 3948 1990 Lege,

2385 1981 2555 2035 tiliter
2584 1981 2741 2037 hanc
2764 1982 3045 2036 frustrare
3062 1980 3390 2035 contendit.
3422 1980 3659 2045 Quando
3681 1980 3943 2041 enimdicit,

2382 2052 2526 2123 quia
2546 2053 2646 2124 qui
2669 2052 2988 2123 negaverit,
3011 2052 3171 2107 nullo
3190 2051 3369 2107 modo
3394 2054 3619 2107 veniam
3636 2051 3858 2124 habebit,
3874 2050 3943 2124 sed

2384 2121 2698 2191 negabitur
2741 2121 2796 2179 et
2826 2124 2947 2195 ipse
2999 2124 3058 2178 in
3106 2122 3809 2195 conspectuiAngelorum
3860 2121 3945 2195 Dei,

2381 2195 2693 2265 quomodo
2742 2194 2863 2249 non
2909 2211 3048 2250 cum
3087 2194 3225 2249 dolo
3274 2194 3572 2265 agendam
3618 2194 3944 2265 paenitentiam

2382 2263 2736 2337 profitetur?
2761 2266 2903 2337 Hinc
2935 2272 3136 2337 autem
3165 2263 3478 2337 manifeste
3510 2263 3661 2319 fraus
3681 2264 3789 2335 ejus
3815 2279 3946 2337 appa-

2384 2334 2487 2401 ret,
2522 2354 2659 2391 cum
2691 2336 2997 2407 subjungit
3023 2336 3247 2397 dicens,
3283 2335 3609 2407 Quicumque
3636 2334 3882 2407 peccaverit
3910 2336 3945 2387 in

2380 2408 2660 2477 Spiritum
2688 2415 2949 2472 sanctum,
2982 2424 3086 2462 non
3114 2408 3427 2462 remittetur
3456 2409 3522 2473 ei,
3550 2424 3699 2479 neque
3721 2407 3809 2469 hic,
3825 2420 3947 2479 ineque

2383 2481 2443 2533 in
2467 2479 2719 2547 futurum
2753 2479 2863 2548 (Id.
2888 2480 3121 2548 1:11.32).
3157 2479 3444 2544 Quamvis
3472 2479 3582 2534 alia
3610 2478 3774 2533 eausa
3795 2478 3947 2547 sitqua

2384 2558 2697 2621 peccatum
2724 2558 2810 2605 est
2841 2552 2898 2604 in
2925 2551 3206 2620 Spiritum
3254 2556 3550 2615 sanctum,
3592 2557 3645 2604 et
3669 2549 3770 2605 alia
3791 2561 3947 2615 negare

2386 2623 2700 2677 Dominum
2714 2622 2940 2685 Jesum,
2968 2623 3323 2677 Novatianus
3338 2626 3535 2676 tamen
3552 2628 3609 2675 ut
3627 2621 3751 2675 huic
3769 2624 3946 2689 peccato

2382 2695 2620 2747 veniam
2639 2693 2910 2762 deneget,
2940 2708 3129 2747 unum
3153 2708 3401 2748 sensum
3424 2693 3545 2748 vult
3564 2708 3704 2753 esse.
3728 2698 3772 2745 et
3789 2703 3948 2758 negau-

2382 2764 2453 2818 tis
2480 2765 2825 2830 Dominum,
2848 2772 2904 2819 et
2932 2764 3236 2834 peccantis
3260 2765 3317 2817 in
3348 2764 3628 2835 Spiritum
3648 2764 3948 2835 sanctum,_ut

2380 2836 2493 2891 hac
2525 2831 3006 2907 tergiversatione
3055 2835 3315 2907 fructum
3348 2831 3615 2906 amputet
3651 2831 3944 2907 paenitentia.

2381 2907 2441 2962 Si
2469 2905 2636 2961 enim'
2660 2907 2816 2962 idem
2847 2914 2937 2962 est
2964 2921 3181 2975 negare
3210 2905 3536 2978 Dominum
3561 2906 3713 2978 quod
3741 2914 3949 2978 peccasse

2380 2978 2439 3032 in
2469 2979 2749 3049 Spiritum
2804 2974 3099 3042 sanctum,
3134 2977 3297 3049 nulla
3349 2979 3529 3033 venia
3580 2974 3849 3049 speranda
3888 2976 3947 3049 est

2379 3042 2757 3131 negantibus,
2773 3064 2968 3121 neque
2990 3049 3212 3131 fructus
3238 3048 3460 3120 aliquis
3483 3042 3833 3131 pmnitcntiie;
3849 3042 3947 3131 quis

2378 3114 2493 3175 hoc
2525 3114 3079 3192 peccatumfneque
3106 3120 3222 3183 hic,
3257 3114 3457 3192 neque
3485 3114 3543 3175 in
3577 3120 3756 3175 futuro
3795 3114 3949 3192 remitti

2378 3188 2683 3247 dominica
2712 3192 2953 3247 oracula
2975 3188 3403 3262 promiserunt
3434 3192 3576 3247 Hinc
3602 3205 3731 3260 ergo
3746 3188 3946 3262 appsrel,

2378 3265 2771 3319 Novatianum
2805 3279 2943 3318 cum
2976 3257 3127 3317 'dolo
3157 3263 3353 3318 dicere
3405 3257 3695 3332 agendam
3731 3257 3947 3332 patuitenj

2378 3336 2543 3398 tiam,
2594 3334 2813 3404 thuid
2845 3336 3000 3388 enim
3034 3335 3364 3404 pmniteret,
3410 3328 3744 3404 si'delictum'
3787 3328 3948 3404 aboleri

2378 3414 2629 3485 negat-ur
2650 3401 3218 3485 YPmnitentiaeenim
3250 3406 3533 3485 gemitus,
3548 3403 3706 3485 ﬂetus
3720 3410 3767 3457 et
3786 3401 3947 3485 iames-

2383 3467 2522 3531 tatio
2553 3477 2667 3531 hoc
2705 3477 2977 3549 acquirit,
3014 3481 3073 3531 ut
3105 3481 3161 3531 et
3184 3467 3419 3549 veniam
3457 3467 3734 3532 mereatur
3760 3478 3806 3527 et
3826 3467 3950 3549 sclor-

2382 3549 2727 3603 mationein.
2774 3540 3039 3618 Denique
3084 3548 3261 3603 David
3316 3550 3615 3618 paenitens
3642 3553 3690 3618 et
3732 3540 3947 3618 conﬁtcgs

2380 3626 2691 3689 peccatum
2723 3608 3007 3685 suum,'et
3038 3620 3272 3674 veniam
3293 3608 3512 3678 meruit
3542 3620 3605 3686 (ll
3640 3617 3857 3689 Reg._xn,
3877 3608 3946 3673 l3),

2380 3687 2437 3746 et
2464 3690 2540 3745 ad
2590 3690 2905 3761 pristinum
2938 3696 3157 3745 statum
3193 3690 3463 3747 redditus
3514 3696 3599 3745 est
3632 3705 3644 3753 ;
3675 3687 3946 3761 quiacti‘gx

2380 3749 2729 3833 permansit,
2784 3768 2839 3816 et
2881 3768 3092 3833 postea
3141 3762 3541 3833 prophetavit.
3592 3749 3745 3833 Quod
3782 3749 3947 3827 liquido

2379 3828 2705 3905 probatur:
2745 3834 2804 3887 in
2845 3828 3345 3904 quinquagesimo
3380 3834 3555 3905 enim,
3582 3828 3787 3903 psalmo
3812 3835 3945 3897 ptem-

2381 3904 2510 3969 tuit,
2564 3909 2621 3959 et
2666 3909 2874 3975 postea
2915 3906 3394 3975 persecutionem
3428 3921 3465 3959 a
3504 3904 3622 3959 tilio
3663 3914 3763 3975 su_o_
3792 3906 3945 3973 ρᾶξευε

2379 3970 2775 4047 propheta—vit.
2803 3970 3028 4048 Tertius
3050 3977 3206 4031 enim
3234 3975 3512 4048 psalmus
3535 3976 3693 4045 juxta
3716 3970 3945 4048 historiaui

2380 4042 2515 4118 post
2544 4046 3119 4118 quinquagesimum
3178 4042 3283 4101 est.
3328 4047 3447 4102 Sed
3479 4042 3621 4103 forte
3653 4042 3761 4118 regi
3786 4042 3947 4118 ignosci

2380 4114 2658 4189 oportuit,
2688 4114 3019 4173 humilibus
3047 4119 3493 4185 autemignosci
3520 4132 3635 4173 non
3658 4114 3807 4189 debet
3824 4117 3946 4189 aqum

2382 4176 2573 4261 magis
2593 4176 3024 4260 potentioribus
3042 4176 3351 4261 difﬁcilius
3372 4185 3783 4261 ignoscendum
3806 4176 3945 4261 vidca:

2381 4250 2517 4316 tur?
2561 4250 2714 4316 Deus
2764 4260 2923 4315 enim
2955 4275 3277 4330 personam
3344 4250 3611 4316 hominis
3652 4271 3757 4330 non
3799 4250 3947 4330 accitftl

2381 4332 2553 4404 (Rom.
2591 4348 2658 4404 ιι,
2706 4332 2813 4404 ll).
2848 4322 3083 4397 Quanto
3121 4332 3281 4387 enim
3312 4332 3454 4404 quis
3484 4328 3791 4386 sublimior,
3823 4322 3945 4404 lanio

2381 4400 2591 4473 magis,
2622 4400 3246 4474 licetlevepeccatum
3278 4400 3432 4474 ejus,
3468 4417 3642 4472 grave
3664 4400 3943 4474 estcrimett-

2383 4472 2539 4529 Sicut
2568 4474 2729 4529 enim
2757 4472 3063 4529 humilitas
3098 4474 3157 4529 in
3179 4472 3417 4545 potente
3438 4472 3709 4545 sublimis
3723 4473 3767 4522 et
3784 4472 3945 4545 mag“?

2380 4545 2494 4600 {ica
2525 4553 2644 4609 est;
2674 4546 2751 4601 ita
2778 4546 3031 4614 etculpa
3057 4534 3319 4614 ejus-pro
3346 4545 3595 4600 crimine
3622 4534 3940 4614 habendaest:

2382 4608 2651 4689 Exceptis
2683 4618 2841 4672 enim
2878 4608 3318 4689 peccatis,quae
3353 4608 3943 4689 constatomnibiisesfe

2380 4681 2599 4752 illicita,
2632 4704 2751 4743 non
2769 4681 2975 4743 omnia
3002 4688 3177 4743 licent
3197 4681 3560 4758 potentibus,
3583 4699 3709 4758 quas
3727 4681 3839 4734 sunt
3854 4683 3943 4758 cel}:

2380 4775 2555 4814 cessa
2576 4758 2925 4815 humilibus.
2946 4752 3255 4825 Dignitatis
3273 4759 3464 4814 'enim
3496 4752 3710 4813 homini
3732 4752 3941 4825 negpllfl“

2380 4829 2653 4885 deforme
2684 4836 2791 4894 est,
2824 4837 2879 4885 et
2909 4823 3198 4901 popinam
3231 4830 3465 4901 ingredi
3499 4825 3744 4901 notabile
3773 4823 3855 4898 esi-
3877 4823 3943 4901 ξεῖ

2380 4884 2960 4971 natoribusquoque
2992 4884 3161 4957 fenus
3189 4884 3572 4956 infaumiaest.
3607 4899 3657 4954 Si
3676 4907 3798 4963 erg0
3819 4891 3863 4969 βο

2381 4971 2609 5027 levibus
2675 4964 2896 5027 inventi
2937 4973 3183 5028 notandi
3240 4979 3396 5037 sunt,
3439 4975 3661 5042 quanto
3698 4964 3852 5029 [nailis
3889 4964 3940 5042 Ψ

2378 5042 2773 5115 constituendi
2792 5044 3004 5108 sunt,si
3020 5042 3430 5115 peccaverint?
3443 5042 3669 5115 Perhoc
3683 5042 3941 5115 ergo‘aPPf;

2380 5121 2467 5169 ret
2495 5114 2681 5187 David
2724 5102 3077 5183 gravissime
3108 5131 3411 5187 peccasse,
3449 5120 3503 5187 et
3533 5102 3763 5187 quidem

2382 5185 2561 5241 modo
2587 5205 2598 5244 :
2629 5172 2955 5242 convversus
2995 5172 3217 5251 tanien,
3252 5193 3308 5242 et
3336 5172 3638 5241 homicidii
3667 5191 3717 5237 et
3744 5172 3941 5251 ad“???

2382 5240 2615 5330 veniam
2640 5240 2999 5330 consecutus
3017 5240 3123 5323 est,
3144 5240 3942 5330 etlquoidiestampliushdeihf‘fs

2378 5328 2735 5384 reformatus
2762 5335 2866 5383 est.
2917 5329 3064 5385 Cum
3098 5318 3259 5385 enim
3288 5346 3323 5384 a
3356 5318 3645 5399 propheta
3671 5318 3939 5399 Nam???

2379 5408 2675 5471 gueretur,
2706 5406 3017 5471 peccatum
3050 5402 3238 5456 celare
3264 5385 3384 5455 non
3419 5385 3600 5471 ausus
3625 5400 3717 5453 est.
3741 5385 3942 5471 εθόξίζιξς

2378 5448 2568 5526 fessus
2600 5448 2688 5526 est
2710 5448 2941 5537 rdicens,
2969 5473 3188 5528 Peccavi
3210 5448 3476 5527 vDomino.
3507 5470 3662 5523 Tunc
3704 5448 3941 5529 respoﬁdil

2440 5571 2455 5601 ¹
2484 5569 2541 5617 In
2574 5569 2609 5617 Β
2645 5584 2657 5617 :
2697 5567 2957 5629 Quantum
2988 5575 3045 5617 ut
3077 5573 3408 5618 convertatur
3441 5572 3486 5616 et
3517 5566 3672 5629 uiuat.
3711 5553 3939 5608 ιρι)ϋοοω

2378 5630 2461 5680 Er.
2498 5631 2669 5694 Ludg.
2707 5627 2838 5694 Yen.
2878 5633 3004 5681 Lov.
3043 5632 3211 5681 secuti
3240 5644 3453 5684 sumus.
3525 5627 3591 5677 Μ.

2438 5694 2458 5725 ³
2490 5693 2592 5750 Ms.
2625 5692 2883 5752 Colbert.,
2917 5694 3189 5758 diguitosa.
