4158 6204
232 184 377 248 2309

228 317 531 388 propheta
568 320 623 372 et
644 315 807 379 dixit,
834 312 1081 388 Abstulit
1122 312 1385 388 Dominus
1406 321 1679 387 peccatum
1710 323 1884 388 tuum,

229 396 281 442 et
305 405 411 442 non
436 389 719 452 morieris,
754 387 1003 457 quoniam
1024 387 1353 457 ptenituisti.
1392 390 1453 442 Et
1482 388 1624 458 quia
1662 387 1886 445 inveni-

230 463 330 513 tur
362 464 574 529 postea
606 461 1011 529 prophetasse,
1045 458 1299 514 dubium
1332 474 1451 514 non
1479 468 1567 513 est
1606 460 1766 514 hunc
1799 475 1888 514 re-

225 530 489 586 formatu
502 547 555 583 m
568 573 577 583 .
589 532 731 602 Nam
747 534 802 582 et
815 529 1019 602 Achab
1033 536 1339 602 correptus
1354 546 1389 585 a
1406 531 1698 602 propheta
1710 546 1888 602 prop-

226 608 316 658 ter
340 606 594 655 mortem
624 600 894 655 Nabuthe
920 601 1043 671 ibat
1075 600 1340 671 plorans,
1371 600 1428 656 et
1454 600 1886 657 conscidi’tve's-

223 675 474 728 timenta
515 687 643 736 sua,
672 678 727 723 et
756 670 1162 740 praecinxitse
1193 673 1402 737 cilicio,
1445 677 1502 726 et
1534 672 1756 727 factum
1800 677 1889 728 est

224 746 468 798 verbum
507 744 741 796 Domini
765 743 823 796 in
858 759 1039 796 manu
1069 745 1220 797 servi
1247 744 1375 812 ejus
1396 744 1532 797 Elim
1556 744 1629 797 de
1656 744 1883 807 Achab,

222 821 280 869 et
312 815 460 868 dixit
493 814 779 884 Dominus
804 831 820 866 :
844 813 1090 876 Audisti,
1122 830 1373 884 quoniam
1412 822 1588 869 motus
1612 814 1886 869 estAchab

220 903 257 940 α
282 886 423 955 facie
454 901 568 939 mea
590 883 618 937 ’ΞΡ
645 901 750 937 non
792 885 1053 957 inducam
1076 886 1124 938 ei
1165 886 1308 940 mala
1339 888 1397 939 in
1426 886 1611 940 diebus
1637 888 1751 957 ejus
1790 885 1885 956 (IIl

222 957 357 1028 Reg.
410 972 529 1019 χχι,
564 957 771 1025 27-29).
826 956 891 1010 Et
927 956 1196 1010 Ninivitis
1228 962 1473 1028 peccata
1504 956 1883 1019 deﬂentibus,

221 1028 577 1083 imminente
621 1033 808 1081 morte
856 1034 1127 1099 reparata
1160 1034 1247 1081 est
1279 1028 1397 1082 vita
1428 1028 1603 1099 (Jonas
1644 1044 1724 1093 ιιι,
1767 1031 1876 1097 t0).

223 1101 371 1154 Ecce
416 1105 681 1171 quantus
735 1099 1038 1171 prgfectus
1069 1104 1156 1153 est
1187 1099 1568 1169 paenitentiae.
1600 1101 1713 1171 Sed
1742 1100 1885 1171 forte

220 1167 461 1225 dicatur
486 1186 516 1223 e
548 1167 791 1240 contra,
810 1167 1108 1224 Concessa
1124 1167 1365 1240 quidem
1395 1175 1504 1235 est,
1526 1170 1631 1224 sed
1665 1187 1782 1225 non
1810 1170 1884 1225 de

222 1242 473 1296 crimine
497 1238 848 1294 idololatriae
865 1256 887 1311 :7
904 1238 1182 1311 quamvis
1196 1242 1355 1296 enim
1376 1242 1499 1297 haec
1513 1244 1719 1309 gravia
1746 1242 1881 1305 sint,

222 1313 425 1383 majus
458 1317 547 1366 est
578 1315 778 1365 tamen
813 1310 1039 1383 crimen
1080 1311 1451 1367 idololatriae.
1485 1316 1653 1367 Recte
1684 1320 1884 1366 tamen

220 1382 471 1455 explosa
500 1386 589 1455 est
618 1397 737 1437 non
767 1398 833 1455 ex
883 1382 1121 1437 modica
1152 1391 1318 1453 parte
1350 1384 1665 1438 Novatiani
1696 1399 1883 1438 asser-

222 1454 326 1518 tio,
361 1470 483 1525 qua
507 1454 912 1525 duorcrimina
952 1456 1153 1522 gravia
1204 1470 1493 1509 concessa
1525 1455 1883 1525 paenitentiae

219 1524 515 1581 videntur.
550 1524 699 1588 Quia
739 1524 797 1596 si
833 1525 1209 1580 fornicationi
1265 1528 1486 1596 ignosci
1515 1524 1631 1579 non
1682 1526 1882 1591 debet,

221 1599 381 1651 sicut
406 1596 725 1668 Novatiano
750 1595 1002 1668 videtur,
1033 1603 1257 1668 quanto
1295 1595 1498 1667 magis
1536 1598 1881 1662 homicidio,

219 1676 328 1724 aut
342 1668 626 1722 adulterio
640 1667 667 1722 ?
681 1666 796 1740 S_ed
815 1668 952 1721 hinc
967 1666 1195 1722 vanitas
1213 1669 1336 1738 ejus
1350 1666 1614 1740 apparet,
1637 1669 1885 1739 quando

220 1740 352 1794 haec
382 1755 514 1809 quae
546 1738 1009 1810 graviorasuut,
1032 1755 1318 1794 concessa
1348 1738 1679 1810 probantur
1705 1755 1885 1809 :qua-

218 1811 495 1891 mobrem
524 1825 701 1870 nunc,
733 1825 809 1889 an
834 1809 1159 1891 idololatris
1182 1809 1438 1891 goncedi
1462 1826 1638 1891 posse
1666 1814 1887 1891 promi-

217 1881 361 1936 serit
392 1884 560 1944 Deus,
594 1881 1017 1953 requirendum
1043 1888 1149 1935 est.
1176 1883 1365 1953 Omne
1385 1881 1544 1936 enim
1569 1882 1732 1953 quod
1750 1882 1884 1951 jure

217 1953 316 2007 hic
344 1968 692 2008 concessum
726 1966 845 2006 non
876 1951 1068 2016 fuerit,
1118 1968 1227 2006 nec
1255 1954 1314 2007 in
1348 1951 1615 2007 futurum
1672 1953 1887 2023 poterit

213 2023 489 2079 concedi.
530 2022 628 2077 Hic
660 2023 841 2087 enim,
875 2023 1025 2077 sicut
1057 2023 1204 2078 dixit
1230 2023 1531 2085 Dominus,
1567 2022 1884 2092 aut’ligan-

216 2100 335 2158 tur,
357 2100 459 2149 aut
476 2095 787 2148 solvuntur
809 2099 1052 2163 peccata
1070 2095 1295 2161 (Matth.
1315 2112 1434 2159 xvn,
1467 2096 1550 2164 t9)
1574 2095 1658 2163 ;in
1686 2095 1885 2149 futuro

219 2173 424 2221 autem
446 2165 593 2219 nihil
608 2164 768 2218 aliud
784 2167 912 2229 erit,
938 2165 1047 2220 nisi
1065 2167 1465 2221 remuneratio
1479 2171 1584 2221 aut
1604 2167 1886 2220 condem-

222 2238 417 2292 natio.
447 2235 651 2290 Omnis
673 2235 831 2291 enim
851 2237 950 2307 qui
975 2237 1066 2291 hic
1088 2237 1219 2305 jure
1240 2238 1614 2308 reprobatur,
1640 2253 1756 2291 non
1779 2252 1887 2307 po-

213 2310 356 2364 terit
386 2308 546 2373 eligi,
584 2312 685 2361 aut
712 2308 932 2376 dignus
976 2308 1036 2361 in
1067 2307 1330 2362 futurum
1361 2308 1637 2377 judicari.
1673 2308 1885 2362 Audia-

218 2396 357 2434 mus
406 2379 585 2446 igitur
614 2394 752 2449 quae
808 2378 968 2433 dicat
1000 2379 1285 2432 Dominus
1339 2380 1413 2433 de
1444 2380 1774 2433 idololatris
1805 2379 1881 2433 ad

212 2452 538 2506 Jeremiam
570 2450 922 2522 prophetam
944 2466 955 2503 :
974 2450 1152 2522 (Vade,
1170 2457 1216 2503 et
1230 2450 1337 2515 dic,
1360 2451 1571 2522 inquit,
1602 2451 1884 2522 Revertere

212 2522 289 2577 ad
316 2538 416 2585 me,
444 2523 793 2575 commoratio
816 2521 1155 2583 Israel,dicit
1176 2521 1463 2584 Dominus,
1479 2530 1526 2575 et
1546 2538 1649 2575 non
1660 2521 1885 2591 ﬁrmabo

209 2594 414 2663 faciem
446 2609 612 2646 meam
665 2594 726 2645 in
756 2608 843 2645 vos
888 2610 904 2645 :
947 2593 1078 2661 quia
1106 2593 1414 2647 misericors
1444 2610 1538 2664 ego
1578 2610 1716 2659 sum,
1749 2593 1883 2647 dicit

214 2664 505 2723 Dominus,
539 2671 587 2717 et
624 2680 729 2717 non
759 2664 971 2717 irascar
1004 2664 1146 2717 vobis
1176 2664 1234 2717 in
1268 2663 1883 2720 wvum.'Verumtamen

211 2752 460 2805 cognosce
486 2734 739 2788 delictum
768 2742 959 2789 tuum:
996 2735 1167 2806 impie
1191 2736 1370 2806 egisti,
1412 2742 1461 2789 et
1489 2736 1721 2805 posuisti
1768 2736 1882 2789 vias

215 2813 340 2863 tuas
363 2808 421 2860 in
452 2806 656 2859 alienos
680 2805 864 2860 subtus
894 2822 1044 2859 omne
1067 2805 1270 2875 lignum
1298 2823 1625 2861 nemorosum
1658 2806 1879 2877 (Jerem.

214 2896 299 2939 ιιι,
330 2881 420 2941 12,
458 2878 567 2946 13).
604 2877 745 2931 Ecce
772 2877 917 2947 quid
948 2878 1241 2947 promittit
1274 2879 1355 2932 eis
1381 2881 1554 2944 Deus,
1614 2879 1714 2949 qui
1749 2882 1884 2947 post

211 2950 460 3020 lapsum
488 2949 564 3004 ad
594 2964 655 3020 se
679 2954 1124 3013 convertuntur,
1159 2954 1221 3003 ut
1246 2954 1376 3018 post
1399 2949 1767 3020 apostasiam
1798 2964 1883 3003 re-

212 3019 439 3087 gressis
487 3019 749 3074 remittat
782 3026 1044 3089 peccata.
1082 3022 1145 3073 Et
1176 3020 1387 3073 iterum
1421 3019 1564 3074 dicit
1598 3023 1747 3074 Deus
1778 3035 1883 3088 per

210 3091 540 3146 Jeremiam
569 3106 581 3145 :
614 3089 855 3144 Delicati
903 3091 1006 3145 mei
1028 3089 1440 3145 ambulaverunt
1482 3095 1600 3145 vias
1641 3106 1879 3159 asperas,

213 3163 370 3217 ducti
379 3170 509 3216 sunt
526 3168 583 3215 ut
596 3178 730 3231 gres:
748 3162 994 3231 direptus
1010 3161 1075 3215 ab
1090 3162 1349 3215 inimicis.
1374 3161 1686 3215 Constantes
1698 3168 1878 3224 estote,

222 3234 355 3305 filii,
382 3240 429 3287 et
451 3234 776 3305 proclamate
814 3232 885 3286 ad
915 3235 1101 3297 Deum,
1135 3234 1241 3286 erit
1262 3239 1438 3287 vestra
1483 3234 1543 3287 in
1568 3232 1883 3305 abductione

224 3304 509 3361 memoria.
561 3304 703 3359 Nam
747 3305 887 3359 sicut
916 3304 1030 3371 fuit
1062 3319 1209 3360 mens
1258 3312 1433 3358 vestra
1460 3312 1519 3358 ut
1548 3304 1811 3357 erraretis
1849 3320 1884 3357 a

228 3378 366 3440 Deo,
418 3376 767 3445 duplicabitis
822 3375 991 3429 decies
1035 3379 1246 3429 tantum
1284 3376 1538 3438 conversi,
1586 3381 1883 3445 quaerentes

226 3465 367 3503 eum.
401 3447 508 3511 Qui
533 3448 673 3501 enim
688 3447 913 3501 induxit
938 3448 993 3500 in
1020 3463 1106 3499 vos
1126 3446 1289 3511 mala,
1315 3448 1527 3501 inducet
1554 3447 1610 3499 in
1628 3463 1713 3500 vos
1728 3453 1885 3501 atter-

226 3536 353 3574 nam
371 3517 772 3588 jucunditatem
802 3534 920 3589 cum
949 3518 1134 3575 Salute
1159 3525 1336 3572 vestra
1366 3518 1628 3589 (Baruch.
1670 3534 1750 3576 1v,
1781 3521 1881 3571 26-

227 3591 342 3662 29).
365 3593 407 3645 Ο
432 3589 866 3662 clementiaDei
886 3588 898 3644 Ι
915 3588 1431 3662 quemadmodum
1452 3590 1652 3660 lapsos
1678 3604 1884 3659 provo-

224 3660 322 3718 cat
346 3667 404 3716 ut
418 3676 478 3715 se
500 3662 730 3729 erigant
749 3661 760 3715 t
781 3661 1088 3731 quomodo
1107 3660 1374 3731 hortatur
1390 3666 1601 3731 utpost
1622 3675 1882 3714 errorem

224 3732 527 3788 idolorum
575 3730 946 3787 revertantur
971 3732 1048 3786 ad
1081 3748 1217 3786 eum
1251 3730 1262 3785 l
1305 3730 1479 3801 quasi
1509 3736 1677 3800 pater
1708 3731 1882 3801 bene-

224 3804 419 3867 volus,
454 3802 591 3857 ﬁliis
621 3803 743 3857 suis
765 3802 1205 3872 jucunditatem
1236 3800 1560 3872 perennem
1595 3800 1886 3871 promittit

227 3875 439 3930 salutis
472 3873 520 3929 si
552 3890 613 3928 se
644 3876 965 3945 corrigant.
996 3874 1139 3927 Item
1202 3872 1677 3945 apudeumdem
1734 3873 1884 3945 inter

226 3951 442 4001 cratera
468 3963 483 4000 :
507 3946 578 4000 Et
600 3942 882 3999 restituam
912 3945 1034 3999 illos
1057 3946 1113 3999 in
1139 3942 1338 3999 terram
1368 3944 1547 4005 istam,
1575 3951 1620 3997 et
1643 3942 1885 4012 resedi/i-

225 4017 356 4073 cabo
384 4033 485 4078 eos,
539 4024 586 4071 et
634 4034 740 4072 non
768 4017 1053 4071 destituam
1072 4038 1094 4085 ;
1122 4023 1170 4071 et
1208 4015 1524 4086 reptantabo
1565 4030 1669 4079 eos,
1701 4022 1750 4068 et
1780 4030 1885 4067 non

225 4088 457 4147 evellam
490 4088 707 4155 (Jerem.
742 4105 903 4154 xxxv,
933 4093 982 4142 6)
1006 4104 1022 4141 .·
1050 4093 1109 4141 ut
1134 4089 1275 4157 quia
1297 4087 1698 4142 comminatus
1725 4086 1885 4139 dixe-

226 4166 341 4223 rat,
374 4160 726 4215 Sacriticans
756 4160 889 4225 diis,
918 4156 1351 4223 eradica’bitur;
1385 4174 1455 4212 ne
1482 4162 1798 4227 peccantes
1824 4156 1886 4212 in

228 4236 414 4286 Deum
447 4231 833 4299 desperarent
858 4231 932 4284 de
966 4247 1050 4295 se,
1083 4230 1259 4299 quasi
1288 4230 1414 4297 jam
1452 4229 1553 4298 qui
1582 4228 1885 4283 sacriﬁca-

225 4308 440 4357 verant
488 4301 659 4356 idolis
713 4302 1019 4365 eradicati,
1073 4301 1394 4370 replantari
1428 4315 1548 4354 non
1590 4304 1882 4368 possent;

226 4374 503 4428 hortatur
530 4388 656 4437 eos,
679 4374 821 4443 quia
846 4374 893 4426 si
915 4373 1257 4442 paeniteant,
1279 4376 1552 4442 poterunt
1572 4372 1644 4425 ad
1663 4376 1884 4424 statum

231 4460 409 4499 suum
442 4444 757 4513 pristinum
771 4443 1099 4498 reformari.
1118 4444 1415 4498 Sententia
1428 4446 1586 4496 enim
1609 4448 1747 4495 tunc
1765 4457 1887 4495 ma-

227 4521 351 4579 net,
385 4512 583 4569 si’non
617 4515 966 4570 emendetur
996 4514 1299 4569 delictum.
1332 4513 1594 4584 Denique
1627 4512 1886 4567 Ninivitis

226 4586 623 4659 praedicatum
656 4593 762 4650 est,
790 4588 933 4657 quia
965 4591 1097 4656 post
1119 4585 1401 4659 triduum,
1427 4590 1782 4659 everteretur
1808 4586 1884 4637 ci-

228 4657 384 4713 vitas
415 4673 643 4713 eorum.
676 4659 867 4722 Quare
900 4665 1034 4728 post
1062 4657 1349 4721 triduum,
1399 4657 1597 4710 nisiut
1635 4662 1735 4709 aut
1765 4672 1887 4725 pce-

225 4730 502 4792 niterent,
533 4738 587 4783 et
612 4730 940 4784 auferretur
971 4728 1267 4783 sententia
1293 4745 1305 4793 ;
1340 4731 1443 4782 alit
1464 4728 1521 4781 in
1544 4743 1615 4781 eo
1645 4743 1884 4798 perma-

226 4805 460 4863 nentes,
499 4800 716 4869 justius
746 4798 1114 4870 deperirent‘?
1146 4802 1263 4854 Hoc
1291 4798 1560 4870 estquod
1604 4798 1751 4852 dixit
1783 4814 1887 4867 per

226 4871 609 4943 prophetam,
640 4872 790 4943 Nolo
810 4877 1033 4924 mortem
1055 4872 1358 4933 morientis,
1392 4876 1602 4923 tantum
1628 4875 1687 4923 ut
1711 4885 1886 4923 rever-

225 4942 386 4998 tatur
411 4949 458 4997 et
472 4943 637 4997 vivat.
657 4944 740 4997 Ita
756 4942 972 4997 factum
989 4946 1161 4996 estut
1184 4943 1481 4996 morituris
1505 4946 1883 5010 peccatorum

225 5029 413 5070 causa
428 5013 713 5072 Ninivitis,
734 5014 1137 5082 ignosceretur
1159 5014 1416 5078 pmniten
1428 5012 1503 5065 tia
1517 5011 1883 5081 subsequen-

226 5091 299 5142 te.
328 5084 547 5156 thuid
573 5085 733 5139 enim
752 5090 990 5139 centum
1019 5086 1193 5140 annis
1218 5084 1330 5138 sub
1359 5083 1478 5156 Noe
1501 5098 1699 5156 arcam
1729 5084 1885 5156 inve-

224 5153 438 5212 nimus
459 5156 810 5211 fabricatam
837 5156 995 5225 (Gen.
1031 5172 1084 5220 v,
1110 5156 1205 5225 3t;
1241 5171 1339 5220 vn,
1369 5155 1445 5224 6),
1470 5154 1578 5207 nisi
1606 5160 1664 5206 ut
1691 5153 1882 5225 viden;

229 5234 313 5283 tes
362 5232 422 5281 et
447 5227 755 5281 audientes
785 5223 931 5298 quid
980 5223 1315 5282 immineret
1346 5223 1742 5298 emendarent
1764 5240 1833 5298 se
1855 5223 1884 5278 ?

226 5299 534 5355 Neminem
567 5300 725 5353 enim
758 5294 907 5353 Deus
938 5299 1064 5353 vult
1089 5298 1297 5369 perire.
1338 5299 1477 5369 Hinc
1504 5302 1597 5369 est
1625 5294 1782 5369 unde
1822 5295 1879 5369 in

232 5370 553 5426 Salomone
575 5369 849 5439 legimus,
883 5366 1171 5434 Quoniam,
1200 5369 1407 5439 inquit,
1442 5366 1759 5420 Altissimus
1780 5368 1883 5439 mii-

224 5447 401 5496 sertus
429 5448 505 5495 est
529 5438 920 5511 paenitentibus
948 5442 1147 5509 (Eccli.
1190 5438 1297 5504 xu,
1323 5442 1397 5503 3).
1433 5441 1495 5511 Et
1522 5438 1756 5511 iterum.
1780 5438 1887 5491 Mi-

225 5513 427 5567 sereris
450 5515 711 5577 omnium,
731 5514 859 5583 quia
888 5513 1070 5566 omnia
1094 5518 1253 5583 potes,
1273 5515 1321 5565 et
1345 5510 1658 5583 dissimulas
1670 5516 1884 5578 peccata

230 5583 506 5638 hominum
531 5582 752 5654 propter
765 5584 1128 5654 penitentiam
1148 5582 1294 5652 (Sap.
1318 5597 1405 5654 χιζ
1426 5582 1539 5654 24).
1564 5582 1679 5635 Hoc
1703 5596 1881 5654 sensu

228 5660 284 5709 et
316 5650 600 5710 Dominus
613 5650 823 5710 dolens
836 5670 1015 5726 super
1040 5650 1353 5726 perﬁdiam
1376 5651 1741 5726 Judaaorum,
1759 5650 1879 5706 ait:

232 5726 555 5795 Jerusalem,
608 5723 934 5795 Jerusalem,
990 5723 1108 5797 qua:
1156 5723 1421 5796 interﬁcis
1459 5723 1784 5794 Prophetas,
1829 5728 1880 5778 et

1747 185 2129 248 APPENDIX.

3518 202 3658 257 2310

1997 316 2206 387 lapidas
2221 317 2417 393 missos
2428 319 2497 373 ad
2522 325 2607 393 te;
2627 321 2832 390 quoties
2850 319 3003 376 volui
3014 336 3335 393 congregare
3349 322 3491 393 ﬁlios
3511 331 3647 389 tuos,

1995 390 2448 459 quemadmodum
2495 391 2705 460 gallina
2732 400 3013 463 congregat
3040 390 3223 501 pullos
3253 390 3371 448 suos
3398 395 3493 449 sub
3543 397 3650 451 alis

1995 462 2105 501 uti:
2162 468 2212 501 at
2239 462 2467 501 inn/uicis.
2498 463 2693 501 anHh
2749 479 2888 501 τιοιιι
2934 465 3021 501 2⁸7)
3088 465 3522 501 loitlincnmnnn
3543 470 3647 501 Dn-

1994 462 2126 537 suis,
2162 468 2212 515 et
2239 462 2467 517 noluisti
2498 463 2713 533 (Matth.
2747 462 3055 531 xxm,37)i
3088 465 3267 537 Igitur
3285 482 3522 537 semper
3542 470 3648 522 Do-

1995 535 2193 605 minus
2220 549 2325 604 per
2356 540 2536 589 totam
2574 537 2783 605 Legem
2816 541 3155 604 peccatores
3187 536 3263 590 ad
3297 552 3358 590 se
3388 535 3646 593 cbnverti

1993 602 2282 675 hortatur,
2308 605 2515 659 nolens
2541 602 2695 675 opu's
2740 602 2917 659 suum
2950 605 3269 675 perditioni
3303 623 3434 662 esse
3462 608 3649 664 obno-

1993 674 2160 728 xium
2194 691 2207 739 ;
2241 691 2380 731 cum
2414 691 2521 730 nec
2547 674 2661 730 alia
2688 692 2869 730 causa
2895 674 3047 731 datae
3067 677 3234 746 Legis
3260 684 3431 743 esset,
3458 694 3647 746 quam

1994 749 2058 800 ut
2104 762 2171 799 ex
2205 762 2401 802 errore
2435 748 2706 802 homines
2736 754 3159 802 convertantur
3183 748 3260 802 ad
3288 752 3594 805 veritatem
3628 765 3643 804 :

1994 815 2075 871 ita
2107 820 2326 883 tamen,
2353 825 2415 872 ut
2448 820 2505 872 in
2531 817 2693 872 Novo
2713 821 3087 873 Testamento
3115 825 3321 874 auctor
3348 820 3515 889 Legis
3538 821 3649 876 cle-

1996 888 2249 961 mentior
2280 889 2573 953 videatur,
2601 890 2743 961 quia
2766 895 3031 959 tempore
3057 906 3179 961 quo
3201 888 3645 947 sacramentum

1994 958 2239 1032 Filiisui
2276 960 2504 1015 Domini
2560 958 2743 1015 nostri
2788 958 3171 1016 manifestare
3211 961 3491 1030 dignatus
3539 969 3645 1032 est,

1990 1029 2213 1099 largior
2260 1036 2317 1086 et
2365 1032 2602 1085 uberior
2634 1033 2691 1085 in
2749 1032 3155 1087 misericordia
3186 1029 3314 1086 esse
3348 1033 3549 1099 voluit,
3586 1029 3649 1090 ut

1993 1101 2363 1175 plus_gratite
2417 1102 2771 1173 praedicante
2804 1103 2943 1175 Filio
2990 1108 3164 1175 esset,
3219 1118 3403 1175 quam
3457 1104 3649 1160 fuerat

1994 1170 2459 1241 praedicantibus
2488 1175 2697 1227 servis.
2734 1176 2847 1229 Nec
2877 1174 3210 1229 immerito:
3237 1170 3328 1228 sic
3359 1175 3519 1230 enim
3542 1176 3648 1233 fuit

1992 1242 2241 1316 dignum
2273 1249 2333 1297 ut
2356 1243 2600 1316 (majora
2618 1243 2780 1298 dona
2812 1245 3176 1316 periFilium,
3206 1260 3393 1316 quam
3423 1261 3529 1316 per
3566 1246 3648 1302 fa-

1995 1314 2189 1367 mulos
2218 1314 2543 1385 largiretur.
2579 1314 2840 1384 Denique
2875 1315 2953 1370 ad
2982 1332 3044 1370 se
3076 1314 3383 1371 conversis
3405 1314 3646 1373 creden-

1995 1385 2151 1438 tibus
2181 1390 2385 1440 omnia
2416 1385 2596 1439 simul
2624 1392 2868 1453 peceata
2891 1386 3177 1449 concedit,
3199 1387 3363 1442 nulla
3394 1387 3648 1443 interve-

1993 1455 2188 1509 niente
2218 1456 2642 1511 lamentatione
2673 1457 3050 1526 poenitentiae.
3084 1457 3248 1512 Unde
3270 1458 3409 1512 dicit
3436 1459 3648 1513 Paulus

1993 1528 2321 1595 apostolus,
2351 1527 2476 1583 Sine
2502 1528 2821 1598 paenitentia
2849 1529 2989 1582 enim
3019 1535 3144 1581 sunt
3184 1528 3323 1581 dona
3372 1535 3418 1583 et
3446 1534 3649 1585 vacatio

1993 1598 2093 1651 Dei
2126 1600 2303 1667 (Rom.
2336 1615 2415 1665 x1,
2448 1603 2553 1654 29).
2599 1600 2730 1654 Post
2774 1607 2971 1654 autem
3018 1600 3065 1653 si
3103 1600 3495 1670 peccaverint,
3545 1616 3650 1670 per

1993 1672 2401 1739 paenitentiam
2432 1676 2708 1740 poterunt
2734 1672 2942 1725 mereri
2965 1672 3200 1725 veniam
3229 1686 3242 1735 ;
3272 1670 3490 1742 utquia
3516 1677 3651 1742 post

1992 1745 2300 1808 acceptam
2332 1743 2650 1809 gratuitam
2703 1742 3174 1796 misericordiam
3226 1747 3644 1811 peccaverunt,

1992 1828 2111 1866 non
2137 1812 2266 1890 jam
2297 1812 2518 1890 gratis,‘
2554 1813 2678 1890 sed.
2704 1812 3130 1890 interveniente
3161 1813 3385 1890 gemitu
3406 1812 3646 1890 _et__ﬂetu

1991 1882 2223 1953 possint
2250 1882 2326 1938 ad
2353 1882 2785 1953 indulgentiam
2815 1884 3143 1953 pervenire.
3174 1882 3539 1953 lmpossibile
3563 1890 3650 1940 est

1992 1954 2152 2025 enim
2176 1955 2401 2010 homini
2418 1961 2477 2010 ut
2491 1970 2611 2009 non
2629 1962 2846 2025 peccet.
2864 1954 3032 2008 Unde
3044 1956 3300 2009 Joannes
3317 1954 3645 2023 apostolus,

1991 2023 2051 2097 Si
2079 2024 2400 2090 dixerimus,
2430 2023 2642 2097 inquit,
2672 2026 2800 2095 quia
2817 2032 3088 2096 peccatum
3123 2042 3225 2079 non
3261 2025 3527 2097 habemus,
3554 2042 3645 2079 nos

1991 2096 2130 2166 ipsos
2146 2096 2461 2162 seducimus,
2483 2096 2531 2152 et
2544 2098 2745 2152 veritas
2765 2097 2824 2150 in
2844 2097 2993 2151 nobis
3016 2113 3117 2150 non
3130 2104 3230 2152 est.
3257 2096 3313 2150 Si
3335 2097 3649 2165 conﬁtemur

1991 2172 2207 2236 peccata
2236 2175 2442 2231 nostra,
2474 2169 2648 2238 ﬁdelis
2678 2174 2729 2222 et
2753 2170 2933 2238 justus
2985 2175 3080 2226 est.
3114 2175 3172 2222 ut
3218 2170 3461 2221 remittat
3498 2167 3647 2222 nobis

1989 2246 2221 2319 peccata,
2252 2247 2301 2293 et
2317 2241 2549 2319 inundet
2569 2257 2661 2319 nos
2679 2239 2745 2293 ab
2760 2240 2918 2319 .omni
2940 2239 3474 2319 injustitia_(lJoan.
3502 2256 3541 2304 1,
3566 2240 3641 2310 8).

1994 2311 2154 2365 Sicut
2186 2310 2370 2365 David
2406 2313 2615 2365 meruit
2643 2311 2875 2365 veniam
2900 2310 3479 2373 etreformationem,
3508 2325 3645 2365 cum

1991 2380 2368 2453 confiteretur
2416 2390 2746 2453 peccatum.
2781 2384 2944 2437 Certe
3003 2380 3348 2453 Christianis
3388 2381 3649 2453 loquitur

1988 2451 2249 2507 Joannes
2273 2450 2600 2522 apostolus.
2617 2453 2709 2507 Ait
2734 2454 2894 2507 enim
2921 2453 2974 2506 in
2992 2452 3294 2521 subjectis,
3318 2450 3644 2517 Filiolimei,

1992 2522 2101 2577 haec
2125 2523 2298 2577 scribo
2329 2523 2469 2577 vobis
2501 2531 2561 2579 ut
2585 2541 2691 2578 non
2715 2524 2937 2594 peccetis
2962 2544 2981 2580 :
3011 2531 3059 2577 et
3089 2524 3139 2577 si
3178 2525 3295 2593 quis
3320 2523 3642 2594 peccaverit,

1984 2594 2301 2649 advocatum
2331 2595 2578 2650 habemus
2606 2592 3007 2665 apudPatrem,
3028 2592 3205 2649 Jesum
3234 2592 3516 2650 Christum
3538 2592 3645 2659 (Id.

1987 2668 2278 2737 11,1).Hoc
2304 2666 2467 2733 dicit,
2497 2668 2616 2720 utsi
2642 2667 3152 2737 postBaptismnm
3174 2666 3641 2737 peccaverimus,

1990 2736 2354 2792 advocatum
2404 2737 2703 2807 supplices
2753 2736 3259 2807 dep’recemur,'ut
3303 2742 3505 2792 exoret
3535 2752 3643 2807 pro

1988 2807 2161 2863 nobis
2195 2810 2442 2863 Patrem.
2480 2808 2535 2864 Si
2561 2808 2722 2863 enim
2754 2808 2916 2879 apud
2940 2815 3170 2879 veteres
3200 2814 3434 2862 nostros
3461 2808 3647 2879 paeni-

1989 2879 2167 2934 tentia
2197 2879 2406 2935 habuit
2436 2879 2653 2942 locum,
2689 2878 2997 2949 quomodo
3024 2878 3151 2933 ﬁeri
3189 2883 3381 2949 potest
3422 2878 3487 2931 ut
3532 2878 3646 2933 hoc

1989 2956 2255 3030 tempore
2270 2951 2477 3030 .locum
2495 2967 2622 3030 non
2641 2948 2883 3030 habeat,
2903 2951 3148 3030 quando
3176 2948 3368 3030 major
3394 2948 3647 3030 clemen-

1989 3022 2068 3076 tia
2094 3020 2538 3087 praedicationis
2568 3028 2655 3075 est
2685 3021 2712 3074 ‘?
2739 3029 2793 3075 et
2829 3020 2933 3092 qui
2967 3020 3221 3075 inimicis
3252 3020 3648 3092 misertusgest

1987 3092 2265 3146 vocando
2288 3092 2419 3145 illos
2449 3092 2526 3145 ad
2559 3090 3098 3159 gratiamfamicis
3128 3092 3293 3146 factis
3325 3107 3442 3145 non
3469 3090 3647 3145 mise-

1988 3162 2213 3216 rebitur
2238 3178 2376 3216 cum
2403 3163 2672 3216 mercede
2695 3163 2723 3218 ?
2743 3161 3064 3217 Tribulatio
3082 3163 3240 3217 enim
3263 3161 3477 3225 cordis,
3497 3177 3646 3216 mer-

1987 3248 2085 3287 ces
2117 3239 2207 3287 est
2236 3233 2597 3302 pcenitentis.
2624 3232 2793 3297 Quod
2821 3235 2865 3286 si
2890 3241 3043 3286 esset
3075 3248 3300 3297 verum,
3336 3232 3602 3287 dolerent
3623 3234 3640 3267 ¹

1989 3304 2264 3358 homines
2297 3320 2367 3359 ex
2414 3304 2671 3358 inimicis
2721 3304 2903 3358 factos
2936 3320 2996 3357 se
3019 3303 3268 3357 amicos.
3306 3307 3419 3357 Aut
3448 3302 3645 3374 qualis

1988 3374 2383 3431 aestimandus
2408 3382 2533 3429 erat
2564 3375 2679 3442 ille,
2712 3376 2756 3429 si
2788 3374 3041 3429 inimicis
3074 3390 3190 3428 non
3220 3373 3646 3445 paenitentibus

1990 3447 2463 3501 misericordiam
2496 3446 2685 3511 daret,
2714 3445 2925 3500 amicis
2957 3461 3097 3500 vero
3130 3450 3185 3500 et
3216 3443 3637 3515 pcenitentibus

1990 3534 2109 3573 non
2141 3518 2350 3572 daret?
2380 3521 2660 3573 Praeterea
2681 3533 2818 3571 cum
2849 3518 2997 3571 sciat
3023 3514 3308 3571 Dominus
3332 3514 3643 3570 diabolum

1989 3593 2277 3645 adversus
2307 3592 2533 3643 amicos
2564 3595 2619 3643 et
2646 3604 2846 3643 servos
2894 3588 2990 3643 Dei
3022 3588 3159 3658 plus
3194 3586 3557 3658 seextollere
3588 3589 3645 3641 et

1990 3660 2196 3715 srevire
2226 3678 2238 3714 :
2267 3661 2422 3714 unde
2454 3660 2593 3715 dicit
2626 3663 2825 3714 Petrus
2849 3656 3188 3728 Apost—olus,
3234 3656 3463 3725 Vigilate
3495 3660 3645 3728 etsc-

1992 3732 2103 3786 brii
2114 3737 2291 3795 estote,
2307 3733 2432 3801 quia
2446 3730 2797 3785 adversarius
2809 3727 2980 3783 vester
2995 3728 3238 3801 diabolus
3252 3730 3489 3800 fremens
3500 3727 3643 3783 sicut

1991 3802 2068 3856 leo
2087 3802 2355 3865 circumit,
2383 3817 2625 3871 quaerens
2649 3817 2798 3871 quem
2828 3800 3041 3855 devoret
3070 3802 3108 3871 (Ι
3129 3800 3278 3855 Petr.
3309 3802 3433 3869 v,8)
3460 3815 3645 3871 :quo-

1990 3875 2152 3927 niam
2185 3888 2327 3943 ergo
2346 3870 2509 3927 novit
2536 3870 2820 3927 Dominus
2850 3871 3259 3943 adversarium
3284 3886 3391 3926 nos
3423 3870 3645 3943 habere

1989 3940 2357 3999 horrendum
2370 3947 2426 3997 et
2456 3943 2722 3998 validum
2746 3944 2819 4008 ;si
2843 3943 2979 3998 victi
3006 3942 3083 3998 ab
3105 3959 3175 3999 eo
3196 3940 3646 4007 fuerimus,vult

1992 4031 2103 4071 nos
2124 4014 2199 4069 ad
2227 4015 2515 4069 auxilium
2537 4031 2713 4069 suum
2729 4015 3071 4084 confugere,
3088 4014 3301 4070 dolens
3316 4014 3491 4070 elisos
3510 4028 3641 4078 nos,

1992 4092 2054 4141 ut
2084 4085 2295 4141 virtute
2327 4087 2455 4156 ejus
2483 4088 2742 4152 reparati
2778 4086 2997 4142 fortiter
3021 4084 3645 4157 repugnemus._Sicut

1991 4159 2149 4212 enim
2183 4157 2294 4211 nisi
2327 4154 2575 4213 breviati
2595 4158 2954 4214 fuerintdies
2984 4154 3265 4221 illi,_quos
3291 4154 3646 4211 dicitDomi-

1992 4244 2106 4283 nus
2137 4230 2357 4293 (Matth.
2407 4234 2709 4301 xxxv,22),
2742 4231 2907 4284 nulla
2938 4229 3037 4301 ﬁet
3067 4226 3233 4283 salva
3264 4243 3401 4280 caro
3433 4243 3447 4291 ;
3476 4226 3564 4301 ita
3590 4228 3647 4301 et

1993 4301 2038 4354 si
2062 4306 2309 4361 negetur
2340 4294 2680 4355 hominibus
2713 4300 3077 4371 poenitentia,
3108 4313 3284 4371 nemo
3304 4294 3645 4371 poteritsal-

1992 4387 2098 4446 vus
2129 4371 2273 4446 fieri.
2308 4373 2362 4426 Si
2389 4372 2547 4446 en_im
2577 4365 2746 4435 nemo,
2774 4371 2983 4446 inquit,
3017 4368 3349 4446 glqriabitur
3387 4365 3644 4446 mundum

1990 4459 2041 4496 se
2067 4442 2259 4496 habere
2290 4459 2380 4496 cor
2410 4444 2599 4506 (Prov.
2634 4458 2732 4505 xx,
2779 4442 2833 4511 9)
2859 4438 2881 4504 ξ
2914 4446 2969 4511 et
2998 4438 3161 4503 alibi,
3184 4440 3375 4511 (Nemo,
3406 4438 3505 4503 ait,
3531 4438 3644 4511 sine

1990 4513 2163 4575 sorde,
2202 4530 2295 4567 nec
2322 4514 2511 4581 infans
2542 4513 2705 4567 unius
2720 4507 2833 4565 diei
2853 4510 2973 4580 (Job
3004 4526 3118 4569 xxv,
3147 4509 3201 4575 4)
3228 4525 3240 4562 z
3275 4508 3410 4581 quis
3433 4507 3647 4581 poterit

1993 4585 2270 4647 evadere,
2306 4583 2351 4637 si
2380 4576 2728 4654 paenitentia
2756 4576 3133 4654 denegetur?
3164 4581 3228 4633 Et
3252 4576 3353 4654 ubi
3376 4576 3645 4649 estquod

1992 4656 2132 4710 dicit
2164 4650 2475 4718 Dominus,
2504 4655 2645 4723 quia
2675 4653 2935 4723 gaudium
2956 4653 3069 4707 erit
3094 4651 3153 4705 in
3192 4650 3315 4723 siglo
3351 4664 3645 4723 s_uper_uno

1992 4733 2261 4796 peccatore
2282 4720 2653 4796 paenitentiam
2671 4720 2855 4795 agente
2873 4724 3029 4796 (Luc.
3047 4739 3142 4787 xv,
3160 4720 3646 4796 '7)?_Sed_ma.jora

1993 4792 2502 4866 criminafinquit,
2559 4792 2785 4865 ignosci
2816 4792 2935 4851 ndn
2981 4792 3219 4866 debent,
3255 4792 3565 4848 fornicatio
3592 4795 3650 4848 et

1992 4868 2349 4923 idololatria.
2379 4865 2443 4923 Et
2467 4866 2567 4922 ubi
2591 4874 2675 4922 est
2701 4868 2925 4922 dictum
2952 4865 3345 4930 dominicum,
3379 4879 3647 4936 quoom-

1991 4940 2093 4994 nia
2124 4946 2365 5008 peccata
2396 4946 2452 4993 et
2482 4937 3188 5010 blasphemiaspromittit
3210 4934 3424 4991 remitti
3455 4934 3649 5010 homi-

1993 5011 2193 5068 nibus:
2223 5011 2473 5079 Spiritus
2496 5008 2677 5065 autem
2690 5009 3201 5080 sanctiblasphemia
3213 5024 3319 5062 non
3336 5008 3647 5061 remittetur

1990 5082 2295 5153 hominibus
2325 5082 2545 5153 (Matth.
2574 5087 2672 5148 xu,
2703 5082 2791 5153 3t)
2822 5082 2849 5136 ?
2881 5082 3105 5153 Omnia;
3133 5081 3369 5153 penitus
3399 5082 3647 5153 peccata

1990 5152 2132 5208 dicit
2160 5150 2587 5223 posse'remitti,
2618 5150 2865 5223 excepto
2895 5168 3031 5208 uno.
3062 5150 3227 5206 Nunc
3254 5150 3423 5218 elige,
3458 5150 3647 5223 Nova-

1992 5217 2175 5296 tiane,
2203 5225 2277 5279 de
2293 5224 2515 5296 quibus
2538 5217 2625 5279 vis
2643 5217 2866 5279 dictum
2897 5242 2909 5290 ;
2938 5223 3233 5296 de‘adhuc
3261 5217 3379 5275 non
3408 5217 3646 5296 creden-

1992 5295 2171 5359 tibus,
2202 5290 2407 5350 aut'de
2434 5296 2559 5364 jam
2602 5295 2983 5350 credentibus
3012 5292 3039 5347 ?
3071 5294 3125 5349 Si
3156 5292 3229 5346 de
3254 5306 3373 5345 non
3402 5290 3643 5345 creden-

1989 5367 2181 5433 tibus;
2215 5367 2519 5438 quomodo
2548 5366 2724 5421 datur
2757 5365 3028 5438 remissio
3060 5368 3458 5438 peccatorum,
3504 5376 3643 5416 cum

1989 5436 2463 5501 constetomnes,
2488 5444 2811 5508 antequam
2829 5436 3163 5499 credant,in
3188 5436 3371 5489 Deum
3395 5446 3642 5505 peccare

2050 5546 2066 5577 ι
2100 5545 2179 5593 Ita
2204 5544 2301 5593 Ms.
2332 5542 2555 5593 Colbert.
2580 5544 2645 5591 At
2662 5542 2959 5605 editi,post,
2978 5540 3285 5605 paenitentis,
3312 5549 3643 5605 prosequunj

1989 5609 2078 5654 tur
2107 5608 2215 5655 sic:
2243 5606 2305 5657 Si
2341 5605 2497 5673 lapsis
2525 5601 2921 5673 paenitentibus”
2962 5601 3053 5673 qui
3082 5609 3202 5653 ante
3238 5601 3452 5673 lapsum
3488 5601 3643 5673 amici

1988 5673 2215 5731 fuerant,
2248 5683 2354 5717 non
2388 5664 2750 5731 ignosceretur,
2788 5667 2922 5731 quod
2954 5664 3142 5717 dictum
3178 5671 3247 5717 est
3280 5664 3570 5717 Novattani
3597 5664 3642 5717 si

1990 5730 2116 5781 esset
2144 5745 2344 5792 verum,
2370 5730 2619 5789 dolerent,
2656 5733 2755 5781 etc.
