4140 6208
217 166 363 224 2309

211 295 483 366 peccata.
514 291 666 366 Quid
697 295 786 348 est
832 291 991 347 enim
1020 292 1461 366 poenitere,nisi
1487 294 1687 350 dolere
1713 310 1865 366 prae-

211 363 486 437 ieritatet
510 363 585 418 de
616 370 834 437 caetero
861 369 1187 435 temperare
1220 365 1297 420 ab
1326 365 1417 419 his
1444 382 1578 437 quae
1610 363 1867 423 admise-

211 437 357 492 rat?
382 436 455 507 Et
484 434 695 507 Angela
737 435 1010 507 Thiatgrae
1042 436 1300 491 Ecclesiae
1329 434 1498 491 scribe
1528 456 1547 492 :
1575 438 1704 494 ch
1731 440 1867 494 dicit

205 508 396 562 Filius
411 506 534 579 Dei,
559 508 657 577 qui
680 506 1444 579 habetoculossiculﬂammam
1473 510 1635 579 ignis,
1651 518 1699 563 et
1712 511 1865 579 pedes

204 581 323 649 ejus
349 578 554 633 similes
582 586 874 650 ammento
904 580 1139 649 Tyrino:
1158 578 1277 635 Scio
1300 578 1591 650 operatua,
1623 588 1671 635 et
1698 578 1863 636 dilec-

204 654 424 713 tionem,
461 649 771 723 etﬁdem,et
796 651 1181 717 ministerium,
1197 659 1245 706 et
1256 649 1604 722 patientiam,
1626 660 1675 707 et
1700 670 1863 723 opera

205 728 305 777 tua
324 722 616 776 novissima
646 722 873 793 meliora
887 723 1182 793 prioribus.
1199 723 1299 778 Sed
1317 724 1478 777 habeo
1489 722 1771 786 adversum
1788 732 1858 792 te,

206 793 345 864 quod
367 793 512 847 sinis
544 792 819 865 mulierem
844 792 1205 865 Iezabel,quae
1229 812 1281 849 se
1305 795 1439 850 dicit
1464 795 1795 865 prophetam,
1812 802 1861 849 et

203 865 372 929 docet,
405 872 458 919 et
484 864 685 936 seducit
741 881 917 919 servos
954 864 1407 936 meos’fornicari,
1457 864 1505 919 et
1536 864 1860 922 manducare

203 936 481 991 immolata
513 935 691 990 idolis.
713 937 797 1008 ‘Et
823 937 943 990 dedi
969 940 1018 991 ei
1053 935 1258 1008 tempus
1295 938 1364 992 ad
1391 938 1777 1008 pwnilendum,
1810 946 1857 992 et

204 1008 550 1078 noluitagere
572 1006 953 1078 pwnitentiam
982 1009 1044 1062 de
1063 1006 1422 1078 fornicatione
1444 1026 1560 1064 sua.
1598 1011 1858 1065 Eccemit-

205 1087 319 1134 tam
340 1078 493 1134 illam
533 1083 594 1132 in
622 1079 844 1143 lectum;
875 1087 921 1133 et
952 1078 1226 1134 adulteros
1255 1082 1367 1151 ejus
1389 1098 1508 1135 cum
1546 1081 1645 1135 illa
1678 1084 1731 1134 in
1747 1083 1855 1135 tri-

206 1151 533 1205 bulationem
560 1166 827 1220 magnam,
842 1150 952 1204 uisi
966 1152 1179 1221 egerint
1201 1150 1577 1222 paenitentiam
1589 1153 1856 1221 [actorum

204 1238 446 1283 suorum,
477 1228 524 1274 et
554 1228 707 1275 natos
735 1222 850 1291 ejus
888 1223 1123 1276 occidam
1151 1230 1321 1277 morte
1349 1241 1372 1285 ,ο
1414 1230 1461 1277 et
1488 1225 1653 1277 scient
1683 1240 1857 1277 omnes

206 1293 483 1357 Ecclesiae,
513 1296 639 1362 quia
667 1310 755 1363 ego
778 1310 894 1347 sum
924 1295 1015 1364 qui
1042 1302 1258 1348 scrutor
1309 1311 1457 1348 venes
1488 1302 1535 1348 et
1564 1295 1726 1348 corda
1758 1312 1775 1358 ;
1807 1302 1853 1348 et

203 1364 338 1419 dabo
370 1366 663 1435 unicuique
682 1370 913 1419 vestrum
941 1366 1224 1419 secundum
1250 1383 1413 1435 opera
1440 1383 1557 1419 sua.
1594 1366 1746 1420 Vobis
1761 1383 1856 1420 au-

204 1443 312 1490 tem
343 1436 483 1497 dico,
517 1436 787 1508 etczjteris
814 1437 910 1506 qui
937 1437 1221 1507 Thiatyrae
1268 1438 1411 1501 estis,
1445 1438 1536 1508 qui
1567 1437 1702 1491 hanc
1734 1437 1854 1491 doc-

207 1510 411 1561 trinam
427 1523 532 1561 non
548 1507 768 1569 habetis,
780 1515 827 1561 et
840 1508 1108 1578 ignoratis
1124 1508 1479 1563 altitudinem
1490 1517 1687 1563 satana
1701 1509 1857 1572 ,sicut

202 1579 414 1641 dicunt,
446 1596 552 1632 non
597 1581 754 1633 mitto
786 1579 846 1632 in
876 1597 961 1633 vos
989 1580 1143 1634 aliud
1169 1581 1375 1649 pondus
1405 1597 1422 1633 :
1464 1597 1647 1635 verum
1685 1587 1857 1634 tenete

201 1650 341 1721 quod
365 1650 569 1704 habetis
594 1650 755 1704 donec
779 1653 1006 1705 veniam.
1052 1652 1296 1705 Vincenti
1324 1658 1501 1706 autem
1525 1658 1575 1705 et
1611 1652 1857 1707 servanti

201 1738 371 1792 opera
396 1738 510 1775 mea
530 1737 690 1791 usque
704 1723 762 1775 in
774 1723 951 1791 ﬁnem.
975 1722 1107 1776 dabo
1131 1724 1183 1777 ei
1190 1731 1501 1793 potestatem
1513 1731 1859 1794 supergentes

204 1794 391 1865 (Apoc.
412 1810 465 1857 ιι,
498 1794 701 1865 12-26).
720 1794 843 1848 Sub
860 1810 978 1849 una
1002 1795 1257 1865 Epistola
1280 1796 1423 1849 data
1437 1798 1511 1849 ad
1537 1795 1857 1849 Ecclesium

199 1863 544 1935 'l‘hiatyram
572 1864 870 1934 duplicem
906 1863 1247 1921 Novatianaz
1277 1866 1517 1921 haeresis
1548 1866 1859 1921 contundit

201 1941 259 1990 et
290 1935 556 2006 explodit
580 1952 840 1991 errorem
865 1954 877 1991 :
910 1942 966 1991 et
987 1938 1410 2007 paenitentibus
1432 1939 1591 1991 enim
1616 1937 1856 1992 idolola-

206 2007 332 2079 trias
363 2022 548 2062 causa
578 2007 836 2079 fructum
855 2009 1223 2079 promittit,et
1249 2008 1306 2062 in
1325 2025 1444 2063 una
1464 2008 1722 2063 Ecclesia
1738 2025 1859 2063 ma-

204 2078 295 2133 los
343 2093 463 2132 non
498 2078 909 2135 contaminare
960 2078 1147 2135 bonos
1173 2080 1452 2143 ostendit,
1511 2096 1647 2134 cum
1682 2082 1856 2134 unius

208 2150 414 2220 utique
445 2156 640 2204 essent
670 2151 1115 2205 communionis
1138 2167 1277 2209 :nec
1303 2153 1461 2205 enim
1483 2158 1648 2206 extra
1675 2150 1859 2206 Eccle-

208 2220 361 2293 siam
391 2220 905 2293 positisscribebat
920 2222 1147 2286 dicens,
1163 2222 1269 2286 Qui
1281 2222 1430 2276 habet
1447 2239 1626 2289 aures,
1648 2223 1853 2293 inquit,

204 2291 399 2345 audiat
412 2291 541 2360 quid
551 2292 692 2347 dicat
705 2292 953 2363 Spiritus
966 2293 1235 2348 Ecclesiis.
1248 2294 1427 2349 Simili
1444 2294 1661 2348 etenim
1678 2291 1859 2348 modo

206 2366 520 2436 apostolus
552 2364 795 2436 Paulus,
829 2365 1044 2419 Scimus
1094 2365 1255 2428 enim,
1289 2367 1499 2436 inquit,
1556 2365 1688 2436 quia
1717 2382 1859 2435 quae-

205 2450 427 2504 cumque
458 2434 542 2488 lex
554 2433 817 2505 loquitur,
833 2436 915 2489 his
942 2436 1145 2506 quisub
1160 2436 1269 2504 lege
1280 2433 1404 2491 sunt
1423 2433 1664 2506 loquitur
1677 2433 1853 2506 (Rom.

207 2522 290 2579 ιιι,
316 2510 348 2579 gi
361 2510 435 2574 9).
458 2506 807 2579 Etalioloco,
844 2507 989 2574 Quid
1009 2509 1408 2579 enimhinquit,
1437 2508 1569 2563 mihi
1588 2508 1648 2561 de
1675 2507 1862 2577 hisqui

207 2577 500 2650 forissunt
531 2577 967 2649 iudicare(l(}or.
997 2596 1052 2643 v,
1073 2578 1203 2649 l2)?
1235 2577 1414 2634 Unius
1427 2595 1564 2650 ergo
1593 2579 1861 2633 Ecclesiae

207 2647 508 2720 homines,
539 2651 752 2719 partim
779 2647 859 2705 ad
877 2647 1287 2720 paenitentiam
1310 2647 1612 2720 provocat,
1646 2650 1861 2720 partim

209 2719 514 2791 collaudat
544 2719 768 2788 dicens,
829 2719 980 2776 Vobis
1034 2728 1211 2776 autem
1259 2719 1397 2785 dico,
1429 2728 1477 2775 et
1507 2719 1717 2775 cwteris
1768 2721 1863 2791 qui

220 2790 494 2861 Thiatyrw
516 2794 996 2863 Aestis,quicumque
1007 2809 1112 2846 non
1124 2793 1325 2846 habetis
1348 2792 1649 2847 doctrinam
1680 2790 1859 2858 istam,

208 2862 275 2935 id
303 2872 390 2916 est
412 2861 775 2927 idololatriae,
806 2861 973 2919 tenéte
993 2864 1129 2935 quod
1165 2863 1386 2927 habetis,
1415 2864 1573 2918 donec
1602 2865 1812 2917 veniam
1843 2885 1865 2933 ,-

208 2933 327 2988 hoc
355 2938 463 2997 est,
496 2943 862 3006 perseverate
892 2933 1079 3006 usque
1107 2935 1184 2990 ad
1208 2935 1407 3003 ﬁnem,
1443 2936 1585 3006 quia
1609 2936 1712 3005 qui
1738 2951 1865 3005 per-

212 3006 569 3077 severaverit
601 3022 789 3077 usque
821 3005 882 3060 in
921 3007 1126 3072 ﬁnem,
1152 3006 1247 3061 hic
1275 3005 1479 3061 salvus
1506 3008 1609 3060 erit
1639 3006 1861 3073 (Matth.

210 3092 271 3141 x,
297 3077 418 3149 22).
450 3076 723 3131 Similiter
742 3078 910 3148 etqui
934 3079 1397 3149 perseveraverit
1419 3077 1475 3131 in
1494 3078 1671 3141 malo,
1699 3078 1864 3149 dam-

209 3146 477 3221 nubitur.
505 3150 585 3221 Ac
608 3164 711 3218 per
734 3146 849 3203 hoc
871 3146 1019 3204 sicut
1038 3148 1427 3221 justitiajusti
1454 3164 1575 3203 non
1596 3148 1865 3221 liberabit

205 3234 369 3283 eum,
398 3219 457 3272 in
488 3218 582 3291 die
608 3235 731 3290 qua
760 3222 1042 3276 erraverit
1074 3237 1087 3286 ;
1122 3221 1205 3274 sic
1236 3227 1291 3275 et
1341 3218 1635 3291 iniquitas
1658 3220 1864 3288 injusti

205 3305 330 3345 non
359 3290 589 3345 nocebit
627 3291 699 3356 ei,
734 3308 870 3346 cum
900 3292 1253 3346 converterit
1281 3307 1361 3346 se.
1403 3290 1536 3346 Ideo
1567 3291 1734 3354 dixit,
1770 3306 1863 3347 sa-

206 3361 483 3416 crificans
514 3362 625 3416 diis
656 3362 1087 3418 eradicabitur:
1125 3366 1169 3417 si
1199 3367 1401 3418 autem
1427 3363 1777 3417 converterit
1802 3378 1864 3416 se

205 3432 331 3488 vita
353 3434 523 3487 vivet.
548 3433 706 3488 Sicut
731 3440 822 3489 est
851 3439 907 3488 et
938 3434 1080 3488 illud
1112 3434 1276 3504 quod
1303 3435 1384 3489 ait
1414 3434 1723 3500 Dominus,
1759 3433 1865 3498 Qui

207 3521 289 3558 me
310 3505 606 3574 negaverit,
638 3504 829 3575 negabo
850 3521 966 3559 eum
993 3505 1154 3576 (Ibid.
1189 3505 1299 3577 33).
1329 3507 1381 3560 Si
1402 3511 1600 3561 autem
1625 3520 1866 3559 conver-

209 3577 342 3656 terit
370 3592 465 3656 se,
495 3577 861 3656 non‘poterit‘
884 3577 1088 3656 negari
1115 3576 1192 3631 ab
1223 3593 1292 3656 eo
1318 3593 1510 3656 quem
1528 3577 1861 3656 confitetur.

209 3646 355 3701 Hinc
386 3652 471 3702 est
504 3651 568 3700 ut
599 3646 907 3719 diceretin
942 3647 1195 3708 Psalmo.
1218 3646 1769 3719 rNonjustiﬁcabitur
1807 3651 1865 3701 in

205 3724 487 3798 conspectu
512 3724 600 3799 tuo
616 3720 796 3799 omnis
820 3718 967 3799 homo
995 3719 1174 3799 vivens
1205 3718 1380 3799 (Psal.
1413 3735 1576 3784 CXLII,
1622 3720 1698 3789 2).
1720 3721 1865 3799 llaec

206 3791 369 3844 enim
401 3792 689 3861 sententia
710 3791 1038 3861 imputatur
1066 3790 1295 3845 homini
1327 3791 1384 3844 in
1430 3807 1551 3861 qua
1581 3791 1854 3844 moritur.

205 3862 357 3916 Nam
388 3861 528 3931 quia
560 3860 619 3915 in
651 3860 913 3917 Ecclesia
935 3861 1069 3917 mali
1099 3877 1235 3916 cum
1258 3860 1633 3915 bonis’futuri
1670 3866 1867 3916 essent

208 3947 401 4002 usque
432 3931 509 3986 ad
535 3932 825 4001 judicium
862 3933 979 3997 Dei,
1014 3934 1139 4003 ipse
1168 3933 1321 3986 Deus
1353 3932 1728 4000 significavit,
1779 3932 1865 3986 di-

207 4018 371 4070 cens,
407 4003 603 4058 Simile
620 4012 696 4058 est
726 4022 952 4073 regnum
982 4004 1233 4059 caelorum
1254 4003 1362 4057 reti
1403 4004 1561 4057 misso
1592 4005 1652 4057 in
1690 4020 1859 4068 mare,

203 4073 344 4145 quod
366 4091 431 4147 ea:
449 4076 609 4147 omni
633 4092 824 4145 genere
852 4076 1081 4147 piscium
1101 4075 1332 4145 colligit.
1349 4075 1485 4130 Cum
1496 4082 1674 4129 autem
1694 4078 1863 4129 venis-

200 4152 321 4200 sent
342 4145 412 4199 ad
434 4145 619 4219 littus,
653 4147 808 4201 bonos
839 4145 1251 4219 segregaverunt
1283 4147 1340 4199 in
1374 4164 1499 4200 vasa
1542 4163 1661 4211 sua,
1692 4148 1863 4201 malos

200 4224 389 4270 autem
414 4218 563 4286 foras
592 4219 877 4274 miserunt.
900 4218 999 4273 'Sic
1037 4220 1143 4273 erit
1184 4220 1241 4272 in
1279 4219 1732 4273 consummatione
1759 4235 1862 4272 sae-

201 4288 323 4343 culi
335 4287 830 4361 :_ea:ibuntAngeli,
856 4298 904 4345 et
932 4290 1280 4361 segregabunt
1301 4289 1362 4343 de
1383 4306 1545 4360 regno
1571 4289 1863 4361 Deiomnia

200 4358 483 4433 scandala,
534 4368 581 4415 et
604 4378 684 4415 eos
707 4358 813 4432 'qui
846 4358 1190 4433 iniquitatem
1239 4358 1459 4433 faciunt
1470 4360 1859 4433 (Matth.x1u,

201 4431 414 4503 47-49).
449 4434 577 4503 Haec
591 4431 774 4488 causa
786 4431 1146 4503 signiiicatur
1163 4433 1340 4487 etiam
1364 4432 1422 4485 in
1447 4432 1566 4496 illo,
1586 4431 1688 4502 qui
1715 4432 1863 4485 inter

202 4502 653 4559 discumbentes
668 4502 945 4559 inventus
959 4512 1045 4560 est
1059 4520 1177 4559 non
1194 4503 1425 4558 habens
1442 4504 1861 4557 vestimentum

202 4574 471 4646 nuptiale
500 4575 604 4645 (Id.
636 4592 774 4643 xxu,
806 4581 889 4639 l2,
932 4581 1053 4645 l3):
1088 4591 1270 4646 quem
1302 4575 1498 4629 solum
1528 4576 1861 4646 projectum

202 4644 283 4718 de
304 4649 462 4700 coetu
484 4648 738 4718 ostendit
768 4644 1059 4711 Ecclesiae,
1084 4644 1227 4718 quia
1249 4647 1469 4700 crimen
1487 4645 1860 4718 indignitatis

204 4717 338 4788 ejus
370 4732 488 4771 non
506 4717 1000 4787 polluitceeteros;
1030 4717 1236 4788 etquia
1250 4719 1378 4772 haec
1401 4717 1720 4785 indignitas
1736 4717 1863 4787 ejus

202 4786 523 4861 designata
554 4794 663 4853 est,
692 4804 764 4845 eo
790 4790 954 4861 quod
985 4786 1405 4861 vestimentum
1442 4805 1560 4843 non
1591 4786 1863 4843 habuerit

201 4858 851 4927 nuptiale,manifesttis
862 4861 972 4915 fuit
987 4862 1239 4916 caneris.
1253 4860 1712 4914 Videbantenim
1726 4875 1863 4913 eum

202 4931 361 4984 inter
386 4945 447 4984 se
479 4930 640 4985 aliud
676 4948 803 4986 esse
831 4934 1132 4988 vestitum.
1170 4933 1309 4987 Hinc
1340 4938 1429 4986 est
1461 4933 1617 4985 unde
1651 4930 1863 4985 Paulus

206 5000 544 5070 apostolus,
580 5002 645 5056 In
670 5020 865 5074 magna
890 5009 1087 5067 autent,
1109 5003 1318 5074 inquit,
1350 5001 1520 5063 domo,
1554 5019 1660 5056 non
1692 5001 1863 5074 solum

201 5078 335 5145 sunt
362 5088 490 5126 vasa
514 5090 685 5127 aurea
709 5072 773 5128 et
790 5081 1069 5145 argentea,
1100 5072 1261 5128 sedet
1295 5074 1469 5144 lignea
1503 5080 1555 5127 et
1584 5072 1863 5141 ﬁctilia([I

214 5143 455 5216 Tim._u,
484 5148 595 5212 '20).
630 5145 790 5200 Istud
815 5143 1055 5216 propter
1084 5149 1469 5216 Hymenaeum
1498 5150 1553 5199 et
1580 5145 1862 5216 Philetum

205 5214 433 5287 posuit,
450 5216 555 5287 qui
588 5231 724 5271 cum
748 5214 944 5271 essent
968 5232 1038 5271 ex
1070 5214 1346 5280 Ecclesia,
1381 5232 1653 5286 perverse
1678 5215 1758 5287 de
1784 5230 1864 5269 re-

204 5286 578 5359 surrectione
595 5288 926 5342 sentiebant
946 5306 959 5353 ;
976 5287 1320 5359 sicutaliqui
1342 5288 1414 5342 de
1430 5286 1863 5359 Corinthiorum

207 5357 475 5413 Ecclesia
507 5359 999 5413 resurrectionem
1045 5357 1367 5427 negabant.
1405 5358 1516 5414 Sed
1567 5360 1722 5413 hanc
1760 5357 1863 5411 do-

208 5444 384 5484 mum
414 5444 700 5497 magnam
728 5432 1089 5485 Novatianus
1122 5430 1416 5486 mundum
1449 5431 1739 5499 signiﬁcat
1784 5428 1867 5482 in-

209 5500 628 5568 telligendum,
668 5517 789 5557 non
834 5503 1197 5567 Ecclesium;
1233 5517 1305 5556 ne
1353 5501 1412 5555 in
1459 5516 1579 5554 una
1613 5500 1869 5553 Ecclesia

210 5571 412 5627 malos
444 5588 582 5628 cum
609 5574 803 5639 bonis,
829 5573 1088 5629 mundos
1109 5588 1246 5628 cum
1276 5571 1603 5626 immundis
1625 5577 1870 5639 cogatur

211 5658 507 5723 asserere.
564 5644 736 5711 Quod
754 5645 936 5723 facile
964 5650 1108 5723 puto
1157 5641 1433 5723 convelli.
1467 5644 1531 5697 ln
1562 5657 1682 5723 una
1712 5640 1870 5723 enim

214 5714 405 5772 domo
434 5730 646 5771 omnes
676 5716 789 5772 sub
820 5732 941 5773 uno
958 5714 1347 5775 suntnomine
1375 5715 1691 5787 :quamvis
1710 5714 1872 5771 enim

456 5864 470 5871 η
509 5814 755 5873 ΡΛΤΒΟΙ..
805 5815 1025 5874 XXXV.

1734 170 2123 229 APPENDIX.

3493 186 3632 242 2310

1977 298 2247 354 moribus
2262 298 2478 355 diversi
2494 300 2630 365 sint,
2658 316 2779 357 uno
2805 303 3001 357 tamen
3016 302 3245 360 domini
3267 307 3357 361 sui
3383 310 3628 366 nomine

1976 373 2363 443 censenturin
2381 372 2765 443 professione.
2791 374 3042 429 Mundus
3058 377 3626 437 autemhicdiversas

1975 441 2361 522 professionis
2384 441 2643 522 continet
2661 445 2954 522 homines,
2972 446 3053 522 ita
3078 455 3137 522 ut
3164 448 3436 522 dispares
3456 452 3628 522 proﬁ-

1977 518 2208 594 teantur
2237 531 2297 569 se
2329 515 2549 594 habere
2581 520 2635 594 et
2660 516 2808 594 _de_os
2840 522 2897 570 et
2952 515 3624 594 dominostides'ergo

1974 600 2093 660 non
2130 588 2237 640 hoc
2267 587 2529 660 potuisse
2561 588 2672 641 dici
2717 588 2790 642 de
2818 588 3067 653 mundo,
3103 590 3207 644 sed
3238 595 3311 645 de
3342 587 3622 660 Ecclesia,

1972 656 2029 727 i_n
2053 658 2304 727 quasub
2329 673 2447 712 uno
2468 658 2750 727 degentes
2773 660 3035 724 nomine,
3062 660 3277 717 diversi
3302 670 3439 719 sunt
3464 656 3621 719 actu.

1971 725 2141 801 Quod
2171 727 2413 799 quidem
2444 725 2837 801 Nov—alianum
2870 746 2989 784 non
3022 734 3326 800 ignorasse
3354 734 3620 801 adverto,

1972 798 2077 873 sed
2104 798 2248 869 quia
2278 800 2648 855 abcessionis
2672 817 2792 873 sua:
2818 803 3014 870 justas
3053 798 3458 873 querimonias
3502 798 3624 862 non

1970 869 2332 947 habebatine
2347 876 2547 947 aperte
2561 869 3622 947 erubesceret,argumentaquaadam

1970 941 2088 1016 sibi
2113 941 2397 997 conﬂavit
2449 943 2804 1016 permalam
2852 943 2998 1012 legis
3054 941 3619 1016 interpretationem,

1967 1012 2188 1136 quibus
2213 1012 2496 1068 excusare
2522 1014 2802 1069 niteretur
2830 1022 2885 1070 et
2908 1021 3099 1083 tegere
3130 1012 3329 1071 livoris
3356 1018 3449 1073 sui
3479 1012 3624 1074 invi-

1968 1101 1985 1136 (
2012 1100 2109 1136 am
2142 1084 2529 1136 voluntatem.
2572 1088 2832 1136 Denique
2882 1087 3199 1136 respondet
3226 1090 3301 1136 ad
3336 1089 3462 1136 hmn
3486 1106 3622 1136 num

1968 1084 2109 1161 (iam
2142 1084 2832 1161 volu_utatem._Deniqtte
2882 1087 3199 1161 respondet
3226 1090 3304 1143 ad
3334 1089 3462 1143 haec
3483 1106 3622 1161 quae

1967 1155 2225 1230 diximus
2254 1155 2492 1230 dicens,
2514 1159 2622 1230 Nec
2643 1155 2753 1230 ego
2787 1155 3299 1230 renuo-agendam
3332 1155 3623 1230 poeniten-

1969 1225 2109 1279 tiam
2153 1226 2433 1280 admissm
2481 1227 2847 1291 idololatriae,
2877 1229 2981 1282 sed
3030 1225 3141 1297 ego
3180 1225 3474 1286 remittere
3501 1247 3623 1286 non

1967 1298 2198 1361 audeo;
2229 1299 2372 1367 quia
2401 1298 2626 1352 crimen
2650 1300 2761 1352 hoc
2784 1301 2859 1352 ab
2883 1316 2952 1353 eo
2978 1301 3400 1357 remittendum
3428 1309 3538 1367 est,
3564 1304 3622 1357 in

1967 1383 2147 1443 quem
2176 1368 2506 1443 admissum
2534 1374 2639 1443 est.
2673 1372 2801 1424 Haec
2830 1376 3032 1443 autem
3064 1388 3201 1426 cum
3224 1373 3363 1427 dolo
3383 1390 3624 1443 respon-

1968 1442 2086 1515 det.
2122 1438 2707 1515 Intet‘pretationibus
2730 1443 2889 1515 enim
2912 1442 3037 1515 suis
3058 1443 3368 1515 detegitur,
3400 1438 3622 1515 quibus

1969 1509 2141 1583 fraus
2174 1509 2304 1580 ejus
2346 1518 2617 1583 apparet.
2668 1510 2920 1577 Quando
2949 1514 3108 1567 enim
3142 1509 3302 1577 dicit,
3336 1509 3622 1583 scriptum

1968 1586 2079 1647 est,
2109 1582 2216 1646 Qui
2244 1598 2323 1635 me
2362 1582 2658 1652 negaverit,
2694 1590 2745 1638 et
2774 1599 2864 1653 ego
2907 1583 3101 1653 negabo
3125 1601 3261 1648 eum,
3308 1592 3365 1639 et
3390 1582 3621 1641 mentiri

1970 1668 2088 1707 non
2124 1654 2511 1725 potestcujus
2561 1653 2738 1709 verba
2772 1661 2946 1718 sunt;
2984 1657 3394 1725 paenitentiam
3436 1673 3627 1725 quam

1969 1725 2266 1793 agendam
2295 1724 2455 1789 dicit,
2488 1726 2724 1779 inanem
2751 1724 3250 1781 etinl'ruCtuosam
3270 1724 3551 1781 ostendit.
3571 1727 3628 1783 Si

1968 1798 2128 1850 enim
2161 1796 2455 1869 sententia
2476 1796 2617 1869 data
2638 1801 2745 1869 est,
2762 1804 2959 1851 etnon
2986 1797 3131 1869 fallit
3153 1799 3255 1868 qui
3278 1798 3467 1865 dedit;
3484 1799 3628 1869 quid

1970 1866 2295 1922 excruciari
2327 1867 2637 1924 compellis
2664 1867 2970 1922 hominem
3017 1866 3547 1923 lamentationibus
3574 1874 3630 1924 et

1970 1938 2310 2006 gemitibus,
2330 1940 2431 2010 qui
2470 1938 2650 2010 hujus
2683 1938 3193 2010 reiefiectummut
3221 1939 3630 2008 denegas,aut

1970 2010 2116 2081 scire
2150 2015 2201 2081 te
2231 2008 2475 2065 minime
2502 2008 2800 2081 proﬁteris
2831 2008 2859 2063 ‘i’
2885 2009 3091 2066 Omnis
3123 2012 3280 2065 enim
3305 2013 3405 2081 qui
3435 2012 3630 2066 consi-

1968 2080 2112 2153 lium
2148 2080 2322 2135 alicui
2350 2082 2471 2144 dat,
2529 2080 2605 2136 ad
2636 2080 2751 2136 hoc
2786 2082 2985 2152 utique
3016 2083 3136 2147 dat,
3174 2087 3235 2136 ut
3263 2080 3407 2153 quid
3441 2099 3511 2137 ex
3561 2098 3629 2137 eo

1971 2151 2257 2223 prolicere
2285 2153 2494 2223 possit,
2528 2154 2829 2222 praedicet.
2866 2151 2978 2209 Sed
3000 2155 3145 2223 quia
3171 2159 3249 2217 tu,
3283 2151 3628 2221 Novatiane,

1970 2222 2176 2277 dolose
2210 2225 2322 2278 hoc
2352 2223 2669 2293 proﬁteris,
2706 2224 2778 2277 ad
2807 2222 3145 2278 illudendas
3180 2230 3405 2279 mentes
3438 2226 3628 2279 homi-

1972 2295 2444 2366 num.agendam
2468 2295 2878 2365 paenitentiam
2892 2294 3058 2349 dicis.
3076 2297 3276 2351 Sciens
3291 2297 3448 2350 enim
3465 2311 3631 2366 aper-

1972 2371 2024 2421 te
2048 2365 2159 2421 hoc
2192 2367 2395 2439 negari
2424 2382 2543 2420 non
2576 2382 2771 2436 posse,
2806 2366 3096 2422 subtiliter
3124 2366 3291 2431 facis,
3342 2367 3484 2439 quia
3510 2382 3631 2422 non

1973 2452 2115 2491 voce
2139 2438 2241 2491 sed
2274 2438 2489 2492 affectu
2525 2439 2540 2472 ¹
2578 2439 2985 2508 paenitentiam
3043 2438 3631 2508 amputasJOmnem

1973 2514 2124 2563 certe
2148 2509 2251 2579 qui
2279 2509 2451 2562 idolis
2486 2509 2930 2580 sacrificaverit,
2960 2509 3015 2563 in
3043 2509 3323 2580 Spiritum
3354 2514 3631 2564 sanctum

1974 2580 2120 2633 dicis
2146 2595 2410 2649 peccare,
2442 2579 2534 2633 cui
2562 2596 2751 2651 neque
2767 2579 3163 2651 hic,nequein
3187 2580 3471 2645 futurum,
3494 2596 3634 2651 pec-

1974 2598 2120 2633 uicis
2146 2598 2410 2649 peccare,
2442 2598 2534 2633 CUI
2562 2598 2751 2651 neque
2768 2598 3163 2651 nic,nequein
3187 2598 3471 2645 Iuturum,
3537 2598 3633 2635 ec-

1973 2656 2169 2705 catum
2196 2651 2309 2705 hoc
2340 2651 2554 2705 remitti
2582 2667 2686 2721 per
2716 2652 2860 2719 legis
2894 2654 3077 2706 verba
3115 2652 3443 2706 contendis.
3480 2598 3633 2716 (Euo-

1976 2722 2157 2777 modo
2180 2737 2321 2789 ergo
2344 2722 2524 2788 hujus
2551 2722 2744 2775 delicti
2775 2722 3077 2790 agendam
3107 2724 3516 2791 paenitentiam
3547 2723 3631 2777 di-

1972 2794 2076 2855 cis,
2111 2794 2220 2847 nisi
2252 2794 2395 2863 quia
2424 2792 2598 2858 fallis,
2632 2793 2782 2847 sicut
2810 2809 2993 2858 supra
3024 2792 3305 2847 ostendi?
3335 2793 3450 2848 Sed
3476 2794 3631 2849 soles

1973 2864 2088 2919 alio
2104 2863 2336 2918 dolofra
2348 2864 2517 2917 udem
2532 2863 2689 2917 hanc
2703 2864 2849 2918 velle
2863 2864 3410 2932 contegere,dicens
3425 2865 3630 2920 eodem

1973 2950 2150 3007 sensu
2177 2934 2355 3007 etiam
2390 2937 2621 3007 Petrum
2650 2934 2987 3007 apostolum
3012 2935 3226 2990 dixisse
3251 2937 3494 3001 Simoni,
3521 2936 3632 3007 Age

1969 3005 2338 3074 paenitentiam
2364 3004 2430 3077 ab
2462 3005 2557 3059 hac
2582 3005 2797 3060 malitia
2820 3013 2932 3068 tua,
2948 3007 2999 3059 si
3019 3006 3162 3077 forte
3191 3007 3508 3063 remittatur
3529 3004 3632 3062 tibi

1973 3077 2120 3145 (Act.
2156 3091 2273 3140 Vill,
2305 3074 2416 3146 22).
2450 3077 2559 3131 Sed
2593 3084 2881 3131 contuens
2907 3074 3216 3147 apostolus
3240 3078 3446 3133 Petrus
3478 3086 3631 3134 vete-

1970 3163 2096 3201 rem
2112 3150 2537 3201 etvenenatam
2569 3147 2854 3217 malitiam
2872 3148 3131 3202 hominis
3149 3156 3204 3203 et
3224 3165 3625 3217 peramaram,

1972 3217 2192 3273 idcirco
2214 3218 2466 3272 dubium
2485 3216 2714 3272 eidedit
2734 3234 3114 3288 responsum.
3137 3216 3277 3284 Quis
3296 3222 3453 3275 enim
3470 3237 3630 3276 mor-

1974 3290 2181 3344 talium
2214 3289 2297 3344 sic
2330 3289 2615 3360 peccavit,
2670 3295 2729 3343 ut
2767 3289 2994 3343 donum
3030 3290 3127 3344 Dei
3178 3291 3428 3360 pecunia
3458 3292 3629 3347 vellet

1975 3360 2222 3415 mercari
2252 3362 2278 3414 ‘2
2309 3360 2730 3416 Malevoleutiaa
2762 3376 2902 3429 ergo
2929 3376 3285 3431 responsum
3325 3361 3478 3417 istud
3515 3364 3625 3417 da—

1972 3436 2099 3486 tum
2128 3438 2232 3497 est,
2267 3448 2386 3487 non
2417 3432 2618 3487 errori.
2656 3434 2786 3487 Hinc
2816 3438 2904 3487 est
2932 3433 3090 3487 enim
3122 3449 3257 3503 quae
3294 3432 3626 3488 remedium

1972 3519 2093 3558 non
2124 3504 2337 3569 habet;
2370 3504 2514 3575 quia
2544 3519 2649 3559 nec
2676 3520 2837 3558 error
2866 3508 2971 3575 est,
3002 3520 3109 3558 nec
3130 3519 3439 3574 perquam
3460 3521 3628 3559 excu-

1973 3581 2128 3629 setur
2150 3574 2490 3646 necessitas,
2518 3581 2574 3630 ut
2603 3576 2789 3646 possit
2804 3591 2905 3645 per
2921 3574 3123 3630 ﬂetum
3147 3575 3222 3646 ad
3249 3577 3483 3630 veniam
3500 3590 3628 3645 per-

1973 3648 2188 3700 venire.
2224 3645 2282 3699 Si
2316 3646 2369 3700 in
2404 3647 2500 3700 tali
2528 3648 2923 3716 itaquecausa
2944 3645 3124 3717 aliqui
3142 3645 3623 3713 fueriutinventi,

1972 3717 2085 3772 hoc
2105 3717 2349 3772 audiant
2371 3717 2535 3787 quod
2552 3718 2776 3772 audivit
2798 3718 3090 3771 etSimon.
3117 3720 3262 3772 Nam
3286 3716 3420 3771 ideo
3443 3716 3624 3772 dubie

1972 3788 2280 3857 respondit
2314 3788 2365 3841 ei
2398 3788 2705 3858 apostolus
2739 3788 2942 3851 Petrus
2973 3788 3197 3854 dicens,
3227 3789 3448 3913 InJelle
3483 3788 3626 3843 enim

1972 3859 2363 3913 amaritudinis
2392 3866 2439 3913 et
2467 3860 2525 3912 in
2555 3858 2877 3913 obliaatione
2907 3858 3216 3913 iniquitatis
3242 3860 3294 3913 vi
3333 3877 3388 3913 eo
3414 3867 3462 3913 te
3497 3877 3621 3913 esse.

1971 3859 2363 3913 amaritudinis
2392 3866 2439 3913 et
2467 3860 2525 3912 in
2555 3858 2877 3929 obligatione
2907 3858 3216 3930 iniquitatis
3242 3858 3388 3913 video
3414 3867 3462 3914 te
3497 3877 3621 3915 esse.

1971 3931 2023 4003 Si
2054 3944 2194 4003 ergo
2225 3931 2283 3984 iu
2309 3936 2443 4003 tam
2490 3930 2655 3999 gravi
2707 3947 2908 3993 causa,
2942 3937 2995 3985 et
3023 3947 3159 4003 quae
3205 3933 3329 3986 sine
3360 3933 3624 3987 remedio

1972 4002 2261 4063 videatur,
2289 4000 2470 4056 dubie
2490 4017 2848 4073 responsum
2871 4009 2986 4068 est;
3011 4000 3365 4071 ambiguum
3380 4018 3500 4058 non
3514 4007 3623 4072 est,

1971 4073 2053 4128 eis
2084 4074 2185 4144 qui
2215 4089 2408 4128 errore
2448 4080 2549 4128 aut
2582 4075 2927 4129 necessitate
2956 4075 3155 4145 aliqua
3188 4076 3245 4129 in
3278 4078 3460 4129 Deum
3494 4091 3625 4145 pec-

1970 4151 2109 4198 cant
2133 4161 2308 4215 posse
2322 4146 2559 4209 remitti,
2578 4146 2621 4199 si
2638 4160 2969 4214 congruam
2988 4145 3397 4217 paenitentiam
3414 4151 3622 4217 agant.

1972 4218 2089 4271 Hoc
2119 4216 2275 4270 enim
2308 4232 2661 4271 concessum
2692 4224 2778 4272 est
2801 4217 2920 4287 juri
2950 4216 3449 4287 coclesiasticoab
3480 4232 3624 4287 auc-

1971 4294 2114 4349 tore,
2150 4292 2211 4341 ut
2243 4293 2297 4341 et
2326 4288 2739 4358 paenitentiam
2793 4289 2909 4350 det,
2943 4294 2999 4342 et
3043 4292 3179 4358 post
3211 4286 3623 4358 pmnitentium

1970 4359 2233 4429 recipiat.
2274 4356 2553 4413 Et'adhuc
2585 4358 2910 4428 estaliquid
2937 4357 3099 4427 quod
3121 4356 3624 4429 reprehenditNo-

1972 4427 2249 4484 vatianus
2279 4446 2289 4482 :
2322 4432 2454 4494 Cur,
2496 4430 2707 4499 inquit,
2743 4427 2959 4498 cct‘pus
2994 4427 3223 4481 Domini
3255 4428 3494 4499 tradunt
3537 4427 3623 4480 eis

1970 4517 2122 4571 quos
2148 4508 2440 4555 noverunt
2460 4498 2845 4570 peccatores?
2874 4501 3052 4563 Quasi
3074 4498 3429 4569 possintipsi
3454 4512 3626 4571 accu-

1972 4568 2197 4627 satores
2213 4588 2364 4632 esse,
2390 4568 2489 4641 qui
2510 4571 2907 4640 suntjudices.
2929 4568 3196 4625 Siautem
3229 4568 3625 4641 accusatifue-

1972 4644 2085 4697 rint
2100 4650 2155 4697 et
2179 4642 2560 4706 manifestati,
2596 4648 2873 4712 poterunt
2896 4642 3090 4707 abjici.
3113 4643 3260 4696 Nam
3276 4640 3411 4712 quis
3440 4640 3625 4712 judex

1974 4714 2307 4768 accusantis
2334 4719 2532 4767 sumat
2557 4711 2875 4783 personam
2896 4712 2922 4765 ?
2946 4716 3090 4768 Nam
3117 4714 3163 4767 si
3186 4711 3313 4783 ipse
3336 4711 3625 4767 Dominus

1970 4786 2188 4839 Judam
2221 4801 2435 4854 passus
2466 4793 2573 4850 est,
2605 4800 2785 4855 quem
2820 4785 3043 4838 sciebat
3071 4783 3259 4838 furem
3294 4800 3442 4848 esse,
3473 4789 3528 4839 et
3557 4799 3627 4837 ea

1972 4872 2105 4928 quae
2134 4856 2522 4911 mittebantur
2550 4861 2862 4928 exportare
2910 4855 3089 4925 (Joan.
3120 4872 3214 4919 xu,
3243 4856 3319 4919 6),
3348 4872 3457 4928 nec
3487 4870 3627 4909 eum

1973 4926 2074 4999 qui
2091 4933 2403 4982 accusatus
2419 4943 2537 4981 non
2552 4926 2885 4999 est,abjecit
2906 4944 2918 4981 :
2941 4928 3051 4981 hoc
3065 4927 3340 4999 exemplo
3358 4926 3437 4981 uti
3452 4941 3623 4999 opor'

1977 4997 2071 5063 tet,
2105 5005 2165 5054 ut
2194 5015 2331 5053 eum
2364 5000 2618 5069 abjicere
2651 5015 2768 5053 non
2804 4998 2994 5067 liceat,
3029 4998 3132 5069 qui
3165 4997 3625 5069 publicedetec

1975 5076 2068 5125 tus
2097 5086 2213 5125 non
2236 5067 2594 5145 fuerit._Nam
2614 5071 2899 5145 necjusto
2922 5067 3346 5145 viro—competit
3364 5067 3627 5145 aliquem

1978 5157 2280 5197 accusare.
2318 5142 2479 5197 Unde
2508 5141 2832 5202 Matthaaus.
2861 5141 3047 5211 Ioseph
3077 5158 3193 5195 cum
3237 5146 3385 5205 esset,
3413 5140 3624 5211 inquit,

1978 5212 2125 5266 homo
2136 5213 2336 5281 justus,
2372 5220 2422 5267 et
2448 5212 2607 5267 nollet
2633 5229 2750 5266 eam
2776 5208 3077 5277 traducere,
3100 5213 3269 5265 voluit
3288 5227 3405 5265 eam
3432 5208 3628 5281 occulte

1975 5280 2248 5337 dimittere
2279 5283 2496 5352 (Matth.
2528 5300 2566 5347 ι,
2609 5283 2707 5353 19).
2736 5282 2925 5338 Judas
2956 5298 3097 5351 ergo
3125 5298 3260 5335 cum
3294 5287 3450 5336 esset
3480 5280 3630 5353 inter

1977 5351 2319 5424 discipulos,
2356 5351 2709 5426 contagione
2741 5370 2850 5408 sua
2872 5370 2988 5409 non
3014 5369 3115 5407 eos
3147 5351 3632 5426 maculavit,dis-

1979 5423 2297 5479 sentientes
2324 5426 2522 5496 utique
2541 5423 2574 5479 ξι
2591 5426 2756 5480 furtis
2783 5426 2940 5492 ejus;
2958 5423 3458 5479 etEucharistiam
3482 5425 3632 5496 inter

1980 5512 2081 5552 eos
2098 5497 2416 5566 accipiens,
2437 5495 2554 5551 non
2584 5496 2791 5567 polluit
2817 5497 3179 5551 innocentes.
3210 5498 3323 5551 Nec
3349 5495 3632 5550 Dominus

1980 5568 2030 5623 ei
2054 5583 2227 5638 quem
2253 5567 2544 5623 latronem
2568 5566 2809 5632 sciebat,
2827 5583 3045 5639 corpus
3062 5583 3239 5622 suum
3262 5567 3631 5639 denegabat;

2041 5721 2055 5751 ¹
2088 5718 2184 5769 Ms.
2223 5718 2473 5777 Colbert.,
2512 5718 2704 5783 effectu.

2795 5808 3353 5884 (Soimantetreizeq
