4158 6204
261 197 408 257 2313

334 324 445 379 Clll
476 322 578 395 (a).
600 354 669 365 —
702 320 1016 395 Quomodo
1044 322 1104 377 in
1138 320 1394 395 Levitico
1422 322 1711 379 Dominus
1737 328 1915 382 sacri-

257 392 391 450 ﬁcia
451 392 845 467 eti‘libamina
892 392 1200 467 offerenda
1230 397 1542 467 praecepit,
1576 411 1712 467 qum
1772 397 1912 453 alibi

254 466 485 536 respuit
514 466 542 521 ?
562 482 700 521 cum
733 468 1032 521 constetin
1066 466 1316 521 Levitico
1337 467 1409 522 de
1440 466 1745 523 Sacriﬁciis
1769 468 1912 523 oﬂe-

255 536 460 592 rendis
494 538 813 592 Dominum
859 540 1183 594 mandasse
1213 538 1500 603 Patribus,
1537 544 1597 595 ut
1633 538 1912 595 offerrent

254 608 550 681 libamina
580 608 683 681 vel,
704 607 1015 681 sacriﬁcia,
1053 610 1176 664 sive
1224 608 1575 665 holocausta
1608 627 1620 664 :
1651 610 1913 681 denique

254 682 341 735 sic
366 679 513 753 dicit
532 694 636 749 per
658 680 979 736 Jeremiam
1006 681 1382 753 prophetam,
1416 681 1544 735 Haec
1563 681 1697 736 dicit
1729 679 1915 737 Domi-

254 768 379 815 nus,
410 750 733 805 Holocausta
778 758 955 806 vestra
986 750 1294 823 cbngi-egate
1323 769 1437 808 cum
1473 753 1754 822 sacriﬁciis
1792 769 1910 808 ves-

258 824 385 890 tris,
430 829 477 877 et
506 822 824 878 manducata
851 840 1040 878 carnes
1060 822 1261 895 {quia
1285 841 1389 878 non
1433 841 1544 879 sum
1590 826 1792 879 locutus
1844 826 1913 879 ad

252 901 443 966 patres
468 901 686 966 vestros,
719 910 885 966 neque
913 894 1170 950 mandaui
1200 894 1332 959 illis,
1362 913 1466 966 qua
1491 896 1583 950 die
1606 897 1775 950 eduxi
1792 896 1915 952 illos

257 964 322 1021 de
350 973 501 1037 terra
524 965 751 1036 Egypti
772 964 989 1037 (Ilerem.
1016 983 1108 1031 vu,
1143 970 1201 1020 2t
1232 973 1280 1020 et
1302 964 1413 1035 22).

334 1040 411 1092 De
440 1036 805 1109 holocaustis
844 1043 899 1109 et
931 1038 1257 1103 sacriﬁciis,
1283 1039 1330 1092 si
1350 1039 1586 1109 penitus
1613 1036 1910 1103 advertas,

259 1123 381 1163 non
410 1115 499 1163 est
528 1108 602 1163 de
632 1109 746 1163 hac
777 1123 837 1162 re
868 1108 1061 1181 facere
1091 1108 1484 1181 quaestionem
1520 1124 1533 1160 :
1569 1124 1676 1163 nec
1710 1110 1913 1165 menti-

260 1186 387 1235 tum
424 1181 741 1234 Dominum
759 1180 1257 1236 autimmutatum
1282 1187 1473 1250 putes,
1499 1186 1560 1234 ut
1578 1181 1910 1249 mandaret,

259 1259 316 1305 et
365 1257 574 1322 postea
623 1252 962 1319 denegaret.
1012 1254 1091 1307 De
1141 1251 1489 1321 hujusmodi
1533 1252 1695 1322 enim
1740 1252 1914 1307 sacri-

258 1321 407 1376 ﬁciis
435 1329 491 1377 et
518 1322 909 1377 libaminibus
949 1337 1052 1377 seu
1102 1321 1471 1377 holocaustis
1504 1321 1646 1376 nihil
1678 1323 1910 1377 inveni-

258 1399 353 1448 tur
380 1393 722 1459 mandasse,
742 1393 816 1448 de
834 1394 1056 1464 quibus
1082 1409 1242 1464 nunc
1270 1409 1331 1448 se
1352 1393 1617 1448 locutum
1644 1399 1911 1449 testatur.

260 1467 388 1520 Duo
417 1465 635 1520 etenim
677 1463 899 1535 genera
932 1463 1352 1520 sacriﬁciorum
1391 1465 1634 1519 adverte
1677 1481 1689 1518 :
1727 1481 1914 1520 unum

255 1536 420 1607 quod
449 1551 551 1607 per
581 1535 819 1607 singula
856 1551 1078 1607 genera
1106 1535 1304 1591 offerri
1338 1536 1694 1591 mandatum
1719 1542 1827 1604 est,
1861 1543 1915 1592 et

258 1606 422 1662 aliud
456 1606 1063 1679 quodvoluntarium
1111 1607 1340 1679 dictum
1403 1611 1512 1663 est.
1569 1607 1717 1661 Illud
1773 1623 1915 1679 ergo

258 1679 425 1748 quod
457 1677 561 1748 per
597 1677 834 1734 diversa
876 1693 1115 1749 genera,
1158 1678 1281 1733 sive
1321 1694 1428 1749 pro
1479 1680 1755 1749 peccatis,
1790 1677 1915 1734 sive

257 1764 395 1821 pro
430 1750 838 1821 primogenitis
877 1748 1077 1821 oﬁ‘erri
1122 1748 1485 1821 praeceptum
1520 1756 1626 1817 est,
1673 1750 1819 1821 quid
1860 1756 1915 1805 et

256 1820 438 1891 quale
468 1827 525 1875 et
567 1820 875 1891 quomodo
914 1820 1289 1876 offerendum
1335 1825 1511 1887 esset,
1558 1820 1913 1876 mandatum

258 1895 367 1946 est.
404 1891 773 1947 Sacriﬁcium
831 1898 1029 1947 autem
1060 1892 1492 1963 voluntarium
1550 1907 1670 1947 non
1716 1894 1916 1963 utique

261 1963 618 2035 mandatum
650 1967 758 2035 est,
799 1964 942 2035 quia
987 1962 1231 2019 arbitrio
1278 1964 1599 2018 remissum
1638 1968 1744 2035 est,
1778 1962 1839 2017 ut
1868 1962 1914 2016 si

259 2034 479 2106 aliquis
517 2034 798 2106 voluisset
824 2034 1071 2099 ’otterre,
1113 2035 1278 2106 quod
1318 2035 1398 2089 illi
1439 2036 1633 2089 visum
1682 2034 1914 2106 fuisset,

259 2104 500 2161 offerret
525 2122 538 2160 :
568 2105 899 2160 voluntaria
925 2108 940 2141 ¹
972 2104 1330 2161 εηὶιιιέτδηῐ
1354 2106 1483 2160 haec
1514 2105 1822 2160 sacriﬁcia.
1854 2108 1918 2160 Et

260 2179 406 2250 quia
438 2177 876 2250 negligenter‘et
898 2177 1229 2250 improvide
1260 2177 1388 2232 haec
1413 2176 1766 2250 offerebant,
1795 2191 1916 2230 non

259 2247 681 2313 deliberantes,
714 2247 853 2319 quia
888 2249 989 2319 qui
1021 2247 1257 2303 offerret
1296 2247 1633 2318 potentiori,
1668 2263 1917 2302 munera

261 2320 448 2375 electa
478 2318 757 2383 oﬂerret}
793 2318 1013 2373 idcirco
1058 2320 1273 2374 dicitur
1311 2320 1417 2383 eis,
1473 2322 1595 2374 Non
1630 2319 1917 2375 mandavi

259 2391 434 2445 vobis
451 2391 524 2446 de
549 2391 640 2445 his
670 2407 682 2445 :
719 2390 825 2444 sed
860 2391 906 2444 si
932 2390 1129 2454 vultis,
1153 2391 1381 2446 debetis
1410 2406 1545 2461 quae
1577 2391 1758 2459 digna
1782 2396 1919 2445 sunt

260 2461 494 2518 offerre.
522 2463 613 2516 Sic
631 2462 848 2517 etenim
877 2462 1191 2525 invenitur,
1219 2466 1275 2517 et
1296 2463 1434 2517 Cain
1455 2477 1755 2532 peccasse,
1780 2478 1916 2517 cum

261 2550 385 2588 non
410 2532 745 2589 considerat
775 2532 893 2588 Deo
919 2534 1048 2588 haec
1066 2533 1278 2589 debere
1295 2534 1514 2598 offerri,
1534 2548 1667 2604 quae
1691 2535 1918 2604 potiora

263 2611 422 2676 sunt.
486 2605 844 2676 Cumrenim
896 2605 973 2659 ad
1026 2606 1474 2676 propitiandum
1544 2605 1730 2659 Deum
1790 2605 1917 2659 heec

263 2675 475 2732 offerre
521 2692 581 2730 se
612 2675 893 2741 dicerent,
926 2676 985 2730 in
1018 2692 1089 2731 eo
1128 2675 1259 2747 ipso
1291 2676 1699 2747 provocabant
1730 2677 1917 2731 Deum

264 2747 342 2803 ad
377 2748 873 2815 indignationem,
908 2748 1055 2819 utin
1087 2747 1147 2801 id
1178 2747 1341 2819 quod
1375 2749 1639 2803 dicerent
1673 2763 1733 2800 se
1766 2748 1917 2802 bene

264 2819 481 2879 facere.
520 2817 1337 2889 peccarentofferentes‘Deo
1378 2819 1728 2874 holocausta
1764 2821 1918 2873 indi—

267 2906 409 2959 gna.
456 2888 620 2945 Unde
660 2889 799 2945 dicit
844 2888 900 2943 in
933 2890 1220 2945 Malachia
1251 2892 1563 2960 propheta,
1593 2889 1653 2943 Si
1679 2890 1916 2944 adduca-

269 2963 343 3015 tis
370 2961 443 3015 ad
466 2961 741 3016 victimam
790 2977 985 3015 caecum
1014 2968 1109 3015 aut
1140 2960 1389 3015 claudum
1426 2968 1520 3014 aut
1551 2977 1780 3030 aegrum,
1813 2978 1919 3016 non

267 3039 345 3088 est
379 3033 588 3087 bonum.
621 3033 771 3102 Offer
798 3038 974 3086 autem
1002 3050 1063 3086 ea
1106 3033 1232 3087 duci
1276 3039 1372 3087 aut
1397 3032 1703 3103 praeposita
1730 3038 1837 3093 tuo,
1868 3032 1921 3085 si

268 3104 530 3175 suscipiet
559 3112 628 3169 te,
660 3104 794 3158 dicit
829 3103 1095 3159 Dominus
1124 3102 1451 3174 omnipotens
1481 3102 1808 3175 (Malachtt,
1843 3104 1917 3172 8).

270 3174 427 3230 Hinc
446 3181 534 3229 est
552 3181 625 3247 ut
645 3191 752 3247 per
776 3176 992 3247 ilsaiam
1022 3176 1095 3247 de
1122 3177 1327 3230 cadem
1354 3192 1414 3229 re
1437 3182 1719 3247 queratur
1743 3174 1915 3247 Deus,

268 3246 498 3310 dicens,
530 3245 660 3311 Quo
706 3246 852 3300 mihi
891 3262 1030 3300 oves
1079 3245 1411 3302 holocausti
1447 3247 1529 3300 tui
1570 3245 1597 3299 ‘i
1627 3247 1826 3311 Neque
1859 3245 1920 3299 in

266 3318 579 3373 sacriﬁciis
620 3316 737 3371 tuis
776 3316 1081 3372 honorasti
1114 3334 1227 3372 me.
1262 3319 1388 3373 Non
1416 3317 1574 3372 enim
1625 3316 1701 3371 ad
1729 3316 1838 3371 hoc
1868 3321 1921 3371 te

266 3390 401 3453 feci,
436 3393 500 3443 ut
528 3387 832 3443 laborares
860 3390 918 3443 in
951 3388 1140 3453 thure,
1173 3396 1273 3444 aut
1304 3394 1367 3443 ut
1397 3389 1744 3444 mercareris
1777 3388 1923 3442 mihi

268 3466 517 3529 argento
549 3459 901 3525 incensum;
933 3474 1041 3514 nec
1071 3460 1309 3531 adipem
1336 3460 1766 3515 sacriﬁciorum
1799 3465 1925 3514 tuo-

266 3546 404 3586 rum
447 3531 765 3602 concupivi
798 3547 809 3583 :
848 3531 907 3585 in
938 3530 1195 3602 peccatis
1240 3536 1440 3587 autem
1474 3531 1587 3585 tuis
1615 3542 1673 3586 et
1703 3530 1921 3601 iniqui-

268 3602 493 3659 tatibus
531 3602 765 3658 astitisti
814 3602 960 3656 mihi
991 3602 1147 3673 (Isai.
1198 3621 1231 3668 I,
1271 3606 1378 3672 tt).
1414 3603 1790 3657 Manifestum
1834 3606 1926 3657 est

269 3674 477 3745 itaque
510 3678 670 3745 ortas
708 3688 836 3728 esse
870 3674 1135 3744 querelas
1168 3695 1187 3745 :7
1224 3674 1368 3745 quia
1412 3689 1549 3729 cum
1592 3674 1926 3729 voluntaria

267 3743 561 3800 sacriﬁcia
602 3743 899 3810 oﬂerrent,
932 3759 1054 3798 non
1084 3745 1144 3799 in
1176 3743 1267 3798 his
1300 3748 1484 3799 Deum
1519 3745 1922 3807 honorabant,

268 3815 586 3873 offerentes
607 3816 879 3887 indigna,
913 3831 1051 3870 cum
1072 3816 1197 3870 haec
1234 3817 1433 3886 utique
1460 3831 1579 3871 non
1610 3821 1804 3887 essent
1828 3830 1925 3869 ne-

272 3887 587 3942 cessitatis.
623 3887 679 3941 Si
727 3886 886 3942 enim
932 3888 1219 3942 mandata
1259 3887 1531 3952 fuissent,
1582 3886 1927 3941 necessitate

268 3958 634 4013 videbantur
663 3958 1130 4030 qualiacumque
1156 3957 1367 4030 offerre
1400 3974 1413 4023 ;
1451 3957 1698 4030 quando
1727 3965 1928 4030 autem

271 4030 523 4085 arbitrio
554 4045 663 4084 suo
685 4027 819 4085 haec
836 4027 1188 4096 offerebant,
1210 4029 1353 4085 talia
1373 4027 1673 4084 debebant
1693 4027 1925 4093 offerre,

270 4118 347 4158 ex
377 4100 594 4173 quibus
624 4100 982 4173 obsequium
1016 4101 1075 4155 in
1121 4117 1187 4173 se
1226 4102 1325 4155 Dei
1374 4101 1771 4173 ostenderent.
1812 4099 1928 4173 Sed

271 4173 424 4245 quia
462 4173 700 4245 animus
724 4172 959 4245 illorum
993 4172 1317 4245 cupiditate
1345 4172 1640 4245 idolorum
1670 4172 1926 4234 errabat,

272 4243 714 4299 inconsiderate
761 4243 889 4299 haec
929 4243 1207 4313 agebant.
1248 4244 1427 4312 Igitur
1463 4244 1681 4315 duplici
1717 4256 1930 4315 genere

272 4315 737 4386 exprobrantur,
774 4316 917 4386 quia
947 4322 1003 4369 et
1035 4316 1235 4386 inique
1287 4319 1556 4383 agentes,
1591 4314 1931 4386 Deo_aude-

273 4384 425 4442 bant
468 4385 681 4441 offerre
713 4402 726 4451 ;
766 4384 823 4441 et
852 4401 989 4457 quae
1024 4384 1271 4455 indigna
1315 4392 1499 4449 erant,
1540 4384 1871 4440 offerebant
1911 4400 1927 4457 ξ

273 4474 416 4512 cum
450 4457 639 4528 iniqui
679 4463 845 4512 actus
872 4455 1015 4513 _non
1057 4456 1360 4513 sacriﬁciis
1400 4458 1789 4528 redimantur,
1827 4455 1930 4509 sed

273 4526 706 4584 lamentatione
725 4533 781 4584 et
803 4529 1228 4584 misericordia.
1248 4527 1411 4584 Unde
1433 4529 1574 4582 dicit
1594 4526 1781 4583 David
1795 4542 1930 4580 cum

320 4605 609 4662 eccasset,
643 4598 704 4653 Si
758 4599 1031 4663 voluisses,
1065 4600 1340 4671 sacriﬁcia
1399 4599 1657 4654 dedissem
1688 4622 1706 4651 .-
1748 4598 1937 4671 utique

311 4672 605 4726 olocaustis
635 4687 739 4726 non
774 4671 1136 4726 delectaberis.
1179 4671 1529 4741 Sacriﬁcium
1570 4670 1678 4725 Deo
1706 4670 1937 4741 spiritus

273 4742 676 4797 eontribulatus
697 4765 716 4812 ,-
734 4749 781 4797 et
799 4760 890 4798 cor
909 4744 1206 4797 contritum
1228 4750 1279 4797 et
1302 4743 1649 4797 humiliatum
1670 4742 1811 4797 Deus
1833 4756 1933 4795 non

273 4816 493 4885 spernit
520 4814 689 4884 (Psal.
733 4831 781 4877 1.,
821 4815 902 4878 t8,
955 4814 1060 4885 19).
1108 4814 1371 4885 Denique
1400 4814 1539 4868 dicit
1576 4813 1813 4868 Samuel
1838 4812 1935 4885 ad

279 4883 444 4951 Saﬁl,
478 4883 580 4956 qui
611 4901 750 4940 cum
778 4883 1239 4956 contempsisset
1274 4883 1643 4955 praeceptum
1680 4883 1936 4956 Domini,

277 4955 571 5012 sacriﬁcio
623 4957 808 5011 Deum
843 4957 1097 5026 putabat
1129 4972 1307 5026 posse
1339 4957 1590 5025 placari,
1622 4956 1748 5011 Non
1773 4955 1935 5020 enim,

280 5028 499 5098 inquit,
530 5027 645 5082 vult
672 5027 817 5083 Deus
853 5029 1179 5098 sacriﬁcium
1218 5028 1403 5098 magis,
1432 5045 1589 5098 quam
1619 5027 1813 5081 audiri
1852 5042 1939 5079 vo-

278 5115 565 5171 cemsuam
596 5100 638 5169 (l
666 5100 791 5169 Reg.
824 5116 917 5167 xv,
950 5101 1062 5171 22).
1107 5102 1169 5154 Et
1201 5102 1501 5171 Scriptura
1533 5099 1692 5160 dicit,
1724 5098 1935 5171 Miseri:

278 5170 525 5226 cordiam
553 5168 669 5225 ccio
687 5168 809 5242 plus
833 5188 995 5241 quam
1021 5168 1352 5241 sacriﬁcium
1379 5170 1522 5235 (Osee
1545 5186 1619 5235 vr,
1641 5171 1725 5242 6).,
1747 5168 1940 5242 Judaei

281 5258 423 5299 cum
459 5242 660 5312 injusti
692 5241 922 5307 essent,
965 5248 1021 5298 et
1058 5242 1582 5305 immisericordes,
1631 5241 1942 5295 oblationi-

281 5315 399 5369 bus
432 5314 757 5385 propitium
792 5316 975 5369 Deum
1016 5313 1139 5368 ﬁeri
1172 5314 1624 5385 arbitrabantur
1653 5327 1663 5365 :
1700 5316 1848 5385 sicut
1887 5317 1942 5365 et

283 5382 449 5466 nunc
478 5382 744 5466 quidam!
781 5392 1128 5466 spernentes
1158 5384 1495 5466 justitiam,
1530 5382 1939 5466 oblationibus

282 5454 520 5512 laudari
552 5472 613 5510 se
645 5454 874 5528 putant.
908 5456 1075 5511 Bona
1104 5462 1194 5510 est
1233 5470 1370 5524 ergo
1390 5454 1642 5528 _oblatio,
1673 5456 1720 5528 si
1753 5469 1943 5528 serve-

286 5533 382 5583 tur
410 5525 664 5599 justitiai
697 5532 752 5582 et
782 5543 903 5583 non
947 5527 1283 5599 negligatur
1321 5525 1769 5599 misericordia;
1802 5526 1943 5596 quia

287 5598 453 5672 quod
488 5599 662 5655 nobis
690 5600 967 5669 petimus,
991 5605 1047 5655 et
1068 5600 1198 5655 aliis
1232 5601 1519 5671 prmstare
1544 5598 1857 5652 debemus.

350 5689 364 5719 ¹
392 5687 488 5737 Ms.
522 5686 773 5748 Colbert.,
805 5689 1001 5742 votiva.

348 5752 420 5812 (α)
446 5750 570 5802 Hinc
599 5751 829 5817 quaistio
864 5751 1015 5803 deest
1035 5751 1091 5801 in
1114 5750 1241 5801 Mss.
1271 5747 1496 5801 secundi
1530 5747 1756 5813 generis.

1786 196 2161 262 APPENDIX.

3537 208 3677 272 2314

2540 345 2606 385 DE
2634 346 2938 387 EVANGELIO
2976 348 3147 390 LUCE.

2092 399 2205 456 CIV
2251 400 2352 472 (a).
2385 432 2452 441 —
2505 403 2704 457 Sciens
2748 405 3033 458 Dominus
3080 404 3306 461 bellum
3354 408 3674 468 Iudaicum

2019 471 2319 546 adversus
2332 488 2393 527 se
2420 472 2709 546 futurum,
2723 473 2821 529 dix
2836 474 2877 530 it
2892 475 3202 546 discipulis
3216 477 3336 531 suis
3351 484 3415 533 ut
3441 480 3676 546 gladios

2019 541 2131 617 sibi
2150 551 2431 617 pararent
2457 564 2468 602 :
2493 560 2615 617 quo
2639 545 2816 617 facto,
2842 562 2979 601 cum
2999 541 3257 617 coeptum
3278 541 3673 609 essetbellum

2020 615 2168 669 duce
2197 615 2349 689 Juda
2378 615 2658 681 Scariote,
2692 616 2898 689 videns
2934 615 3127 672 Petrus
3144 620 3452 689 apostolus
3486 624 3677 679 insur-

2020 691 2226 761 gentes
2259 686 2483 761 hostes,
2526 687 2769 761 protulit
2806 687 3094 756 gladium,
3129 686 3545 761 et'amputavit
3573 711 3677 750 au-

2020 757 2294 834 riculam,
2324 758 2472 811 servi
2525 757 2926 834 sacerdotum.
2961 763 3121 834 Tunc
3176 757 3461 834 Dom-inus
3498 765 3677 834 jussit

2018 828 2203 893 Petro,
2241 833 2302 882 ut
2358 832 2705 884 reconderet
2754 830 3019 898 gladium
3069 831 3130 885 in
3172 833 3408 888 thecam
3452 828 3670 892 suam:

2021 899 2210 977 Qmais
2239 899 2400 977 enim,
2432 900 2641 972 inquit,
2674 900 2769 977 qui
2796 902 3305 977 ιιίξιξεορίρριαὰἱιιτη,⁸
3322 904 3504 977 gladio
3526 910 3675 977 peri-

2020 968 2092 1024 bit
2126 970 2343 1050 (Matth.
2377 968 2534 1037 xxvi,
2566 976 2649 1037 51,
2681 968 2797 1041 32).
2847 968 3061 1050 thuid
3098 968 3541 1050 pararijussit;
3572 980 3671 1050 qui

2022 1042 2325 1117 prohibuit
2347 1050 2652 1113 percutere
2669 1060 2691 1117 _;
2723 1058 2887 1117 reum
2904 1042 3675 1117 etiam'mortis'designa’ns

2019 1128 2179 1189 eum,
2213 1114 2313 1189 qui
2346 1115 2708 1185 percusserit
2750 1115 2975 1189 gladio,
3019 1132 3156 1171 cum
3195 1132 3323 1189 non
3347 1114 3548 1189 utique
3589 1120 3675 1174 in-

2016 1184 2174 1256 juste
2217 1184 2489 1239 videatur
2531 1186 2840 1256 apostolus
2888 1190 3253 1256 percussisse
3302 1187 3330 1242 ?
3374 1184 3673 1254 Quantum

2020 1255 2177 1309 enim
2207 1256 2461 1326 pertinet
2485 1255 2836 1331 adPetrum,
2854 1255 3154 1331 percussit
3175 1274 3311 1331 eum
3335 1274 3518 1331 quem
3538 1277 3677 1317 con-

2021 1333 2110 1381 tra
2142 1342 2202 1380 se
2236 1332 2532 1381 armatum
2556 1326 2816 1382 videbat.
2852 1329 3139 1383 Resistere
3172 1330 3329 1384 enim
3354 1326 3564 1387 debuit
3592 1334 3675 1388 in-

2022 1398 2206 1467 gratis
2233 1398 2440 1461 servis,
2474 1402 2530 1451 et
2560 1399 2635 1452 ad
2671 1399 2989 1453 Dominum
3030 1400 3373 1456 necandum
3405 1405 3668 1459 armatis.

2023 1467 2340 1549 Stasingula.
2373 1468 2644 1549 membra
2674 1469 2954 1549 inspicias
2981 1486 3198 1549 causae,
3238 1472 3412 1542 cujus
3444 1475 3539 1549 vis
3573 1491 3676 1549 pa-

2023 1539 2201 1614 teﬁeri
2235 1540 2546 1614 rationem,
2581 1539 2850 1595 invenies
2881 1545 2938 1595 et
2976 1541 3091 1596 alia
3120 1558 3257 1614 quae
3290 1539 3558 1614 requiras
3574 1539 3672 1599 his

2023 1610 2212 1685 dictis.
2257 1611 2410 1674 Quid
2436 1612 2600 1685 enim
2646 1626 2813 1685 opus
2836 1616 2981 1685 erat,
3014 1618 3078 1685 _ut
3118 1610 3213 1667 hic
3251 1615 3351 1684 qui
3376 1610 3674 1685 ‘spirituali

2022 1682 2206 1737 fretus
2237 1688 2363 1737 erat
2394 1683 2624 1746 virtute,
2659 1682 2892 1751 gladios
2942 1682 3178 1753 juberet
3225 1682 3432 1753 parari
3460 1702 3673 1742 carna-

2022 1753 2106 1808 les
2140 1768 2151 1806 :
2188 1761 2239 1807 et
2272 1754 2374 1824 qui
2406 1754 2571 1823 prius
2592 1753 2767 1825 jussit
2796 1754 2853 1807 in
2884 1754 2978 1825 via
3006 1770 3116 1808 nec
3146 1770 3350 1825 peram
3384 1756 3539 1821 ferri,
3566 1772 3674 1812 nec

2067 1828 2365 1897 ecuniam,
2418 1840 2525 1897 nec
2568 1824 3029 1897 virgam(ld._x,
3066 1824 3202 1897 10):;
3237 1842 3396 1881 nunc
3440 1828 3677 1897 juberet

2067 1895 2255 1959 aberi,
2275 1911 2410 1967 quae
2437 1896 2602 1966 prius
2626 1895 2931 1967 prohibuit
2955 1894 2983 1949 ?
3001 1895 3366 1966 Incipiamus
3389 1894 3550 1966 ergo,
3572 1915 3677 1953 cur

2024 1967 2513 2042 gladios‘jusserit
2542 1967 2737 2042 parari
2759 1972 2816 2042 et
2846 1967 3033 2042 occidi
3062 1967 3448 2038 prohibuerit,
3476 1969 3677 2042 expla-

2026 2053 2186 2092 nare.
2230 2040 2353 2093 Non
2389 2036 2579 2092 solum
2609 2038 2767 2092 enim
2798 2036 3200 2103 inimicorum,
3243 2054 3451 2094 verum
3495 2036 3676 2095 etiam

2024 2110 2289 2179 ipsorum
2332 2108 2762 2183 discipulorum
2816 2125 3063 2165 suorum
3114 2125 3320 2183 causa,
3354 2110 3430 2164 ad
3470 2127 3678 2183 super-

2022 2186 2338 2235 venturum
2373 2179 2594 2252 bellum
2633 2196 2801 2252 arma
2832 2182 3140 2250 procurari
3171 2183 3470 2252 praecepit.
3513 2179 3678 2238 Nova

2025 2252 2182 2306 enim
2224 2251 2732 2323 etrrmirabilisres
2764 2250 2975 2323 futura
3004 2258 3151 2323 erat,
3174 2250 3259 2306 ‘ut
3288 2254 3335 2307 is
3369 2250 3477 2323 qui
3526 2269 3681 2309 nova

2025 2330 2081 2377 et
2107 2322 2377 2377 inaudita
2402 2322 2577 2391 signa
2608 2321 2882 2385 faciebat,
2918 2323 3000 2377 sic
3021 2322 3219 2378 subito
3244 2321 3677 2389 humiliaretur,

2028 2399 2087 2448 ut
2110 2401 2163 2448 et
2198 2392 2963 2465 verberibussubjiceretur
2993 2399 3049 2448 et
3077 2395 3275 2448 morti.
3308 2394 3388 2449 Ne
3421 2410 3562 2465 ergo
3587 2412 3683 2450 ve-

2024 2465 2510 2546 lutimpraascius
2542 2464 2669 2546 hinc
2700 2464 2820 2534 pati
2866 2465 3181 2545 videretur,
3213 2471 3267 2519 et
3290 2481 3332 2546 ρ.
3359 2481 3482 2546 quo
3502 2464 3683 2546 "forte

2026 2536 2211 2590 virtus
2242 2536 2601 2599 recessisset,
2640 2535 2763 2590 haec
2797 2536 3002 2591 omnia
3030 2536 3112 2589 sic
3144 2535 3434 2606 praedixit,
3472 2542 3531 2591 ut
3560 2552 3680 2593 non

2025 2606 2418 2689 dubitaretde
2451 2606 2559 2689 his,
2587 2606 2691 2689 sed
2715 2608 3232 2689 praesciuscontra
3257 2607 3385 2662 1]ch
3417 2623 3478 2662 se
3510 2624 3684 2689 para-

2024 2684 2111 2733 ret
2136 2694 2150 2759 ,
2172 2684 2227 2732 et
2246 2678 2387 2760 quia
2415 2676 2719 2760 voluntate
2747 2677 3230 2760 humiliatus-est,
3255 2694 3375 2759 non
3408 2676 3684 2734 resistere

2028 2751 2223 2805 acrius
2268 2748 2523 2803 inimicis
2569 2748 2804 2817 juberet
2830 2763 2845 2820 :_
2875 2750 2933 2802 in
2992 2754 3225 2820 tantum
3258 2750 3527 2820 seipsum
3556 2765 3684 2804 esse

2027 2821 2128 2892 qui
2156 2820 2721 2892 fueratostendens,
2749 2818 2953 2889 utjam
2985 2819 3279 2892 detentus,
3314 2818 3520 2875 aurem
3547 2836 3683 2891 qum

2029 2891 2300 2947 abscissa
2347 2891 2538 2945 fuerat
2581 2894 2911 2945 restitueret
2944 2908 2956 2953 ;
3015 2894 3078 2945 ut
3105 2891 3267 2962 quod
3302 2891 3503 2958 gladio
3542 2907 3687 2962 ope-

2028 2968 2197 3017 rante
2219 2962 2545 3029 deciderat,
2580 2962 2852 3016 redderet
2886 2984 2898 3015 :
2932 2976 3051 3015 non
3085 2961 3261 3032 quasi
3293 2962 3549 3017 carnalis
3577 2961 3685 3017 uti-

2028 3049 2145 3105 que
2180 3033 2472 3096 medicus,
2507 3032 2609 3085 sed
2640 3032 3167 3105 quasicorporum
3210 3034 3484 3087 conditor
3531 3048 3686 3104 opus

2032 3102 2205 3158 suum
2245 3108 2585 3175 truncatum
2634 3102 2885 3175 reﬁnxit.
2922 3106 3037 3175 Nec
3068 3104 3223 3157 enim
3277 3110 3531 3175 possunt
3563 3102 3689 3159 me-

2029 3176 2143 3229 dici
2175 3174 2443 3229 abscissa
2468 3174 2735 3244 corporis
2761 3173 3031 3244 membra
3058 3173 3357 3243 reparare.
3390 3177 3458 3229 Ut
3486 3181 3686 3229 autem

2032 3247 2130 3302 Dei
2180 3246 2369 3300 virtus
2410 3246 2469 3299 in
2497 3242 2595 3298 illo
2627 3258 2746 3298 non
2792 3242 3251 3308 diminuta,’sed
3282 3245 3359 3298 ita
3407 3249 3469 3299 ut
3498 3245 3690 3301 fuerat

2030 3319 2226 3374 inesse
2274 3316 2593 3382 videretur,
2644 3321 2701 3369 et
2731 3313 2874 3369 illud
2922 3314 3189 3369 ﬁrmaret
3217 3315 3381 3384 quod
3436 3316 3683 3380 dixerat.

2032 3393 2357 3445 Potestatem
2389 3387 2548 3441 habeo
2566 3386 2801 3457 ponendi
2821 3389 3058 3440 animam
3084 3401 3273 3450 meam,
3308 3392 3356 3439 et
3378 3392 3687 3456 potestatem

2033 3462 2195 3516 habeo
2243 3462 2444 3515 iterum
2500 3456 2746 3513 sumendi
2777 3474 2889 3512 eam
2926 3458 3104 3527 (Joan.
3138 3473 3196 3520 χ.
3232 3456 3321 3527 18)
3356 3472 3368 3511 :
3401 3458 3515 3511 hac
3547 3473 3687 3527 ergo

2034 3550 2216 3588 causa
2234 3531 2466 3601 gladios
2490 3531 2706 3601 parari,
2731 3545 2849 3584 non
2874 3534 3075 3584 tamen
3094 3528 3497 3600 occidijusstt.
3523 3531 3689 3583 Nunc

2034 3605 2179 3659 illud
2209 3603 2523 3659 ostendere
2570 3604 2859 3671 superest,
2892 3616 3076 3671 quare
3126 3605 3415 3671 contuens
3466 3605 3688 3671 tactum

2035 3675 2291 3757 apostoli
2321 3673 2508 3754 'Petri,
2541 3670 2677 3726 eum
2711 3670 3047 3757 qui-gladio
3081 3686 3221 3725 usus
3251 3670 3455 3750 fuerit,
3476 3670 3688 3757 ‘glaldio

2035 3742 2181 3801 dixit
2211 3746 2423 3816 perire,
2451 3759 2587 3816 cum
2612 3758 2731 3797 non
2761 3743 2974 3816 injuste
2997 3742 3361 3816 percussisse
3397 3742 3685 3816 videatur.

2038 3821 2182 3872 Nam
2211 3812 2361 3869 sicut
2393 3814 2761 3883 signiﬁcatur
2790 3814 2848 3866 in
2885 3815 3058 3876 Luca,
3094 3813 3225 3883 ipso
3269 3812 3519 3868 Domino
3562 3829 3692 3883 per-

2038 3889 2301 3942 mittente
2331 3886 2642 3956 percussit,
2677 3888 2733 3956 et
2772 3886 2857 3938 sic
2909 3884 3244 3955 prohibitus
3293 3885 3421 3940 haec
3464 3884 3691 3940 audivit

2039 3959 2186 4029 (Luc.
2221 3955 2361 4021 xxu,
2390 3960 2477 4022 49,
2509 3956 2621 4027 50).
2674 3955 2816 4029 Ideo
2837 3956 3053 4011 etenim
3080 3956 3439 4029 permissum
3470 3961 3576 4021 est,
3628 3961 3691 4029 ut

2039 4026 2094 4085 et
2119 4029 2420 4084 vindicare
2441 4045 2504 4082 se
2531 4026 2705 4099 pOSSe
2724 4028 3041 4087 videretur,
3069 4026 3170 4081 sed
3197 4026 3388 4092 nolle;
3421 4032 3479 4081 et
3500 4033 3562 4082 ut
3581 4028 3693 4081 vir-

2041 4108 2132 4157 tus
2155 4101 2568 4155 ostenderetur
2595 4100 2652 4153 in
2681 4115 2751 4154 eo
2773 4115 3036 4163 manere,
3065 4100 3121 4152 in
3154 4115 3276 4169 quo
3309 4101 3514 4163 fuerat,
3550 4102 3612 4152 ut
3634 4099 3691 4151 in

2044 4178 2292 4243 utroque
2319 4171 2621 4226 vindicare
2655 4186 2717 4243 se
2745 4186 2923 4243 posse
2953 4185 3073 4243 non
3106 4170 3505 4243 ambigeretur
3540 4184 3551 4231 ;
3577 4169 3693 4221 ini—

2044 4245 2176 4298 mici
2196 4239 2350 4297 'vero
2373 4259 2481 4314 pro
2512 4246 2670 4314 certo
2696 4239 2983 4296 haberent
3015 4240 3217 4314 datam
3254 4240 3361 4314 sibi
3383 4239 3461 4292 ab
3490 4253 3561 4292 eo
3594 4254 3695 4307 po-

2045 4320 2337 4379 testatem,
2374 4310 2433 4368 ut
2463 4315 2575 4367 hoc
2609 4313 2888 4367 facerent.
2925 4314 3050 4366 Non
3082 4311 3238 4364 enim
3272 4310 3462 4364 victus
3507 4323 3698 4379 appa-

2042 4386 2233 4451 rebat,
2269 4385 2373 4439 sed
2404 4384 2643 4438 tradens
2674 4400 2733 4437 se
2761 4382 3049 4436 voluntati
3083 4396 3312 4434 eorum.
3338 4381 3697 4451 Quareergo

2045 4450 2333 4513 sententia
2362 4456 2502 4509 data
2545 4458 2654 4515 est,
2692 4458 2753 4506 ut
2794 4454 2896 4523 qui
2930 4451 3195 4519 gladium
3229 4452 3463 4523 accipit,
3497 4450 3696 4519 gladio

2044 4535 2246 4600 pereat
2269 4527 2418 4600 ;_nisi
2440 4524 2598 4596 quod
2613 4523 2764 4600 nulli
2789 4522 2939 4600 licet,
2968 4528 3214 4600 excepto
3237 4522 3457 4600 judice,
3485 4537 3699 4600 quem-

2044 4593 2472 4671 quamigladio‘
2499 4595 2768 4671 occidere
2799 4593 2826 4647 ἣν
2854 4593 3134 4671 Apostolo
3164 4597 3362 4671 autem
3397 4593 3567 4671 Peter
3601 4610 3700 4646 us-

2046 4663 2779 4742 quead‘hocpermissum
2802 4672 2911 4728 est,
2940 4671 2999 4742 ut
3028 4665 3297 4742 dolorem
3326 4663 3696 4742 facer_e_t,non

2047 4734 2209 4811 quod
2258 4734 2567 4811 occideret.
2604 4737 2687 4811 Ob
2732 4735 2845 4790 hoc
2878 4736 3031 4789 enim
3070 4734 3331 4811 audivit,
3367 4750 3441 4811 ne
3486 4736 3695 4811 iterum

2047 4804 2641 4887 percuterel_._Didicit
2671 4814 2977 4887 praeterea,
3023 4806 3171 4887 quia.
3209 4804 3544 4887 christianis
3572 4806 3696 4875 jam

2050 4876 2218 4939 iactis
2258 4881 2528 4937 occidere
2556 4876 2853 4934 non’licet.
2886 4881 2942 4931 ln
2975 4876 3386 4931 misericordia
3413 4877 3569 4930 enim
3599 4892 3699 4945 po-

2051 4956 2195 5019 sitis,
2218 4954 2346 5023 lege
2373 4951 2524 5023 juris
2560 4949 2790 5023 mundo
2819 4948 3132 5023 creditiuti
3167 4964 3281 5023 non
3312 4948 3454 5023 licet
3474 4963 3700 5023 aspere.

2051 5016 2199 5081 Illud
2244 5016 2442 5079 autem
2521 5022 2636 5076 uod
2667 5026 2803 5077 ante
2858 5020 3134 5074 euntibus
3164 5019 3224 5074 in
3273 5020 3368 5075 via
3398 5016 3705 5087 discipulis

2056 5098 2370 5149 mandasse
2402 5038 2655 5149 vigetur.
2700 5098 2762 5147 ut
2801 5090 2946 5146 nihil
2978 5090 3246 5145 tollerent
3286 5091 3345 5145 in
3390 5090 3503 5149 via,
3539 5087 3705 5149 pacis

2056 5098 2370 5153 mandasse
2402 5090 2655 5155 videtur.
2700 5098 2762 5147 ut
2801 5090 2946 5146 nihil
2978 5090 3246 5145 tollerent
3286 5091 3345 5145 in
3390 5090 3503 5154 via,
3539 5090 3707 5158 pacis

2052 5178 2137 5225 est
2155 5184 2357 5231 causa,
2378 5172 2433 5221 et
2457 5164 2647 5234 gratia
2666 5165 2968 5234 virtutum,
2993 5159 3703 5234 etaffabilitasdootrinm.

2060 5240 2201 5305 Quid
2235 5239 2393 5292 enim
2421 5230 2575 5306 opus
2607 5241 2730 5289 erat
2760 5233 2961 5306 tollere
2992 5232 3218 5306 aliquid
3249 5232 3306 5285 in
3340 5233 3459 5306 via,
3493 5230 3708 5306 quibus

2061 5299 2371 5380 signorum
2419 5299 2601 5362 causa
2632 5305 2835 5380 omnia
2864 5299 3172 5380 oﬁerenda
3206 5308 3379 5380 erant
3430 5301 3457 5355 ?
3500 5299 3570 5356 At
3610 5299 3711 5380 ubi

2055 5371 2310 5453 tempus,
2331 5395 2453 5451 quo
2469 5393 2531 5431 se
2546 5379 2665 5453 pati
2691 5374 2977 5453 permisit,
3004 5374 3078 5453 ad
3089 5373 3266 5453 venit,
3292 5380 3532 5453 propter
3547 5371 3711 5453 ςιιῖοᾲ

2055 5443 2391 5520 νὶχείωάςὶἐ
2408 5443 2591 5520 quam
2619 5443 2841 5501 bellum
2866 5444 3216 5500 imminebat
3234 5462 3246 5511 ;
3264 5443 3525 5520 armatos
3543 5443 3715 5520 jubet

2058 5540 2188 5579 esse
2219 5514 2538 5595 dis'cipulos
2574 5536 2591 5595 :_
2621 5533 2743 5595 non
2793 5522 2854 5571 ut
2884 5521 3245 5595 repugnaret
3271 5515 3374 5595 qui
3409 5514 3525 5595 pati
3559 5515 3714 5595 vole-

2055 5596 2180 5661 bat,
2229 5586 2449 5657 sed,'ut
2475 5590 2615 5653 dixi,
2650 5593 2717 5644 ut
2745 5586 3063 5659 praescium
3106 5604 3168 5643 se
3210 5587 3391 5658 hujus
3425 5586 3529 5656 rei,
3564 5592 3617 5641 et
3649 5586 3711 5641 in

2122 5744 2195 5806 (a)
2225 5743 2348 5793 Haec
2380 5740 2606 5805 qumstio
2641 5738 2793 5789 deest
2820 5739 2875 5788 in
2908 5736 3035 5788 Mss.
3068 5736 3293 5788 secundi
3332 5736 3563 5803 generis.
