4140 6208
569 158 709 218 2315

572 284 867 358 potestate
890 278 1114 337 habere
1135 279 1477 358 passionem
1512 291 1684 358 suam
1717 276 2056 332 ostenderet
2082 291 2098 358 ξ
2124 275 2232 331 hu-

575 347 1047 413 iniliaretautem
1077 347 1448 409 se'humana:
1478 347 1688 405 salutis
1707 363 1911 412 causa,
1940 347 2103 419 quod
2123 362 2231 401 suo

580 429 716 487 loco
735 426 985 480 dicetur.

576 492 577 495 “
648 498 734 552 CV
750 496 847 567 (a).
868 493 1271 567 —,Quomoqdo
1288 491 1592 567 Prophetia
1612 488 1866 567 quadret
1884 505 2022 543 cum
2046 490 2234 567 Evan-

579 561 767 640 gelio,
786 561 859 621 de
898 565 1320 640 obscuratione
1353 561 1499 640 solis
1524 569 1579 616 et
1608 561 1976 640 quibusdam
2008 562 2157 615 aliis.

651 632 794 695 Cum
830 640 889 693 in
933 639 1129 708 primo
1161 636 1445 708 adventu
1472 632 1705 708 Domini
1740 634 2091 708 praedictum
2115 633 2231 708 _sit,

579 711 723 783 quia
750 703 1276 783 contenebraretur
1317 705 1407 761 sol
1434 704 1816 783 inpassione
1837 703 2231 783 ejusLeadem

582 774 731 838 liora
753 797 872 851 qua
893 780 1115 851 factum
1133 780 1438 848 probatur,
1460 775 1519 851 i_d
1541 783 1647 842 est,
1668 776 1940 851 meridie.
1966 774 2232 851 Sicanim

584 845 867 922 scriptum
894 858 981 906 est
1008 850 1067 903 in
1095 845 1276 922 Amos
1308 847 1728 922 propheta_,_Et
1759 847 1867 899 erit
1896 847 1953 899 in
1994 845 2097 922 ilia
2126 845 2230 913 die,

582 917 720 979 dicit
744 922 1026 983 Dominus,
1052 921 1252 975 occidet
1270 917 1346 974 sol
1371 917 1437 972 in'
1465 918 1713 984 meridie,
1738 925 1787 971 et
1818 917 2234 971 contenebrescet

583 1012 745 1066 super
775 1001 984 1048 terram
1022 992 1134 1047 dies
1165 992 1300 1066 lucis
1348 992 1532 1062 (Amos
1576 1004 1689 1066 vui,
1723 990 1799 1059 9).
1830 990 1931 1043 lllo
1972 1004 2114 1066 ergo
2141 988 2235 1043 die

585 1083 621 1122 a
643 1060 808 1121 sexta
835 1066 984 1120 hora
1005 1060 1468 1118 contenebratus
1486 1066 1575 1115 est
1601 1060 1896 1131 solusque
1924 1060 1997 1113 ad
2021 1060 2234 1131 horam

585 1153 835 1204 nouam,
867 1142 924 1191 et
970 1136 1051 1190 ita
1090 1133 1387 1204 completa
1432 1139 1519 1187 est
1550 1130 1862 1204 prophetia
1910 1130 2236 1204 supradicti

584 1202 911 1281 prophetae.
946 1207 1153 1281 imago
1183 1202 1492 1281 hujusrei,
1524 1219 1658 1281 quae
1693 1203 1888 1281 futnura
1919 1207 2007 1281 est
2038 1202 2108 1281 in
2129 1202 2235 1257 ad-

586 1273 765 1336 ventu
793 1278 1028 1334 Domini
1059 1273 1345 1343 secundo,
1368 1278 1428 1329 in
1461 1273 1739 1345 paSsione
1766 1273 2115 1345 Dominiest
2145 1289 2238 1327 os-

588 1357 791 1421 tensa;
824 1351 1043 1421 quiain
1072 1349 1208 1421 line,
1235 1363 1368 1421 cum
1393 1344 1627 1421 coeperit
1650 1345 1934 1421 Dominus
1952 1344 2236 1421 advenire

589 1428 651 1477 ut
675 1414 901 1492 jud'icEt
921 1414 1559 1492 mundum,solven_t_'ur
1587 1416 1904 1492 luminaria
1930 1416 2007 1469 ab
2036 1414 2237 1492 ofﬁcio

587 1486 718 1556 suo,
751 1492 982 1547 dicente
1019 1492 1285 1558 Domino,
1318 1489 1388 1542 In
1418 1488 1540 1541 illis
1569 1486 1753 1540 diebus
1777 1486 1853 1540 soi
1892 1487 2239 1541 contenebra-

587 1564 757 1629 bitur,
788 1570 835 1617 et
859 1562 989 1617 tuna
1005 1579 1110 1615 non
1130 1561 1279 1615 dabit
1304 1559 1483 1613 lumen
1512 1575 1667 1613 suum
1696 1558 1911 1628 (Matth.
1945 1574 2105 1624 xxrv,
2124 1560 2233 1627 29).

588 1636 758 1700 Quod
780 1635 1027 1706 quidem
1050 1641 1107 1706 et
1126 1634 1249 1706 .loel
1276 1632 1565 1706 propheta
1596 1628 2142 1706 nouprmtermisit,
2178 1634 2239 1683 ut

586 1723 723 1760 cum
759 1700 1029 1760 a'multis
1062 1700 1604 1773 signiﬁcatur-,rsine
1634 1701 1819 1753 dubio
1860 1700 2238 1773 implericre-

585 1778 781 1831 datur.
817 1778 903 1830 Ita
947 1776 1104 1829 enim
1128 1772 1295 1828 idixit
1338 1789 1350 1826 :
1385 1772 1469 1826 Sol
1498 1778 1839 1826 convertetur
1882 1772 1943 1823 in
1974 1772 2234 1836 tenebras,

587 1855 637 1901 et
670 1849 808 1903 tuna
842 1848 901 1900 in
938 1846 1275 1915 sanguinem,
1307 1845 1624 1914 priusquam
1654 1844 1832 1896 veniat
1868 1843 1981 1895 dies
2017 1842 2237 1896 Domini

585 1936 809 1990 magnus
828 1926 876 1972 et
908 1918 1227 1987 mani/estus
1252 1916 1411 1990 (Joet.
1445 1932 1501 1979 ιι,
1527 1920 1637 1983 31).
1672 1917 1785 1967 Hoc
1812 1921 2103 1990 quantum
2133 1931 2233 1990 ap-

584 1984 771 2061 paret,
791 1984 1354 2061 secundo'adventui
1372 1989 1562 2061 magis
1579 1988 1849 2061 congruit
1876 2001 1888 2049 ;
1916 1984 2234 2061 tunc_en_im

584 2056 868 2117 omnibus
897 2068 1099 2132 aperte
1128 2058 1626 2132 manifestabitur,
1660 2059 1743 2132 sic
1774 2056 2003 2132 dicente
2036 2056 2235 2127 Scrip-

585 2139 735 2188 tura.
779 2134 925 2187 Tunc
941 2127 1155 2185 'videbit
1188 2130 1345 2183 illum
1389 2130 1561 2182 omnis
1589 2127 1794 2191 oculus,
1827 2134 1875 2181 et
1904 2127 2155 2197 plangent
2182 2144 2234 2181 se

581 2220 742 2275 super
770 2205 935 2259 illum
964 2218 1141 2257 omnes
1153 2202 1335 2275 tribus
1360 2208 1542 2275 terrae,
1571 2206 1619 2253 et
1646 2199 1743 2269 qui
1772 2198 1927 2275 illum
1952 2199 2234 2275 cruci/iae-

580 2270 713 2331 runt
747 2276 938 2345 (Apoc.
973 2292 1010 2339 ι,
1044 2276 1118 2344 7).
1151 2273 1355 2345 Itaque
1388 2272 1433 2325 si
1462 2273 1520 2325 in
1542 2278 1798 2345 utroque
1826 2270 2232 2345 adventuhoc

578 2340 933 2410 continetur,
974 2340 1117 2417 quia.
1165 2340 1806 2417 sol—contenebrabitur
1837 2340 1947 2395 illis
1995 2340 2228 2417 diebus,

576 2420 680 2490 qui
719 2419 847 2473 dies
896 2412 1010 2472 ille'
1041 2424 1148 2481 est,
1210 2431 1333 2490 quo
1374 2413 1645 2490 ampliari
1694 2412 1883 2467 solem
1915 2417 1970 2466 et
2023 2412 2229 2490 lunam

576 2483 789 2545 c'ecinit
856 2490 1161 2559 Scriptura
1204 2483 1247 2543 7'
1271 2486 1363 2541 Ait
1401 2483 1557 2539 enim
1612 2486 1759 2539 inter
1802 2490 2013 2537 caetera
2046 2483 2229 2559 Isaias

574 2561 782 2616 dicens
832 2576 844 2612 :
898 2554 1129 2630 Eritque
1170 2574 1331 2630 super
1395 2573 1599 2610 omnem
1651 2561 1886 2630 montem
1937 2554 2225 2630 excelsum,

573 2638 623 2685 et
676 2633 735 2686 in
799 2634 950 2686 omni
996 2625 1103 2685 loco
1158 2625 1361 2683 excelso
1416 2644 1553 2697 aqua
1604 2625 1985 2695 perambulatis
2040 2627 2095 2678 in
2142 2626 2228 2679 die

573 2703 693 2768 illa,
721 2720 841 2758 cum
865 2701 1137 2773 perierint
1166 2700 1346 2773 multi,
1374 2705 1422 2752 et
1451 2714 1567 2773 cum
1602 2697 2110 2773 ceciderintturres.
2155 2698 2226 2750 Et

571 2776 681 2828 erit
705 2768 886 2829 lumen
926 2776 1089 2836 tunae,
1122 2778 1182 2826 ut
1215 2771 1388 2824 lumen
1428 2768 1554 2822 solis
1574 2784 1597 2831 ,'
1625 2774 1675 2821 et
1707 2768 1801 2821 tua:
1822 2768 1951 2821 solis
1982 2775 2091 2821 erit
2114 2784 2227 2837 sep-

573 2848 673 2899 ties
706 2851 915 2899 tantum
941 2845 999 2898 in
1024 2845 1131 2897 die.
1154 2859 1272 2897 eum
1294 2839 1509 2895 sanabit
1531 2840 1907 2893 contritionem
1929 2838 2117 2909 pepuli
2139 2840 2228 2894 sui

570 2916 727 2985 (Isai.
769 2932 908 2980 xxx,
940 2917 1029 2981 25,
1062 2914 1175 2985 26),
1210 2920 1265 2967 et
1298 2918 1529 2967 caetera.
1561 2912 1669 2975 Qui
1701 2910 1826 2964 dies
1850 2918 2041 2985 potest
2062 2910 2227 2965 intel-

568 2983 692 3055 ligi,
721 3002 842 3057 quo
873 2983 1144 3057 promisit
1161 3000 1223 3039 se
1254 2985 1536 3057 Dominus
1564 2997 1776 3057 sanare
1807 2983 2223 3037 contritionem

570 3003 692 3055 “gl,
767 3003 842 3041 υο
873 3003 1141 3057 promtstt
1161 3003 1223 3039 88
1254 3003 1536 3039 UOIDIHUS
1564 3003 1776 3037 saltare
1807 3003 2223 3037 COIlll‘lllOUelIl

570 3003 779 3129 popiiii
829 3058 920 3112 sui
947 3056 975 3112 ‘2
1017 3060 1175 3129 Hunc
1219 3056 1435 3129 opinor
1476 3068 1605 3129 esse
1632 3053 1819 3129 diem,
1844 3069 2021 3129 quem
2058 3057 2226 3129 pater

567 3124 820 3184 Joannis
852 3127 1167 3184 Zacharias
1198 3124 1452 3181 ostendit
1496 3125 1699 3179 dicens
1734 3141 1745 3178 :
1777 3124 2093 3179 Benedictus
2124 3125 2226 3179 Do-

567 3200 749 3255 minus
777 3200 973 3264 Israel,
1006 3200 1139 3271 quia
1170 3198 1493 3271 visitavit_et
1521 3196 2089 3271 fecitredemptionem
2117 3196 2225 3271 ple:-

568 3271 646 3326 bis
674 3288 806 3327 suae.
858 3274 918 3326 Et
948 3267 1120 3325 erexit
1149 3285 1318 3324 cornu
1346 3268 1541 3322 salutis
1581 3268 1729 3321 nobis
1762 3267 1819 3321 in
1857 3268 2007 3321 domo
2043 3267 2225 3321 David

564 3344 725 3414 pueri
737 3345 843 3398 sui.
867 3343 1019 3397 Sicut
1048 3344 1254 3396 locutus
1285 3348 1361 3414 est
1376 3356 1479 3410 per
1498 3356 1553 3393 os
1576 3344 1892 3414 sonctorurn
1914 3338 2224 3414 Propheta-

562 3409 687 3471 rum
711 3431 952 3480 suorum,
984 3414 1076 3485 qui
1105 3431 1138 3467 a
1183 3409 1391 3485 swcuto’
1404 3418 1549 3465 sunt.
1584 3411 1655 3485 _Et
1699 3409 1952 3485 liberabit
1996 3412 2011 3444 ¹
2040 3427 2131 3464 nos
2160 3410 2223 3463 de

562 3486 801 3541 inimicis
839 3480 1059 3551 nostris,
1088 3492 1137 3538 et
1163 3484 1225 3538 de
1257 3500 1421 3537 manu
1444 3482 1686 3536 omnium
1714 3481 1806 3551 qui
1846 3480 2073 3535 oderunt
2100 3498 2217 3535 nos.

562 3557 650 3611 Ad
662 3557 964 3625 faciendam
979 3555 1402 3611 misericordiam
1419 3571 1535 3608 cum
1557 3553 1810 3625 patribus
1838 3554 2036 3606 nostris
2056 3553 2217 3620 (Luc.

562 3644 601 3693 ι,
632 3628 838 3699 68-72).
877 3632 939 3683 Et
984 3630 1220 3683 Simeon
1262 3627 1427 3699 inter
1469 3632 1699 3699 caetera,
1731 3624 1833 3677 Hic
1871 3626 2077 3699 positus
2121 3632 2216 3699 est,

562 3701 769 3771 inquit,
798 3695 856 3753 in
886 3700 1128 3763 ruinam,
1161 3706 1210 3753 et
1247 3698 1307 3752 in
1335 3697 1777 3771 resurrectionem
1826 3695 2129 3771 multorum
2160 3697 2219 3749 in

562 3767 737 3825 Israel
765 3770 877 3839 (Id.
913 3787 972 3836 ιι,
1000 3775 1112 3828 34).
1151 3771 1283 3824 Hinc
1310 3770 1480 3823 ruina
1510 3774 1600 3822 est
1631 3768 1960 3821 Scribarum
1994 3774 2047 3821 et
2076 3767 2219 3822 Pha-

560 3841 867 3895 risaeorum
901 3848 954 3896 et
986 3841 1327 3911 principum
1352 3839 1714 3900 Judaaorum,
1745 3854 1896 3911 quos
1929 3839 2220 3911 propheta

564 3911 923 3980 signiﬁcavit
968 3909 1075 3981 per
1125 3909 1336 3966 turres.
1394 3912 1487 3964 His
1520 3925 1661 3978 ergo
1703 3925 1806 3981 per
1842 3909 2219 3965 incredulita-

564 3988 680 4036 tem
714 3982 1048 4045 ruentibus,
1074 3982 1168 4035 alii
1194 3982 1891 4051 surrexeruntcredendo
1922 3982 2023 4051 qui
2052 3982 2217 4050 prius

561 4053 923 4130 videbantur:
948 4053 1187 4130 inﬁrmi,
1218 4058 1273 4106 et
1292 4054 1434 4130 aegri
1462 4067 1564 4121 per
1588 4050 2030 4130 negligentiam.
2052 4052 2215 4130 Unde

561 4124 853 4188 Salvator,
887 4125 955 4178 In
991 4123 1217 4192 judicio,
1248 4123 1348 4185 ait,
1382 4138 1471 4192 ego
1515 4124 1633 4175 veni
1664 4122 1721 4175 in
1766 4122 1905 4176 hunc
1933 4123 2211 4187 mundum,

560 4203 620 4250 ut
663 4196 760 4267 qui
791 4212 893 4249 non
928 4192 1128 4259 vident,
1177 4194 1393 4248 videant
1422 4200 1532 4267 ;_et
1565 4194 1661 4264 qui
1685 4192 1881 4267 vident,
1915 4195 2041 4248 caeci
2078 4196 2214 4264 ﬁant

563 4263 743 4337 (Joan.
777 4282 854 4328 ιχ.
902 4268 992 4335 39)
1029 4284 1042 4321 :
1080 4272 1138 4321 ut
1181 4267 1283 4337 qui
1319 4263 1622 4337 perLegis
1653 4264 1947 4320 culturam
1976 4273 2031 4319 et
2058 4263 2214 4336 peri-

563 4339 705 4393 tiam
733 4339 962 4393 lumina
985 4336 1277 4401 videntur,
1299 4352 1403 4407 per
1424 4336 1900 4390 incredulitatem
1925 4352 2213 4391 caacaren-

564 4411 869 4474 tur;ca3ci
926 4426 1089 4475 vero,
1152 4409 1210 4463 id
1279 4414 1386 4472 est,
1438 4407 1692 4478 imperiti
1761 4407 1849 4461 vel
1905 4407 2210 4476 publicani

559 4481 845 4544 viderent,
871 4480 1016 4535 dum
1040 4480 1365 4535 crederent.
1392 4480 1655 4543 Quorum
1684 4478 2055 4533 inﬁrmitates
2081 4495 2212 4549 pro-

559 4552 739 4623 pheta
771 4552 1133 4608 Salvatorem
1166 4557 1542 4623 portaturum
1594 4551 1867 4623 praedixit
1898 4550 2052 4619 (Isai.
2096 4566 2208 4623 Liu,

566 4621 669 4693 ll).
706 4624 907 4693 Itaque
942 4624 1053 4677 hoc
1088 4621 1352 4691 tempore
1384 4622 1708 4676 Salvatoris
1740 4621 1961 4675 factum
1991 4628 2095 4685 est,
2132 4621 2211 4675 si-

558 4692 657 4748 cut
688 4692 897 4759 legitur
922 4694 981 4747 in
1033 4693 1369 4761 Evangelio.
1403 4693 1529 4763 quia
1574 4694 1689 4762 ipse
1719 4692 2069 4762 inﬁrmitates
2095 4710 2210 4747 nos-

557 4772 675 4819 tras
693 4766 910 4832 accepit,
930 4772 979 4818 et
1001 4764 1225 4819 vulnera
1245 4772 1432 4819 nostra
1461 4764 1673 4818 curavit
1702 4763 1918 4833 (Matth.
1952 4781 2068 4827 νιιι,
2097 4767 2205 4833 l7).

557 4837 701 4901 Quae
733 4836 976 4906 quidem
1023 4837 1227 4890 omnia
1256 4837 1315 4889 in
1362 4837 1642 4905 passione
1693 4835 2017 4906 Salvatoris
2065 4851 2210 4906 con-

557 4904 861 4962 summ'ata
889 4912 945 4961 et
987 4907 1313 4977 adimpleta
1350 4904 1482 4960 sunt
1515 4921 1528 4960 :
1580 4906 1665 4959 sic
1696 4906 1854 4959 enim
1901 4904 2061 4959 salus
2100 4905 2208 4960 hu-

554 4978 1006 5057 manigeneris,
1030 4984 1159 5057 tam
1179 4978 1353 5057 apud
1385 4991 1633 5057 superos
1659 4992 1843 5057 quam
1872 4977 2035 5057 apud
2064 4977 2204 5057 in_fe-

552 5067 653 5107 ros
687 5056 741 5105 et
774 5052 1083 5119 redempta
1107 5054 1193 5102 est
1223 5055 1276 5102 et
1298 5047 1558 5109 ﬁrmata,
1592 5047 1736 5118 quia
1768 5048 2079 5117 prophetia
2100 5051 2206 5103 Za-

553 5123 774 5177 charias
808 5120 1135 5189 supradicti
1166 5124 1484 5189 utrumque
1506 5119 1979 5188 comprehendit.
2017 5121 2080 5173 Et
2111 5119 2204 5174 hic

554 5196 711 5247 enim
746 5190 906 5264 apud
942 5207 1190 5263 superos
1221 5190 1451 5264 liberati
1474 5196 1681 5264 sunta
1717 5192 2065 5264 contritione
2098 5191 2204 5264 ini-

553 5261 868 5325 micorum,
907 5261 1242 5318 interventu
1286 5261 1753 5325 misericordim;
1794 5267 1847 5315 et
1878 5261 1995 5315 illic
2038 5262 2201 5331 apud

550 5334 790 5400 inferos,
826 5352 961 5390 cum
1005 5334 1187 5405 erepti
1230 5341 1366 5388 sunt
1411 5334 1483 5387 de
1529 5337 1749 5405 tartaro
1780 5333 1987 5387 Cuncti
2037 5334 2199 5388 enim

550 5407 650 5474 qui
682 5412 1072 5476 speraverunt
1112 5404 1173 5460 in
1206 5406 1572 5476 promissum
1617 5404 1929 5476 Christum,
1964 5420 2201 5475 exspec-

549 5474 756 5531 tabant
779 5478 1099 5533 adventum
1130 5474 1280 5547 ejus,
1312 5480 1373 5529 ut
1400 5475 1633 5531 devicta
1657 5478 1846 5530 morte
1876 5474 2200 5531 liberaren-

612 5571 941 5636 ‘_lL:r._Lugd.
975 5578 1027 5622 ot
1056 5574 1182 5623 Lov.
1210 5574 1414 5636 legunt,
1454 5573 1711 5622 liberavit.
1744 5572 1896 5629 Ven.,
1934 5572 2195 5633 liberabit,

550 5636 611 5683 ut
636 5632 729 5681 PP.
752 5634 945 5682 Bened.
977 5636 1045 5683 M.

608 5694 833 5764 (a).}!aic
867 5698 1088 5762 quaestio
1117 5697 1266 5747 deest
1294 5700 1350 5749 in
1374 5697 1503 5757 Mss,
1540 5697 1760 5750 secundi
1790 5699 2025 5765 generis.

1627 145 2105 219 QUESTIONES
2126 144 2221 205 EX
2259 142 2597 218 UTROQUE
2635 142 2925 206 MIXTIM.

3800 158 3903 219 2316

2346 280 2439 331 tur
2462 275 2536 331 de
2564 274 2813 330 inferno.
2851 274 3015 329 Unde
3046 272 3213 343 dixit,
3240 272 3329 328 Ad
3353 274 3633 343 faciendam
3657 282 3901 339 misericor-

2345 346 2493 401 diam
2540 363 2657 401 cum
2686 345 2938 417 patribus
2990 346 3216 418 nostris.
3256 345 3311 401 Si
3342 347 3470 418 quis
3499 356 3681 405 autem
3710 353 3902 412 salutem

2342 418 2501 473 hanc
2527 424 2579 473 et
2610 419 2669 472 in
2690 416 3259 493 secundo_adventu
3277 416 3554 493 contineri
3579 422 3904 493 intelligat;in

2350 496 2599 563 utroque
2657 495 2859 563 tamen
2913 486 3197 563 adventu,
3261 491 3513 563 maxime
3565 491 3629 563 in
3682 486 3904 563 secundo,

2344 560 2425 615 sol
2450 558 2790 615 convertatur
2814 561 2871 637 in
2902 558 3164 623 tenebras,
3185 565 3235 613 et
3267 559 3394 637 (una
3416 578 3517 637 non
3543 562 3678 637 dabit
3706 558 3907 637 futgoreni

2344 649 2496 687 suum
2520 648 2540 687 :
2572 634 2881 702 quomodo
2922 645 3064 700 ergo
3115 633 3316 701 augeri
3350 632 3529 689 solem
3560 642 3612 689 et
3638 632 3811 693 lunam
3841 642 3907 695 die

2345 720 2468 775 quo
2500 705 2767 775 visitabit
2801 703 3087 758 Dominus
3136 702 3427 774 populum
3472 722 3657 773 suum,
3700 709 3908 765 adverte-

2348 774 2513 849 mus;
2540 774 2790 849 quando
2816 775 3145 849 utroquein
3173 780 3459 849 tempore,
3482 792 3597 848 quo
3621 785 3788 849 coepta
3809 781 3910 837 libe-

2349 847 2497 900 ratio
2528 847 2731 915 p0puli
2774 853 2828 900 et
2861 845 3188 915 adimpleta
3208 852 3314 912 est,
3349 845 3530 903 solem
3559 853 3611 903 et
3634 845 3806 905 lunam
3822 868 3907 907 non

2349 916 2698 992 _miuui,_sed
2737 916 3146 992 contenebrari
3192 915 3513 992 legamus?
3554 920 3656 992 nisi
3680 921 3824 992 plane
3847 940 3911 978 so-

2348 988 2463 1043 lem
2487 994 2543 1042 et
2563 987 2768 1060 lunam
2798 990 3017 1060 sanctis
3048 994 3427 1060 comparatos
3455 987 3812 1059 intelligamus
3834 996 3908 1057 ;si-

2349 1066 2447 1114 cut
2474 1060 2531 1113 in
2560 1058 2676 1113 alio
2706 1058 2837 1114 loco
2863 1059 3119 1127 legimus
3150 1058 3386 1114 sanctos
3417 1058 3780 1117 luminaribus
3802 1080 3907 1119 exte-

2348 1136 2587 1201 quatos,
2613 1130 2791 1185 Paulo
2824 1129 3098 1200 apostolo
3125 1130 3505 1201 praedicante,
3535 1133 3667 1201 quia
3692 1133 3816 1188 inter
3834 1135 3910 1190 hos

2348 1202 2623 1256 homines
2644 1203 2831 1256 sancti
2859 1203 2916 1255 in
2949 1202 3108 1256 hunc
3138 1201 3367 1257 mundo
3393 1201 3837 1259 velutluminaria
3856 1209 3911 1259 vi-

2348 1273 2621 1347 deantur.
2659 1272 3186 1347 Et_in_Evangelio,
3232 1274 3379 1347 Tunc
3399 1274 3556 1344 justi,
3583 1276 3769 1343 inquit,
3790 1277 3911 1347 fulge-

2350 1344 2480 1399 bunt
2504 1344 2737 1417 sicutsot
2761 1344 2981 1417 (Matth.
3012 1360 3133 1408 XIII,
3156 1345 3276 1417 43).
3311 1348 3590 1401 Dominus
3619 1348 3762 1402 enim
3779 1344 3913 1417 opera

2343 1417 2504 1486 justa
2534 1414 2733 1468 lumen
2773 1416 3088 1486 appellat:
3121 1415 3204 1469 sic
3244 1418 3402 1471 enim
3435 1419 3533 1479 ait,
3584 1420 3753 1472 Luceat
3786 1414 3915 1472 tamen

2348 1485 2583 1570 pestrum
2612 1502 2789 1570 corqm
2839 1485 3161 1570 hominibus,
3218 1494 3277 1541 ut
3329 1488 3559 1569 videntes
3604 1499 3915 1570 operapestm

2350 1558 2503 1621 bona,
2524 1559 2863 1628 magniﬁcent
2894 1558 3114 1631 Patrem
3138 1564 3388 1631 vestrum.
3418 1560 3512 1630 qui
3538 1558 3677 1613 estin
3703 1560 3821 1615 culis
3838 1562 3914 1631 (Id.

2351 1648 2400 1694 v,
2428 1630 2533 1700 16).
2565 1632 2627 1682 Hi
2653 1645 2814 1695 ergo,
2838 1630 2936 1700 qui
2964 1630 3247 1683 omnibus
3270 1631 3395 1683 suis
3416 1631 3641 1696 relictis,
3668 1634 3916 1686 Dominum

2350 1708 2700 1771 sequuntur,
2721 1700 2957 1770 justitias
2980 1707 3033 1754 et
3054 1702 3383 1755 sanctitatis
3404 1718 3599 1767 causa,
3630 1702 3726 1757 soli
3744 1703 3916 1757 etluna

2350 1778 2778 1841 comparantur
2796 1771 3008 1841 septies
3028 1772 3302 1827 honorati
3335 1790 3348 1837 ;
3372 1776 3521 1828 sicut
3541 1774 3917 1841 dicitDominus,

2347 1843 2505 1897 Nemo
2529 1850 2603 1897 est
2630 1846 2725 1912 qui
2756 1842 3029 1912 relinquat
3061 1843 3293 1908 domum,
3317 1849 3413 1898 aut
3446 1862 3673 1907 uxorem,
3693 1853 3777 1899 aut
3799 1846 3917 1913 ﬁlios,

2346 1921 2442 1967 aut
2480 1930 2655 1983 agros,
2686 1916 2783 1984 qui
2810 1931 2915 1967 non
2946 1915 3169 1984 recipiet
3201 1916 3397 1985 septies
3425 1924 3629 1971 tantum
3656 1918 3707 1971 in
3748 1920 3823 1971 hoc
3848 1934 3919 1970 sae-

2346 1986 2463 2059 culo
2480 1985 2644 2059 A(Luc.
2686 2002 2844 2049 xviu,
2877 1987 2964 2050 29,
3000 1987 3111 2056 30).
3132 1987 3259 2059 Qui
3293 2003 3435 2056 ergo
3466 1988 3540 2043 ad
3571 2004 3799 2059 praesens
3823 2004 3919 2059 sep.

2348 2057 2453 2110 ties
2480 2057 2865 2121 honorantur,
2895 2057 3392 2129 potestqintelligi,
3426 2057 3754 2129 quinetiam
3788 2060 3833 2112 in
3854 2058 3919 2112 fu-

2347 2134 2477 2182 turo
2509 2135 2734 2198 septem
2768 2129 3036 2199 partibus
3068 2127 3347 2184 clariores
3397 2127 3617 2185 caeteris
3660 2130 3812 2185 futuri
3836 2145 3918 2184 ore

2345 2200 2605 2271 dantur;
2638 2206 2698 2253 ut
2737 2200 3087 2254 resurrectio
3124 2215 3332 2255 eorum
3384 2201 3493 2256 soli
3516 2206 3853 2271 comparetur
3870 2216 3918 2254 ac

2344 2269 2521 2334 lunas,
2557 2276 2906 2325 caaterorum
2940 2287 3081 2325 vero
3126 2271 3277 2326 sicut
3321 2272 3507 2327 stellis
3552 2269 3680 2326 sint.
3732 2272 3917 2326 Claritas

2344 2356 2485 2409 ergo
2517 2348 2880 2408 sanctorum,
2916 2358 3053 2413 quae
3084 2342 3177 2397 hic
3208 2344 3425 2413 septies
3457 2344 3777 2407 honoratur,
3804 2343 3919 2398 inre-

2344 2414 2714 2487 surrectione
2748 2413 2908 2487 aliud
2941 2414 3157 2487 septies
3201 2417 3609 2487 consequitur,
3641 2415 3813 2487 utqui
3852 2414 3917 2487 hic

2343 2483 2668 2539 claritatem
2700 2483 3088 2556 lunazrhabet,
3109 2484 3167 2539 in
3193 2485 3396 2540 futuro
3417 2483 3564 2541 'solis
3594 2483 3814 2556 accipiat
3835 2483 3917 2538 cla-

2341 2557 2574 2609 ritatem
2595 2576 2606 2619 ;
2631 2562 2687 2609 et
2710 2555 2917 2626 quihic
2946 2556 3053 2628 soli
3085 2564 3493 2628 comparatur,
3518 2555 3725 2628 septies
3743 2562 3915 2628 tantum

2341 2628 2572 2699 futurus
2592 2629 2891 2699 credatur
2929 2626 3241 2697 acciperef
3272 2629 3565 2699 Propheta
3586 2626 3917 2699 'ergolsaias

2340 2697 2481 2751 solis
2511 2705 2567 2752 et
2589 2698 2744 2753 laute
2775 2699 3225 2768 comparatione
3265 2697 3612 2755 sanctorum
3642 2697 3821 2754 merita
3844 2713 3917 2751 au-

2340 2770 2465 2841 geri
2486 2769 2777 2839 praedixit,
2801 2785 2909 2823 nec
2935 2771 3248 2825 immerito.
3276 2771 3330 2826 Si
3370 2771 3525 2825 enim
3546 2772 3666 2841 ipse
3698 2769 3919 2823 Dominus

2339 2840 2425 2894 sol
2450 2840 2691 2909 justitias
2722 2841 2914 2895 dictus
2931 2848 3040 2909 est,
3060 2843 3247 2896 sancti
3268 2848 3474 2897 autem
3492 2840 3699 2897 similes
3714 2842 3758 2895 ei
3775 2844 3915 2904 erunt,

2338 2912 2862 2985 Joanneiapostolo
2893 2912 3165 2985 dicente,
3180 2913 3313 2968 Cum
3346 2914 3489 2967 enim
3518 2913 3828 2985 apparuerit,
3861 2912 3920 2963 in-

2338 2984 2485 3054 quit,
2527 2982 2823 3054 Simitesei
2841 2983 3040 3037 erimus
3061 2985 3105 3053 (1
3129 2983 3287 3038 Joan.
3317 3000 3405 3048 ιιι,
3436 2988 3491 3051 '2)
3526 2982 3918 3050 {convenienter

2338 3053 2576 3127 sanctos
2594 3055 2651 3127 in
2680 3053 2803 3109 sole
2820 3070 2947 3127 esse
2967 3054 3357 3123 signiﬁcatos,
3386 3062 3611 3127 septem
3634 3062 3807 3111 tamen
3825 3066 3919 3122 par-

2340 3125 2504 3199 tibus
2532 3126 2819 3195 majorem
2855 3126 3040 3199 solem
3083 3143 3267 3199 quam
3308 3125 3524 3183 lunam
3573 3128 3919 3199 prophetasu-

2336 3194 2641 3267 pradictus
2667 3196 2943 3251 ostendit.
2981 3194 3234 3262 Quando
3260 3199 3427 3253 enim
3468 3194 3693 3267 lunam,
3715 3198 3837 3251 sicut
3860 3194 3918 3267 lu-

2336 3264 2474 3323 inen
2516 3268 2676 3332 solis,
2710 3268 2969 3323 futuram
3007 3269 3287 3334 ostendit,
3326 3271 3513 3326 solem
3546 3264 3728 3325 autem
3756 3264 3918 3337 septies

2336 3344 2562 3413 tantum
2587 3358 2603 3409 ;
2635 3340 2710 3413 ad
2733 3339 2978 3393 modum
3008 3342 3208 3413 utique
3232 3342 3381 3395 solis
3403 3342 3615 3413 septies
3647 3341 3823 3413 lunam
3845 3352 3919 3390 au-

2334 3412 2458 3479 geri
2504 3409 2817 3482 signiﬁcat,
2862 3417 2922 3466 ut
2955 3410 3084 3466 talis
3110 3409 3185 3466 sit
3219 3416 3361 3467 tunc
3404 3409 3564 3478 luna,
3597 3411 3770 3482 qualis
3802 3420 3916 3463 nunc

2334 3486 2422 3536 est
2471 3480 2605 3536 sol:
2657 3482 2937 3551 quamvis
2981 3488 3319 3537 sanctorum
3369 3484 3521 3539 ratio
3560 3480 3645 3538 hic
3698 3484 3913 3551 vertatur.

2334 3554 2447 3626 sub
2480 3554 2589 3607 hac
2622 3550 2819 3626 tamen
2849 3569 3032 3608 causa
3066 3553 3462 3609 luminarium
3494 3571 3566 3610 ex
3590 3560 3739 3626 parte
3762 3550 3915 3626 prodi-

2333 3624 2415 3707 dit
2443 3624 2859 3707 quantitatem,
2896 3630 2955 3678 ut
2986 3631 3124 3707 post
3153 3634 3527 3707 crementum
3560 3622 3699 3707 solis
3718 3639 3775 3679 ac
3800 3622 3913 3707 lunai

2333 3694 2564 3750 tantum
2610 3696 2823 3749 iterum
2881 3694 3075 3766 major
3120 3698 3214 3762 sit,
3246 3704 3547 3767 quantum
3589 3702 3705 3753 erat
3748 3694 3915 3757 sol;et

2331 3772 2628 3837 quantum
2662 3767 2719 3820 in
2742 3769 3021 3838 praesenti
3050 3767 3229 3823 distat
3258 3776 3508 3824 sanctus
3536 3785 3571 3823 a
3595 3770 3795 3830 sancto,
3824 3768 3914 3817 tan-

2333 3844 2459 3893 tum
2491 3838 2667 3893 distet
2698 3838 2756 3892 in
2788 3838 2988 3893 futuro
3021 3844 3154 3909 post
3178 3840 3728 3896 remunerationem.

2859 3924 2924 3963 na
2964 3926 3122 3965 uano
3162 3926 3390 3967 caussrs
3433 3914 3473 3966 ι.

2404 3980 2513 4035 CVI
2542 3980 2640 4051 (a).
2659 4011 2723 4019 —
2752 3980 2814 4034 In
2844 3981 3123 4052 principio
3149 3981 3281 4050 fecit
3312 3984 3457 4037 Deus
3486 3981 3660 4037 cadum
3690 3987 3734 4034 et
3758 3984 3911 4031 terram

2332 4051 2484 4125 (Gen.
2524 4067 2561 4118 ι,
2596 4053 2667 4121 1).
2704 4053 2757 4108 Si
2790 4051 3001 4125 caelum
3033 4051 3104 4106 in
3137 4053 3437 4125 principio
3477 4054 3624 4119 fecit,
3656 4057 3706 4107 et
3731 4056 3911 4125 terreat.

2331 4120 2547 4177 omium
2576 4120 2773 4177 autem
2808 4120 3254 4179 ﬁrmamentum
3282 4120 3395 4191 est,
3429 4126 3579 4180 sicut
3611 4125 3665 4178 in
3695 4120 3912 4191 subjectis

2329 4199 2607 4266 apparet;
2633 4210 2751 4248 non
2784 4200 2870 4248 est
2900 4197 3285 4266 verum,quia
3311 4188 3477 4266 prior
3505 4196 3602 4251 lux
3628 4194 3765 4251 facta
3784 4188 3912 4266 est,el

2330 4262 2887 4320 sic'ﬁrmameutum
2936 4283 2949 4320 :
2983 4262 3351 4323 aliud-enim
3392 4267 3607 4322 caelum
3644 4262 3911 4332 signiﬁcare

2328 4352 2447 4391 non
2484 4342 2732 4407 poterat,
2761 4338 2904 4405 quia
2947 4337 3239 4393 facturam
3287 4339 3501 4394 mundi
3549 4334 3797 4407 describit
3829 4333 3910 4407 Deo

2328 4405 2610 4480 operante
2634 4408 2974 4480 perfectam.
3011 4412 3325 4480 Propterea
3355 4410 3517 4465 enim
3547 4406 3699 4480 quod
3720 4405 3909 4480 diversis

2326 4470 2715 4547 opinionibus
2745 4478 3021 4534 homines
3054 4470 3415 4536 fallebantur
3444 4482 3503 4536 in
3534 4470 3706 4535 causa
3734 4470 3906 4548 mundi.

2327 4546 2559 4622 Moyses
2590 4552 2705 4622 Deo
2736 4566 2800 4603 se
2830 4551 3157 4622 inspirante
3186 4553 3452 4607 ostendit
3478 4566 3607 4622 qua:
3631 4553 3766 4605 esset
3802 4546 3908 4622 ratio

2326 4613 2555 4675 mundi.
2578 4613 2947 4685 Quibusdam
2967 4623 3126 4676 enim
3150 4622 3470 4678 videbatur
3490 4613 3708 4678 initium
3728 4630 3825 4673 non
3840 4613 3910 4689 htt-

2329 4692 2464 4747 bel‘e
2491 4708 2503 4757 ;
2536 4683 2664 4747 aliis
2692 4693 2920 4763 initium
2954 4693 3198 4763 quidem
3225 4694 3472 4758 habere,
3503 4694 3603 4748 sed
3631 4691 3702 4747 ab
3729 4683 3906 4763 Angelis

2324 4764 2685 4835 quibusdam
2734 4759 3055 4819 fabricatus
3083 4781 3208 4819 esse
3237 4781 3250 4831 ;
3285 4764 3587 4820 nonnullis
3616 4777 3741 4835 vero
3764 4759 3905 4813 factus

2324 4834 2607 4909 similiter,
2625 4834 2728 4909 sed
2756 4851 2791 4889 a
2818 4835 2989 4890 Sacla
3009 4840 3029 4871 ³
3054 4836 3473 4909 quodam,qui
3504 4840 3590 4909 est
3613 4841 3665 4889 et
3685 4834 3905 4909 Deus‘pf?‘

2324 4906 2546 4961 testatis
2567 4906 2835 4961 adversae
2861 4922 2872 4961 :
2904 4900 3301 4976 pauciautem
3330 4900 3412 4963 de
3437 4908 3678 4977 origine,
3703 4900 3903 4958 veritatis

2324 4978 2627 5032 traducem
2664 4984 3001 5048 sequentes.
3045 4981 3224 5033 Deum
3266 4978 3548 5046 opiﬁcem
3579 4977 3699 5048 ejus
3720 4981 3902 5048 asserc-

2321 5048 2487 5121 bant.
2520 5046 2902 5121 Horum'ergo
2934 5065 3118 5105 causa
3148 5050 3249 5121 qui
3278 5046 3633 5105 diversitatis
3662 5046 3792 5101 falsa
3813 5055 3903 5121 opt:

2320 5120 2495 5175 nioue
2524 5109 2929 5185 trahebanﬁir,
2964 5109 3208 5176 coactu's
3243 5126 3331 5176 est
3380 5122 3615 5190 Moyses
3643 5132 3762 5189 quae
3794 5109 3900 5190 «3.55.6t

2320 5206 2503 5246 causa
2524 5191 2704 5262 hujus
2735 5208 2874 5247 vera
2898 5178 3209 5248 ostendere
3234 5210 3246 5257 ;
3271 5207 3347 5247 ne
3374 5178 3834 5257 ﬁlii'lsrael'erepti
3852 5178 3900 5231 de

2378 5326 2391 5357 ¹
2428 5324 2511 5373 Sic
2529 5324 2655 5389 Mss.
2675 5329 2730 5389 et
2746 5324 2911 5389 editio
2930 5325 3331 5389 Ratisponensis
3346 5364 3357 5375 .
3379 5325 3505 5374 Aliae
3528 5337 3655 5389 vero
3665 5319 3899 5389 editiones:

2319 5386 2575 5451 Quomodo
2603 5387 2938 5450 intelligenda
2968 5381 3095 5437 sunt'
3117 5403 3223 5451 qua:
3251 5388 3507 5436 habentur
3536 5391 3588 5435 in
3620 5381 3791 5435 Genesi.
3810 5386 3902 5438 PM“

2316 5451 2461 5510 cipue
2490 5450 2548 5497 de
2577 5464 2725 5511 opere
2758 5464 2843 5498 sex
2868 5450 3091 5505 dierum.
3124 5450 3137 5451 ί
3652 5507 3660 5511 ,

2376 5514 2394 5543 ²
2428 5512 2573 5575 Am:
2605 5498 2687 5575 Er.
2730 5516 2781 5561 et
2818 5513 2973 5567 Lov.,
3006 5498 3279 5575 aspir-itu.
3317 5512 3456 5569 Rat.,
3488 5527 3519 5559 a
3552 5507 3704 5575 Secta.
3737 5498 3900 5575 Aliqum

2315 5573 2461 5639 11188..
2489 5590 2520 5621 a
2545 5574 2712 5639 Sacla,
2738 5576 2822 5639 Auli
2858 5576 3017 5625 etiam
3048 5572 3228 5639 supra,
3271 5576 3323 5624 in
3361 5575 3652 5639 quaestione;
3681 5572 3827 5619 tertia.
3858 5583 3899 5595 --

2316 5636 2447 5702 Ven.
2477 5640 2529 5702 et
2556 5637 2699 5694 Lov.,
2726 5637 2923 5702 ferunt,
2946 5639 3030 5686 sed
3060 5654 3090 5687 a
3115 5634 3304 5700 Spiritu
3328 5634 3569 5702 quodam.
3608 5634 3671 5685 Μ.
3720 5694 3729 5702 _

2378 5700 2449 5762 (a)
2488 5699 2606 5749 Haec
2637 5701 2860 5764 quaestio
2896 5701 3047 5759 deest
3069 5702 3123 5751 in
3140 5699 3282 5756 Mss.
3322 5699 3543 5751 secundi
3569 5699 3775 5761 generis.
