4158 6204
587 157 730 212 2319

575 284 757 345 mata,
792 284 854 336 ut
894 278 1088 335 securi
1117 282 1315 334 essent
1339 277 1677 335 habitantes
1708 278 1767 332 in
1794 293 1884 332 ea.
1914 277 2103 333 Tertio
2128 277 2223 332 die

570 353 748 424 jussit
777 351 1125 424 congregari
1156 366 1377 424 aquam
1423 364 1555 423 qua:
1587 356 1708 424 erat
1732 350 1865 424 sub
1910 349 2081 414 creto,
2114 349 2224 424 hoc

574 422 680 489 est,
714 423 866 479 intra
893 422 1283 492 capacitatem
1313 422 1695 485 firmamenti,
1729 422 1785 474 in
1819 422 2223 489 congregatio—

574 512 713 550 nem
744 510 947 557 unam,
967 500 1027 547 ut
1049 492 1715 563 appareretarida,quaa
1744 498 2093 557 estterra,et
2113 493 2227 547 fac-

576 572 704 623 tum
725 571 810 620 est
837 566 937 619 sic.
958 562 1255 619 Exhausta
1275 564 1432 617 enim
1456 562 1763 617 latitudine
1794 569 1981 627 terrae,
2000 564 2224 618 factum

574 644 661 693 est
687 638 843 691 velut
861 636 1191 715 alveumuin
1214 650 1332 705 quo
1356 634 1795 715 demergeretur
1828 636 2023 715 omnis
2045 651 2224 715 aqua,

574 724 711 778 quae
759 714 883 762 erat
924 709 1078 761 intra
1111 706 1575 767 firmamentum.
1621 712 1676 759 et
1718 707 1995 777 apparuit
2037 706 2227 762 arida.

576 780 900 834 Recedente
926 779 1083 832 enim
1112 793 1291 848 aqua,
1318 792 1557 831 necesse
1587 783 1712 831 erat
1733 783 2047 847 appareret
2076 784 2228 832 terra

576 850 729 905 facta
752 849 1020 913 visibilis,
1037 864 1171 919 qua:
1206 848 1368 918 prius
1392 854 1515 902 erat
1537 848 1863 902 invisibilis.
1880 851 2039 904 Tunc
2061 849 2229 904 arida

576 920 876 992 appellata
921 927 1012 992 est
1055 925 1331 992 terratet
1380 919 1878 992 congregationes
1932 926 2227 991 aquarum

578 989 785 1062 maria.
822 994 885 1046 Et
908 991 1088 1061 jussit
1118 989 1446 1062 producere
1479 998 1689 1045 terrain
1720 991 1969 1046 herbam
1989 989 2228 1060 pabuli,

576 1069 631 1116 et
668 1061 831 1131 ligna
861 1061 1157 1117 fructifera
1187 1061 1264 1116 ad
1296 1078 1498 1116 semen
1532 1077 1710 1132 super
1738 1068 1974 1117 terram.
2010 1065 2231 1127 Quarto

575 1134 714 1188 item
748 1133 1043 1203 diejussit
1077 1134 1229 1187 Deus
1262 1132 1385 1187 fieri
1416 1132 1737 1189 luminaria
1766 1135 1825 1188 in
1852 1134 2231 1189 ﬁrmamento

576 1205 729 1267 coeli,
758 1212 819 1259 ut
850 1205 1086 1259 luceant
1116 1220 1295 1274 super
1330 1211 1586 1268 terram;
1617 1205 1911 1259 luminare
1943 1206 2230 1274 majus,in

578 1276 1026 1330 inchoationem
1061 1275 1212 1344 diei;
1249 1280 1306 1329 et
1335 1275 1627 1329 luminare
1661 1278 1952 1341 minus,in
1986 1276 2233 1330 inchoa-

580 1348 803 1403 tionem
839 1348 1046 1413 noctis,
1077 1354 1130 1400 et
1160 1347 1372 1417 stellas.
1408 1349 1536 1401 Haac
1568 1346 1653 1417 ad
1671 1353 2025 1417 conceptum
2058 1354 2113 1402 et
2134 1364 2233 1402 na-

583 1419 869 1473 tivitatem
909 1425 965 1472 et
996 1418 1070 1472 ad
1108 1416 1466 1490 nutrimenta
1513 1416 1803 1487 pertinent
1837 1416 2066 1483 eorum,
2097 1435 2232 1490 quas

582 1492 910 1558 gignuntur
940 1490 997 1542 in
1033 1488 1281 1553 mundo,
1302 1494 1357 1542 et
1386 1488 1462 1542 ad
1490 1490 1661 1557 signa
1695 1495 2029 1558 temporum
2064 1488 2233 1544 certis

581 1559 888 1615 curriculis
919 1560 1273 1621 necessaria,
1302 1575 1535 1614 necnon
1561 1566 1614 1614 et
1645 1560 1721 1615 ad
1749 1568 2027 1616 ornatum
2053 1562 2232 1615 totius

584 1630 814 1703 mundi.
836 1631 992 1703 Sicut
1009 1631 1168 1703 enim
1186 1631 1260 1684 ad
1280 1636 1700 1686 ornamentum
1719 1632 1936 1703 domus
1960 1634 2231 1703 pertinet,

584 1702 632 1756 si
660 1718 899 1774 camera
924 1702 1051 1771 ejus
1078 1702 1297 1755 habeat
1322 1718 1468 1756 auro
1490 1703 1766 1758 distincta
1786 1702 2120 1774 laquearia;
2158 1706 2237 1759 ita

582 1778 639 1828 et
667 1772 893 1827 mundo
911 1779 1189 1827 ornatum
1215 1776 1501 1843 praestant
1522 1774 1700 1829 stellae
1722 1772 1961 1830 diversa
1984 1776 2107 1829 luce
2130 1775 2237 1830 ful-

582 1851 806 1915 gentes.
834 1844 973 1899 Luci
1005 1844 1223 1915 itaque,
1245 1860 1378 1915 quae
1405 1845 1560 1899 facta
1586 1850 1676 1900 est
1696 1848 1975 1915 prior,est
1996 1846 2235 1901 additus

582 1914 1136 1980 splendorsolis,ita
1159 1922 1219 1969 ut
1245 1914 1514 1970 connexa
1536 1917 1648 1971 sint
1675 1914 1801 1972 haec
1819 1924 1873 1972 et
1902 1918 2233 1973 individua.

630 1988 743 2042 octi
776 1992 996 2051 autem,
1026 2002 1160 2058 qum
1193 1993 1314 2041 erat
1338 1988 1672 2052 tenebrosa,
1706 1988 1914 2044 datum
1946 1995 2033 2043 est
2061 1989 2235 2043 lumi-

583 2065 829 2137 nareret
854 2060 997 2137 quia
1019 2063 1231 2137 quarta
1247 2058 1480 2137 decima
1512 2059 1777 2137 fuitluna
1809 2060 2054 2137 quando
2078 2061 2236 2137 facta

581 2135 686 2194 est,
721 2129 806 2183 sic
838 2129 936 2194 ait,
962 2129 1263 2183 Luminare
1283 2132 1486 2193 minus,
1526 2130 1583 2183 in
1606 2131 1995 2186 inchoationem
2025 2132 2229 2185 noctis:

580 2200 737 2256 facta
766 2201 1002 2272 etenim,
1039 2206 1156 2255 tota
1189 2207 1361 2255 nocte
1395 2200 1560 2256 luxit.
1594 2204 1639 2256 A
1670 2207 1835 2272 parte
1866 2219 2006 2271 ergo
2037 2204 2111 2257 ad
2147 2207 2237 2258 to—

582 2276 703 2326 tum
756 2271 981 2325 dictum
1024 2276 1127 2344 est,
1157 2272 1215 2325 in
1260 2272 1658 2327 inchoationem
1675 2271 1899 2341 noctis,-
1932 2275 2073 2344 quia
2112 2290 2233 2329 non

579 2358 1078 2416 sempervespere
1092 2342 1263 2397 lucet.
1289 2344 1601 2416 Luminare
1620 2349 1818 2398 autem
1836 2342 2053 2412 majus,
2068 2345 2232 2416 quod

579 2414 766 2486 solem
795 2415 1075 2482 dicimus,
1093 2420 1295 2468 manet
1320 2414 1380 2469 in
1405 2416 1565 2469 initio
1587 2416 1881 2486 diei,quia
1898 2418 2072 2471 simul
2089 2414 2232 2471 cum

577 2484 703 2556 luce
731 2486 925 2556 priore
956 2490 1264 2539 concretus
1310 2491 1417 2540 est.
1454 2487 1663 2540 Tribus
1694 2484 1836 2555 ergo
1867 2488 2076 2542 diebus
2108 2488 2233 2543 sine

576 2554 1083 2611 lumiharibushis
1100 2556 1203 2610 fuit
1225 2557 1514 2621 mundus;
1533 2573 1651 2611 non
1674 2554 1829 2611 enim
1848 2565 2015 2613 erant
2037 2559 2232 2613 adhuc

576 2628 796 2699 quibus
848 2628 1201 2699 proﬁcerent
1251 2627 1449 2682 ofﬁcia
1497 2644 1725 2699 eorum.
1768 2630 1835 2682 At
1887 2629 1985 2683 ubi
2031 2638 2229 2685 autem

574 2698 857 2768 produxit
889 2704 1039 2753 terra
1070 2698 1320 2752 herbam
1355 2698 1580 2767 pabuli,
1612 2704 1665 2752 et
1703 2698 1867 2766 ligna
1897 2700 2228 2767 fructifera;

574 2769 912 2824 necessaria
933 2769 1166 2823 fuerunt
1195 2784 1330 2837 quae
1358 2769 1683 2823 enutrirent
1708 2769 1795 2824 vel
1818 2778 2231 2827 conservarent

574 2855 709 2911 quas
754 2846 921 2893 erant
960 2838 1459 2911 productatQuia
1506 2856 1646 2911 ergo
1687 2842 1990 2911 generatio
2032 2845 2229 2898 omnis

574 2909 789 2984 horum
812 2911 1146 2984 interventu
1168 2909 1489 2979 perﬁcitur,
1506 2909 1625 2984 non
1648 2909 2083 2984 oportuitprius
2099 2914 2229 2970 haec

572 2980 717 3048 ﬁeri,
736 2996 807 3035 ne
832 2995 1035 3035 eorum
1065 2980 1441 3053 effecituquae
1471 2980 1762 3051 producta
1788 2984 1861 3039 de
1890 2980 2043 3040 terra
2066 2992 2225 3051 sunt,

572 3056 701 3123 orta
728 3052 1228 3123 putarentur;sed
1259 3052 1357 3107 illa
1388 3060 1523 3108 ante
1552 3053 1765 3116 facere.
1785 3062 1846 3111 ut
1872 3056 1917 3110 si
1949 3057 2075 3112 haec
2102 3058 2226 3113 sine

570 3122 664 3178 his
690 3122 845 3179 facta
874 3139 1002 3178 esse
1029 3139 1148 3178 non
1184 3124 1587 3194 ambigantur.
1621 3127 1833 3191 Quinta
1862 3127 2078 3183 deinde
2108 3129 2223 3195 die,

570 3195 948 3267 aquasjussit
965 3195 1294 3267 producere
1314 3198 1544 3267 reptilia
1566 3200 1905 3253 animarum
1933 3201 2222 3265 vivarum,

570 3270 625 3321 et
653 3265 916 3322 volatilia
949 3266 1203 3322 volantia
1224 3265 1401 3338 super
1424 3272 1638 3323 terram
1671 3269 2001 3324 secundum
2027 3271 2227 3326 ﬁrma-

569 3344 839 3393 mentum
874 3339 1032 3401 caali,
1060 3343 1115 3392 et
1142 3338 1361 3392 factum
1394 3345 1478 3393 est
1501 3339 1604 3395 sic.
1636 3342 1698 3393 Et
1725 3342 1873 3395 inter
1902 3346 2132 3406 caetera,
2152 3344 2222 3398 Et

567 3410 954 3480 vidit,inquit,
980 3410 1124 3464 Deus
1151 3410 1280 3479 quia
1311 3410 1443 3464 bona
1467 3417 1611 3475 sunt,
1637 3417 1683 3464 et
1714 3411 1878 3479 dixit,
1915 3413 2142 3467 Crescite
2173 3422 2221 3467 et

567 3480 1021 3553 multiplicamini
1045 3480 1196 3553 (Gen.
1234 3499 1268 3545 ι,
1302 3484 1391 3544 21,
1432 3482 1541 3550 22).
1576 3481 1714 3535 Ideo
1745 3488 1944 3537 autem
1982 3484 2218 3553 adjecit,

566 3552 637 3605 Et
660 3552 800 3606 vidit
830 3554 971 3625 Deus
990 3553 1116 3623 quia
1145 3551 1276 3606 bona
1307 3554 1630 3625 sunt,lquia
1665 3568 1699 3625 a
1729 3551 2097 3625 quibusdam
2132 3557 2223 3610 di-

567 3629 782 3677 cuntur
812 3624 972 3678 mala
1016 3640 1166 3689 esse,
1205 3631 1265 3678 ut
1306 3624 1395 3679 vel
1430 3623 1511 3677 sic
1560 3623 1932 3679 erubescant.
1968 3626 2220 3693 Quando

568 3694 726 3768 enim
771 3694 888 3768 Deo
938 3699 993 3768 et
1036 3694 1325 3750 conditori
1374 3711 1483 3768 suo
1528 3695 1781 3768 placent,
1824 3697 1967 3751 nulli
2019 3699 2220 3768 utique

565 3765 783 3819 debent
814 3764 1151 3834 displicere.
1186 3768 1329 3821 Nam
1376 3764 1568 3820 solent
1610 3766 1805 3821 dicere
1839 3768 2023 3831 stulti,
2060 3764 2216 3834 Ideo,

565 3835 862 3908 inquiunt,
894 3835 1058 3901 vidit,
1090 3841 1144 3890 et
1178 3839 1527 3908 placuerunt
1551 3836 1625 3903 ei,
1660 3839 1801 3908 quia
1833 3847 1967 3895 ante
2000 3842 2220 3895 nescie-

565 3904 745 3981 bat.t)
772 3904 1033 3981 hebetes,
1055 3904 1363 3981 quomodo
1386 3904 1990 3981 nescivitTQuidquid
2014 3912 2217 3975 voluit,

565 3974 924 4054 productum
957 3974 1362 4054 est—Anquis
1398 3978 1519 4054 vult
1558 3980 1736 4054 quod
1754 3974 1989 4054 nes-cit?
2018 3974 2217 4054 etqui

566 4051 759 4122 potest
782 4046 1220 4122 f_acere,__potest
1244 4046 1365 4101 dici
1404 4049 1546 4122 quia
1578 4046 1761 4122 nescit
1793 4052 1957 4122 quod
1992 4046 2166 4109 faciat
2191 4054 2218 4109 ‘i

563 4119 626 4192 Et
654 4118 820 4189 quod
852 4116 1110 4192 aplius
1141 4122 1246 4192 est,
1294 4116 1572 4192 non'ipse
1603 4119 1759 4192 fecit,
1790 4116 1892 4176 sed
1933 4124 2107 4192 jussit
2157 4131 2217 4179 ut

564 4188 768 4243 fierent
790 4206 802 4255 ;
827 4196 883 4243 et
903 4189 1005 4259 qui
1031 4189 1368 4258 jussit,non
1396 4188 1485 4244 est
1510 4190 1689 4258 hujus
1717 4188 1948 4247 virtutis
1980 4202 2039 4249 ut
2065 4197 2217 4250 face-

560 4265 648 4332 ret
678 4262 705 4317 i’
738 4260 852 4316 Sed
882 4260 1025 4332 quia
1052 4260 1190 4315 huic
1219 4261 1423 4316 omnia
1454 4260 1750 4331 possibilia
1786 4271 1941 4327 sunt,
1970 4267 2215 4332 jubeute

559 4331 675 4386 hoc
702 4348 832 4402 quae
854 4331 973 4387 non
1008 4332 1446 4403 poterat,cmpit
1480 4348 1672 4403 posse,
1695 4339 1756 4387 ut
1787 4336 1862 4389 ad
1884 4331 2063 4403 hujus
2093 4338 2215 4392 lau-

559 4404 697 4457 dem
728 4403 1036 4473 proficeret
1067 4406 1109 4458 ¹.
1133 4404 1350 4474 Duplex
1375 4419 1516 4473 ergo
1539 4406 1721 4460 virtus
1749 4411 1854 4471 est,
1881 4413 1943 4461 ut
1970 4409 2215 4463 insensi-

559 4474 739 4530 bilem
765 4476 1001 4544 juberet
1033 4475 1337 4530 sensibilia
1371 4476 1718 4545 producere.
1755 4479 1927 4534 Sexto
1958 4495 2093 4533 vero
2119 4480 2214 4536 die

559 4548 840 4617 praecepit
891 4552 951 4618 ut
995 4546 1349 4618 produceret
1389 4552 1541 4602 terra
1577 4548 1843 4604 animam
1892 4550 2210 4618 viventem,

555 4617 998 4688 quadrupedia,
1024 4623 1079 4672 et
1107 4617 1325 4673 bestias
1354 4622 1554 4683 terrai;
1590 4626 1644 4674 et
1674 4619 1894 4676 factum
1926 4628 2012 4677 est
2041 4617 2214 4687 sic,et

555 4688 846 4761 producta
883 4698 1037 4746 sunt.
1078 4688 1145 4744 Et
1188 4690 1328 4744 vidit
1363 4692 1533 4755 Deus,
1567 4690 1709 4761 quia
1756 4692 1918 4747 bona
1967 4700 2123 4755 sunt,
2157 4702 2213 4749 et

553 4757 729 4833 valde
768 4758 1143 4833 bona,‘quia
1186 4760 1389 4833 omnia
1434 4757 1767 4833 necessaria
1811 4769 1966 4818 sunt.
2020 4767 2210 4833 Supra

552 4829 710 4885 dicta
759 4845 898 4898 ergo
945 4829 1039 4884 die
1089 4831 1234 4886 dixit
1268 4832 1466 4885 Deus:
1524 4832 1808 4888 Faciamus
1847 4829 2209 4891 hominem'ad

553 4900 839 4973 imaginem
863 4908 911 4955 et
938 4901 1355 4977 similitudinem
1379 4910 1637 4977 nostram,
1655 4910 1708 4959 et
1740 4906 1976 4971 habeat,
1994 4907 2205 4977 inquit,

548 4978 902 5047 potestatem
930 4989 1109 5047 super
1131 4975 1339 5047 omnia
1365 4990 1501 5047 quae
1533 4974 1686 5047 facta
1718 4985 1857 5031 sunt
1886 4974 2209 5047 super'ter;

546 5044 676 5100 ram
697 5044 1021 5117 (Ibid..26).
1052 5044 1314 5117 Primum
1339 5044 1586 5117 quidem
1610 5046 1737 5100 fecit
1759 5050 1906 5103 Deus
1931 5044 2206 5104 substan-

545 5118 655 5173 tias
686 5134 756 5172 ex
787 5116 1018 5192 quibus
1042 5116 1845 5192 inundum'compaginaret,
1884 5136 2007 5192 quo
2047 5136 2207 5175 com-

544 5194 737 5255 pacto.
756 5196 810 5245 et
832 5187 1117 5245 omnibus
1135 5187 1445 5243 ornatibus
1462 5188 1762 5253 decorato,
1778 5196 1833 5244 et
1857 5187 2203 5246 necessariis

541 5257 874 5326 honestato,
895 5265 1027 5332 post
1044 5258 1485 5332 hochominem
1507 5260 1658 5323 fecit,
1674 5261 1775 5332 qui
1800 5262 2086 5317 frueretur
2108 5279 2199 5327 eo,

540 5336 595 5386 et
621 5330 1060 5404 omnibusqure
1083 5333 1138 5385 in
1164 5330 1262 5385 illo
1286 5334 1606 5404 sunt._Nam
1632 5330 1769 5387 cum
1793 5336 1996 5389 omnia
2024 5350 2203 5403 super

542 5403 751 5458 terram
780 5421 844 5458 ex
867 5402 1044 5473 aquis
1061 5408 1118 5457 et
1147 5408 1297 5458 terra
1320 5402 1564 5473 produci
1582 5403 1873 5473 jussisset,
1892 5402 2199 5461 hominem

538 5475 828 5547 tamenAut
860 5474 1098 5547 faceret,
1125 5473 1345 5547 limum,
1366 5480 1531 5529 terra:
1563 5474 1841 5547 manibus
1870 5477 2199 5547 apprehen-

535 5541 693 5597 disse
725 5544 1100 5615 describitur,
1137 5550 1197 5601 ut
1230 5546 1480 5601 multum
1514 5546 1747 5601 differre
1780 5541 2092 5604 hominem
2122 5549 2197 5604 ab

596 5635 617 5705 ‘_
634 5632 1042 5705 Er._Lugd._Ven.
1058 5637 1184 5705 Lov.
1206 5637 1279 5705 sic
1301 5636 1555 5705 exhibent
1573 5636 1713 5686 hunc
1730 5636 1905 5705 locum
1924 5654 1933 5687 :
1953 5639 2072 5705 Qui:
2092 5652 2196 5687 non

526 5700 750 5762 poterat,
777 5698 921 5757 erepit
942 5711 1060 5753 esse,
1085 5702 1139 5746 ut
1156 5698 1222 5745 ad
1252 5700 1405 5760 hujus
1432 5699 1633 5748 laudem
1658 5700 1941 5762 proﬁceret.
1970 5702 2036 5750 M.

1620 151 2084 220 QUESTIONES
2123 151 2221 207 EX
2260 148 2600 217 UTROQUE
2641 148 2930 206 MiXTIM.

3800 152 3905 208 2330

2332 276 2425 332 his
2454 291 2591 347 quin
2623 273 2857 347 fecerat,
2872 273 3163 347 edoceret.
3182 273 3268 329 Ad
3296 272 3579 347 honorem
3600 274 3905 347 enimhomi-

2336 347 2428 403 nis
2452 345 2742 417 pertinere
2758 346 2900 409 vult,
2918 345 3164 416 quando
3183 360 3318 401 eum
3340 345 3440 400 Dei
3461 345 3718 400 manibus
3737 346 3905 403 factum

2334 418 2630 481 describit,
2662 422 2718 472 et
2748 417 2971 472 factum
2999 418 3075 471 ad
3099 417 3424 484 imaginem
3454 422 3509 471 et
3536 417 3904 474 similitudinem

2340 491 2457 550 Dei,
2487 491 2543 544 id
2571 494 2655 543 est
2685 490 2869 543 Patris
2897 495 2952 543 et
2993 490 3130 543 Filii.
3161 489 3307 553 Quid
3341 488 3412 541 sit
3441 492 3627 543 autem
3659 488 3723 542 ad
3748 489 3908 557 imagi-

2337 578 2474 616 nem
2493 567 2545 615 et
2570 560 3022 615 similitudinem
3048 559 3167 625 Dei,
3183 558 3456 630 quamvis
3477 558 3608 614 alibi
3630 558 3908 627 dixerimus,

2336 634 2434 687 hic
2468 639 2661 687 tamen
2696 631 2863 686 locus
2897 638 2952 686 et
2982 648 3162 686 causa
3198 630 3461 701 postulat
3488 637 3549 684 ut
3575 630 3762 685 iterum
3789 632 3908 687 tlicao

2338 722 2490 759 mus.
2528 706 2709 758 Patris
2739 703 2898 757 enim
2941 702 3018 757 ad
3066 702 3273 757 Filium
3317 702 3503 757 verba
3541 706 3672 755 sunt
3704 702 3907 767 dicentis,

2336 776 2623 831 Faciamus
2648 776 2914 828 hominem
2941 773 3011 827 ad
3042 773 3327 844 imaginem
3356 780 3404 828 et
3435 772 3810 828 similitudinem
3828 792 3911 828 nos-

2338 855 2477 901 tram
2496 864 2510 899 :
2524 862 2876 916 quanquam
2897 846 2957 900 in
2976 861 3152 916 opere
3171 847 3475 915 utriusque
3488 844 3808 913 intelligatur
3821 862 3909 915 per-

2338 863 2477 901 tram
2496 864 2510 899 .‘
2572 863 2876 916 uanquam
2897 863 2957 900 ID
2976 863 3152 916 opere
3171 863 3475 915 uu‘tusque
3488 863 3808 913 Intelllgalur
3821 863 3909 915 per-

2338 934 2505 981 sona,
2524 863 2813 972 discentis
2842 923 2896 971 et
2918 916 3319 984 obaudientis.
3340 918 3470 971 Haec
3492 930 3627 983 ergo
3652 916 3820 984 imago
3842 916 3910 971 Dei

2340 998 2427 1045 est
2456 990 2514 1043 in
2542 989 2805 1052 homine,
2824 992 2887 1042 ut
2913 982 3068 1043 unu's
3090 988 3279 1043 factus
3306 987 3379 1042 sit
3398 982 3569 1057 quasi
3592 982 3849 1053 Dominus,
3863 1004 3911 1042 ex

2340 1066 2461 1133 Quo
2493 1061 2685 1133 caeteri
2716 1060 3026 1133 orirentur,
3058 1059 3290 1133 habens
3323 1058 3651 1133 imperium
3673 1059 3755 1111 Dei
3784 1060 3911 1133 quasi

2341 1129 2595 1187 vicarius
2619 1132 2781 1201 ejus;
2805 1132 2948 1202 quia
2971 1132 3169 1187 omnis
3198 1146 3299 1186 rex
3322 1131 3422 1202 Dei
3448 1130 3622 1202 habet
3641 1129 3909 1202 imaginem.

2344 1204 2600 1274 Ideoque
2633 1200 2842 1257 mulier
2869 1217 2990 1257 non
3021 1208 3107 1274 est
3131 1201 3286 1258 facta
3311 1200 3389 1256 ad
3414 1202 3511 1256 Dei
3531 1200 3913 1274 imaginem.§ie

2343 1271 2559 1329 etenim
2584 1274 2743 1335 dicit,
2772 1275 2846 1329 Et
2867 1274 2995 1343 fecit
3022 1273 3162 1328 Deus
3186 1274 3471 1337 hominem,
3498 1272 3565 1325 ad
3586 1272 3828 1341 imaginem
3845 1271 3915 1325 Dei

2342 1346 2469 1417 fecit
2496 1362 2633 1399 eum.
2672 1346 2817 1400 llinc
2842 1342 2927 1399 est
2961 1346 3117 1398 unde
3146 1344 3485 1417 Apostolus,
3522 1344 3609 1397 Vir
3625 1342 3819 1417 quidem,
3843 1344 3913 1417 ait,

2342 1413 2448 1497 non
2476 1417 2619 1497 debet
2652 1417 2828 1497 velare
2858 1423 3017 1497 caput
3047 1413 3225 1497 suum,
3255 1416 3385 1497 quia
3418 1415 3586 1485 imago
3611 1423 3656 1497 et
3676 1414 3821 1497 gloria
3847 1413 3917 1497 Dei

2342 1496 2442 1553 est;
2471 1489 2679 1543 mulier
2701 1494 2897 1543 autem
2918 1485 3054 1541 ideo
3078 1488 3254 1551 velat,
3275 1489 3422 1554 quia
3444 1502 3559 1541 non
3582 1493 3661 1539 est
3681 1485 3834 1554 gloria
3846 1490 3918 1537 aut

2345 1561 2547 1629 imago
2582 1560 2678 1614 Dei
2709 1560 2750 1629 (Ι
2786 1561 2912 1614 Cor.
2946 1575 3022 1622 XI,
3049 1560 3127 1629 7).
3158 1556 3497 1613 Similitudo
3520 1563 3702 1612 autem
3730 1556 3807 1629 Dei
3828 1556 3917 1629 hac

2344 1628 2506 1685 estin
2537 1628 2803 1697 homine,
2822 1637 2881 1684 ut
2907 1632 3140 1685 sicutex
3156 1632 3322 1684 Patre
3350 1630 3541 1689 Filius,
3557 1629 3634 1683 sic
3654 1644 3717 1681 ex
3734 1628 3918 1681 homine

2346 1702 2577 1757 mulier.
2614 1702 2676 1755 In
2720 1702 2834 1757 hoc
2865 1701 3041 1772 plane
3071 1700 3303 1771 dispar,
3344 1700 3489 1770 quia
3526 1699 3645 1772 haec
3682 1698 3828 1763 facta,
3853 1697 3917 1772 ille

2346 1790 2479 1828 vero
2516 1780 2692 1828 natus
2736 1780 2841 1828 est.
2869 1771 3251 1837 Quibusdam
3290 1776 3493 1826 tamen
3530 1771 3737 1825 videtur
3768 1771 3920 1824 omnia

2346 1844 2520 1899 simul
2558 1848 2738 1899 Deum.
2763 1845 3001 1917 fecisse.
3024 1844 3075 1899 Si
3102 1843 3495 1917 enim_verbo,
3518 1841 3785 1917 inquiunt,
3805 1839 3917 1917 fecit,

2345 1931 2530 1987 quare
2564 1931 2682 1970 non
2715 1915 2919 1971 omnia
2958 1914 3138 1969 simul
3177 1914 3392 1968 fecisse
3422 1910 3682 1987 dicatur?
3705 1913 3829 1987 Nam
3852 1910 3919 1964 hic

2344 1983 2657 2042 hominum
2692 2003 2821 2041 mos
2852 1992 2957 2050 est,
2999 1991 3061 2040 ut
3092 2002 3197 2056 per
3226 1990 3430 2056 partes
3459 1985 3652 2056 fecisse
3679 1983 3914 2056 credatur.

2345 2059 2431 2113 Ad
2463 2060 2789 2129 potentiam
2812 2073 2953 2127 ergo
2984 2054 3303 2125 Dei'mag'is
3324 2055 3515 2129 facere
3544 2054 3765 2119 videtur,
3779 2054 3816 2107 si
3834 2067 3918 2106 uno

2344 2129 2437 2185 die
2466 2127 2675 2185 omnia
2712 2130 2788 2183 ab
2812 2146 2882 2184 eo
2918 2129 3072 2183 facta
3101 2129 3399 2183 dicantur.
3433 2127 3606 2182 Porro
3634 2132 3800 2181 autem
3828 2140 3915 2177 ma-

2345 2216 2525 2269 gnam
2555 2201 2993 2271 providentiam
3017 2200 3076 2253 in
3103 2199 3217 2271 hoc
3243 2214 3426 2271 opere
3448 2204 3502 2253 et
3526 2197 3716 2254 ordine
3740 2203 3919 2271 contue-

2346 2263 2498 2327 mur.
2534 2263 2689 2343 Nam,
2710 2272 2903 2342 potuit
2943 2271 3144 2343 utique
3173 2263 3359 2326 sim-ul
3388 2270 3576 2343 facere
3603 2274 3816 2343 cuncta;
3844 2263 3916 2343 sed

2344 2344 2495 2399 ratio
2528 2339 2907 2398 multiformis
2939 2339 3264 2412 prohibuit,
3297 2347 3354 2397 et
3386 2340 3646 2411 sepositis
3672 2339 3750 2394 his
3774 2339 3916 2392 omni-

2342 2416 2476 2478 bus,
2517 2415 2829 2484 Scripturte
2872 2414 3093 2468 divinas
3146 2413 3296 2485 ﬁdes
3349 2412 3914 2485 adhibendaest,qute

2344 2487 2505 2552 dicit,
2535 2493 2589 2540 et
2616 2479 2773 2556 saepe
2804 2486 2963 2549 dicit,
2999 2486 3141 2556 quia
3172 2484 3232 2538 in
3262 2501 3378 2547 sex,
3406 2483 3606 2555 inquit,
3636 2479 3798 2556 diebus
3819 2479 3913 2549 fecit

2344 2558 2602 2612 Dominus
2619 2552 2760 2610 Deus
2780 2564 2904 2610 tuus
2924 2552 3111 2610 cretum
3130 2562 3177 2609 et
3201 2563 3433 2623 terram,
3446 2552 3587 2610 mare
3602 2559 3649 2627 et
3666 2552 3817 2627 omnia
3829 2565 3911 2627 qua

2343 2631 2399 2683 in
2442 2630 2515 2682 eis
2557 2636 2679 2683 sunt
2712 2628 2910 2689 (Exod.
2950 2644 3043 2692 xx,
3080 2627 3187 2698 11).
3222 2627 3425 2683 Primo
3454 2627 3604 2681 enim
3638 2625 3692 2679 in
3727 2623 3831 2698 loco
3854 2623 3913 2672 sic

2341 2700 2674 2755 debuerunt
2702 2700 2846 2774 ﬁeri.
2879 2705 2939 2774 ut
2984 2692 3273 2753 sentirent
3305 2715 3376 2754 ac
3416 2698 3621 2774 scirent
3645 2696 3772 2774 quia
3801 2692 3913 2774 facta

2341 2776 2482 2825 sunt
2511 2789 2522 2825 :
2556 2772 2800 2843 quando
2826 2771 2985 2825 enim
3018 2785 3137 2843 non
3168 2786 3229 2824 se
3260 2770 3470 2825 omnia
3498 2765 3909 2843 siinul'videruttl,

2340 2843 2442 2897 sed
2473 2839 2658 2897 unum
2685 2844 2881 2905 hodie,
2908 2857 3040 2895 cras
3069 2841 3330 2896 alterum
3354 2858 3367 2907 ;
3398 2841 3768 2908 cognoverunt
3788 2839 3910 2889 initio

2340 2931 2402 2968 se
2428 2914 2735 2977 contineri,
2755 2919 2809 2968 et
2840 2912 3000 2968 nullo
3030 2912 3209 2967 modo
3242 2928 3425 2982 posse
3450 2911 3911 2982 aeternitatemsus-

2337 2986 2542 3056 picari,
2571 2986 2669 3040 ubi
2688 3002 2749 3039 se
2778 2984 3048 3056 partibus
3076 2978 3337 3038 invicem
3368 2984 3782 3056 recognoscant.
3803 2978 3909 3031 Nam

2336 3052 2383 3111 si
2423 3058 2628 3111 omnia
2671 3052 2849 3111 sim'ul
2896 3056 3287 3119 exstitissent,
3326 3070 3446 3111 non
3482 3062 3623 3109 esset
3650 3052 3723 3125 eis
3749 3060 3907 3125 sensus

2334 3128 2717 3202 infirmitatis,
2734 3127 2836 3202 sed
2864 3132 3141 3202 putarent
3160 3142 3222 3202 se
3240 3142 3365 3181 non
3385 3128 3639 3197 cmpisse.
3662 3124 3777 3202 Quae
3790 3124 3907 3172 enim

2334 3199 2518 3254 verbo
2548 3199 2645 3255 Dei
2678 3195 2879 3253 subito
2908 3198 3087 3252 simul
3114 3198 3397 3263 existunt,
3429 3195 3545 3252 non
3582 3212 3638 3249 se
3664 3195 3784 3263 ﬁeri
3805 3202 3903 3263 sene

2335 3270 2502 3332 tiunt,
2536 3271 2655 3341 nisi
2676 3270 2835 3324 aliud
2869 3274 3004 3324 ante
3036 3284 3117 3341 se,
3149 3269 3319 3341 aliud
3350 3259 3483 3341 post
3517 3283 3574 3322 se
3604 3259 3904 3341 videndaqtil

2336 3358 2405 3413 ne
2433 3342 2578 3397 forte
2608 3340 2749 3395 illud
2778 3341 2940 3413 quod
2975 3340 3235 3413 primum
3268 3340 3489 3395 factum
3511 3342 3590 3413 est
3612 3340 3755 3413 putet
3774 3347 3821 3385 se
3845 3344 3903 3413 Ill:

2332 3412 2571 3477 fectum,
2608 3400 2836 3481 majora
2870 3400 3003 3478 post
3029 3427 3088 3465 se
3119 3410 3281 3466 facta
3316 3400 3628 3481 cernendo,
3648 3400 3901 3481 hoc_credit

2331 3484 2403 3537 de
2441 3500 2502 3537 se
2532 3474 2954 3553 quodvvidit'in
2987 3482 3171 3537 altero
3201 3484 3453 3553 potiore.
3495 3480 3727 3553 Denique
3747 3474 3900 3553 lumen

2329 3555 2493 3625 quod
2524 3549 2649 3609 dies
2680 3553 3029 3624 appellatur,
3060 3549 3294 3609 ante'se
3327 3554 3504 3610 habet
3532 3549 3726 3625 caelum
3751 3551 3794 3598 et
3826 3549 3901 3595 ter-

2332 3622 2479 3691 ram,
2498 3625 2556 3680 id
2574 3632 2679 3690 est,
2702 3622 2921 3696 aquam
2943 3625 3261 3679 etaridam.
3293 3629 3441 3681 Cum
3465 3622 3771 3696 autemipsa
3784 3625 3899 3696 aqua

2328 3703 2382 3750 et
2408 3698 2576 3752 arida
2601 3704 2656 3752 et
2682 3691 2938 3751 tenebrae
2965 3696 3213 3751 confusa
3238 3691 3899 3759 fuissentfacta,mlernita-

2331 3774 2443 3824 tein
2470 3769 2582 3823 sibi
2613 3767 2914 3842 vindicare
2945 3783 3064 3821 non
3090 3773 3391 3842 poterant,
3422 3768 3561 3839 quia
3587 3760 3713 3842 nihil
3735 3759 3897 3842 ῂοτιιξη

2329 3844 2548 3895 statum
2582 3845 2636 3894 et
2666 3831 3106 3910 proprietatem"
3131 3838 3245 3893 sibi
3277 3831 3497 3894 ausum
3525 3840 3606 3891 est
3635 3831 3892 3910 vindicate.

2330 3911 2424 3966 Sol
2457 3897 2749 3966 iterum'et
2781 3897 2922 3965 luna
2948 3925 3084 3964 cum
3110 3910 3226 3965 sint
3256 3910 3733 3969 clarissima,ante
3754 3915 3801 3953 se
3825 3897 3898 3951 ha-

2328 3982 2466 4057 bent
2496 3981 2700 4057 multa.
2726 3982 2811 4037 Ita
2853 3996 2994 4048 ergo
3027 3981 3249 4057 factum
3284 3987 3395 4047 est,
3424 3986 3483 4036 ut
3512 3978 3721 4057 potiora
3744 3973 3894 4057 poste:-l

2326 4034 2813 4117 sanguine»;
2836 4034 3035 4107 autem
3059 4034 3345 4108 interiora
3357 4034 3489 4108 Eum
3512 4034 3570 4105 se
3591 4034 3896 4105 videni.nihil

2325 4125 2539 4197 horum
2564 4124 2674 4178 sibi
2713 4122 2968 4178 vindicet
2995 4123 3407 4197 aeternitatem.
3441 4121 3893 4197 Praetereaque‘5}:x

2324 4195 2537 4250 diebus
2569 4211 2721 4264 opus
2747 4201 3254 4255 consummatum.
3284 4196 3459 4250 totius
3494 4188 3683 4248 mundi
3719 4186 3893 4264 aetatem

2325 4268 2381 4322 in
2416 4284 2479 4321 se
2519 4254 2801 4330 continet,
2836 4270 2899 4320 ut
2928 4282 3031 4321 sex
3070 4254 3302 4321 dierum
3338 4281 3535 4336 opera,
3565 4277 3657 4336 sex
3703 4254 3892 4336 millium

2324 4354 2396 4392 an
2408 4354 2616 4411 norum
2644 4337 2933 4392 haberent
2954 4337 3237 4411 ﬁguram»:
3254 4332 3403 4408 quia
3426 4333 3581 4407 quod
3601 4332 3893 4411 unoquqqlle

2323 4409 2542 4463 saeculo
2573 4410 2831 4463 futurum
2863 4403 3135 4472 eratfsex
3162 4403 3393 4463 dierum
3418 4403 3517 4479 per
3533 4403 3771 4479 ordinem
3792 4404 3891 4479 ορξθς

2323 4462 2889 4543 ribuscontinetur;
2942 4462 3673 4551 utiputa,quiaiprioribus
3712 4462 3890 4551 saeculis

2323 4556 2486 4607 tanta
2518 4552 2777 4619 cognitio
2812 4552 2908 4605 Dei
2956 4544 3020 4605 in
3068 4544 3240 4605 terris'
3270 4544 3411 4605 non"
3433 4554 3549 4604 erat
3584 4546 3768 4600 futura.
3801 4544 3891 4619 sttit}

2320 4607 2635 4693 splendore
2662 4624 2984 4677 anteriores
3014 4621 3139 4678 dies
3169 4621 3442 4676 videntur
3467 4637 3479 4674 :
3509 4622 3569 4673 ut
3595 4619 3766 4693 autem
3792 4607 3889 4693 alii?

2321 4673 2630 4749 ἱιᾏίἧίιίὲέιᾶ
2650 4673 2879 4764 ιῖὲέόῆ
2893 4673 3525 4764 haesi,‘qi.a';eere.
3546 4684 3708 4743 nostri
3736 4673 3887 4764 incili“

2319 4772 2373 4820 et
2402 4756 2667 4839 agrestes.
2693 4781 2975 4839 pecorum
3008 4756 3172 4839 more
3194 4763 3401 4839 victuri
3429 4765 3586 4839 erant
3614 4778 3625 4839 ξ
3651 4756 3889 4839 δεῖιίρξξξ

2320 4818 2793 4891 teinudie'hoino
2815 4818 3021 4895 iﬁeret.
3056 4818 3182 4891 haec
3221 4818 3738 4905 resmfecit,quiain
3764 4818 3886 4905 serto

2319 4907 2646 4963 millenario
2673 4923 2970 4962 annorum
2998 4907 3292 4962 adventus
3324 4903 3524 4963 Christi
3545 4899 3882 4963 hominem}?

2316 4979 2409 5041 cit,
2446 4996 2513 5034 ne
2552 4979 2725 5033 morti
2766 4984 2923 5033 esset
2962 4978 3275 5033 obnoxius.
3309 4980 3376 5033 Ut
3403 4981 3592 5031 autem
3621 4957 3883 5041 imago"???l

2315 5028 2475 5103 agger
2488 5028 2743 5119 sese},
2753 5028 3535 5115 asamanifestissima
3553 5028 3767 5117 haberet
3782 5028 3882 5119 fit}?

2316 5121 2432 5201 Dei,
2467 5102 2698 5176 dicente
2729 5102 2874 5175 :Ioan
2888 5137 2957 5201 ne
2986 5121 3277 5201 apostolo.
3301 5102 3696 5201 Scimusautem,

2316 5166 2432 5190 HV"
2468 5166 2698 5176 “⁴”“¹ν“““”““’
2729 5166 2957 5175 ’ν““”“¹ν
2986 5166 3277 5201 *Γνςδ“ν⁸ν.1
3301 5166 3494 5201 ν“.’”’⁷’”’
3524 5166 3581 5169 ”““
3686 5166 3693 5170 '
3788 5166 3802 5172 '

2310 5194 2447 5267 quia;
2466 5209 2594 5267 cum
2612 5193 2957 5267 apparuerit,
2989 5193 3191 5267 similes
3210 5205 3496 5267 eieramus
3509 5184 3717 5267 flag":

2313 5243 2374 5318 fit
2403 5243 2846 5344 Vaselecrt'ionis
2881 5280 2893 5316 :
2922 5243 3292 5344 coimaginati,
3324 5263 3421 5325 ait,
3453 5243 3593 5344 [filio
3626 5243 3871 5344 ρςξῳξξς

2311 5351 2427 5395 Vlll,
2462 5337 2571 5403 29).
2609 5337 2795 5390 Arbor
2825 5341 3024 5391 autem
3058 5323 3184 5391 vitae
3215 5323 3347 5406 qua}
3372 5323 3552 5406 pbsita
3576 5332 3654 5381 est
3677 5323 3878 5406 inpii”:

2309 5406 2458 5470 diso,
2491 5395 2689 5475 imago
2722 5407 2825 5461 fuit
2852 5408 3062 5462 futurae
3084 5395 3287 5475 gratia:
3315 5395 3432 5470 Dei,
3460 5414 3586 5473 qua:
3616 5395 3876 5475 853091.895

2310 5464 2563 5549 Douiini,
2598 5464 2759 5549 quod
2788 5480 2887 5549 qui
2919 5478 3060 5541 edit,
3084 5464 3246 5533 Vivet
3271 5464 3875 5549 in_aater’num.'Na_mA§[;

2306 5548 2416 5604 hor
2448 5523 2707 5604 scientiae
2740 5523 2880 5604 bdui
2910 5554 2966 5604 et
2991 5523 3131 5605 m’ali
3160 5547 3449 5621 signiﬁcat
3472 5537 3623 5621 qugd
3653 5523 3875 5621 Ῑςθξέῗξέ

2305 5627 2391 5711 εδει
2421 5636 2522 5691 ρετ
2554 5624 2811 5711 “siser:
2840 5636 2973 5711 (ne
3002 5637 3135 5711 (ειηξλ
3162 5606 3873 5711 eis!{melii‘iiﬁe‘iﬁ‘fﬁfi

2307 5674 2434 5749 tum
2470 5674 2663 5765 ‘qu’éd‘
2685 5674 2875 5764 pridsj
2896 5674 3139 5757 latebat,
3173 5674 3338 5748 dedit
3371 5683 3657 5744 scientiam
3688 5674 3805 5729 boni
3831 5676 3853 5715 ε

3873 4912 3887 4921 ο
