4158 6204
223 203 367 260 232i

223 326 394 382 mali.
411 326 681 383 Ostendit
704 325 861 383 enim
884 325 1034 451 guid
1059 331 1209 382 esset
1232 327 1483 396 bonum,
1510 329 1733 402 quidve
1755 346 1885 387 ma-

223 397 371 451 lum.
404 398 553 451 Illud
582 414 737 451 vero.
761 413 878 451 auo
955 399 1210 451 septimo
1226 400 1323 451 die
1353 402 1885 451 remiievitabone-

216 397 371 473 lum.
404 398 553 473 Illud
582 414 737 473 vero,
761 397 923 473 quod
955 399 1210 473 septimo
1226 400 1323 455 die
1353 397 1885 473 requievitabope-

216 420 371 453 tum.
404 420 553 453 lllUU
582 420 737 463 VCI‘O,
761 420 923 468 quuu
955 420 1323 469 SCPUHJOOIB
1353 420 1781 473 Γθᾳωθνιῐθῡο
1830 420 1883 459 Θ·

216 469 387 542 ribus
419 469 565 542 suis,
590 470 703 524 hoc
732 468 1047 542 signiﬁcat,
1068 471 1213 541 quia
1242 472 1484 542 impleto
1510 479 1671 528 sexto
1702 420 1883 529 miiie-

216 541 390 597 nario
414 541 431 575 ¹
462 556 781 616 annorum,
812 539 870 616 in
899 539 1153 616 septimo
1180 539 1509 616 mille'nario
1532 546 1878 616 requiescet,

216 617 490 667 cessante
516 611 645 681 jam
674 610 903 685 mundo
934 612 1011 685 ab
1037 614 1203 668 omni
1233 630 1411 685 opere
1444 610 1729 671 saeculari.
1750 610 1881 672 Haec

214 684 703 763 distimuspauca
728 682 801 763 de
830 683 1052 751 multis,
1085 688 1149 739 ut
1174 682 1330 741 viain
1362 688 1763 763 panderemus
1798 690 1881 743 in-

217 754 522 826 telligendi
553 754 885 809 secundum
919 770 990 810 ea
1017 770 1154 826 quas
1184 754 1795 829 supra'ostendimus.

648 842 713 880 DE
753 841 951 881 ORDINE
990 842 1095 882 DIEI
1135 843 1198 883 ET
1238 845 1450 885 NOCTIS.

289 898 446 970 CYII.
480 926 549 936 —
581 897 884 970 Quantum
921 898 1000 952 ad
1031 899 1238 954 mundi
1269 900 1565 955 rationem
1604 901 1874 970 pertinet,

216 968 501 1044 tenebras
526 968 948 1044 antelegimus
977 985 1163 1044 quam
1194 974 1410 1027 lucem.
1447 974 1523 1027 Ea
1552 968 1711 1027 enim
1741 989 1877 1044 quas

215 1040 296 1114 ad
351 1039 564 1114 mundi
614 1039 906 1114 fabricam
948 1039 1342 1114 profecerunt.
1400 1058 1653 1114 quaeque
1698 1039 1875 1097 simul

214 1111 378 1167 facta
408 1111 705 1173 videntur,
740 1110 965 1165 lumine
1011 1113 1243 1181 privata
1274 1110 1454 1168 fuisse
1485 1110 1875 1169 consideran-

214 1187 311 1257 tur
342 1203 354 1246 ;
380 1182 439 1237 id
471 1188 575 1248 est,
599 1197 782 1257 aqua,
801 1187 976 1257 terra,
1002 1183 1260 1238 tenebrae
1291 1201 1362 1239 ex
1387 1186 1608 1256 quibus
1634 1201 1875 1257 compa-

211 1256 578 1327 ginatusest
599 1253 1070 1327 m’undus,_sicut
1094 1253 1427 1310 continetur
1456 1258 1513 1310 in
1547 1253 1871 1327 Sapientia,

209 1341 355 1399 quas
372 1324 581 1380 dicitur
602 1323 960 1399 Salomonis,
977 1341 1041 1378 ex
1053 1327 1284 1399 materia
1307 1327 1485 1381 invisa
1502 1323 1647 1398 (Βαρζ
1666 1344 1741 1392 x1,
1767 1332 1870 1399 I8),

208 1396 332 1451 hoc
358 1401 445 1451 est
471 1396 809 1471 tenebrosa.
846 1396 1214 1471 Ettenebras
1244 1400 1402 1471 enim
1434 1406 1488 1453 et
1509 1396 1731 1471 aquam
1759 1396 1871 1455 fac-

212 1474 339 1523 tam
373 1482 547 1521 sacra
578 1466 885 1522 volumina
914 1468 1103 1538 ipsius
1138 1470 1368 1524 Domini
1400 1486 1545 1524 voce
1566 1466 1873 1526 testantur

214 1554 326 1609 per
351 1540 567 1593 Isaiam
600 1539 954 1611 prophetam
987 1541 1177 1611 :Ego,
1221 1539 1432 1611 inquit,
1458 1543 1611 1596 Deus
1643 1542 1752 1596 feci
1779 1542 1870 1597 lu-

211 1626 371 1674 cem,
401 1609 675 1682 etcreavi
710 1609 982 1665 tenebras
1008 1609 1165 1675 (Isai.
1197 1609 1327 1676 XLV,
1388 1616 1439 1676 6,
1473 1614 1555 1682 7).
1598 1614 1871 1668 Similiter

210 1688 270 1736 et
301 1697 401 1751 per
436 1680 650 1735 David.
687 1686 742 1736 et
768 1696 959 1752 aquas
1003 1682 1207 1746 factas,
1241 1689 1296 1737 et
1324 1680 1538 1738 terram
1570 1683 1868 1740 ﬁrmatam

210 1768 398 1826 super
428 1768 617 1826 aquas
646 1752 1160 1826 Spiritussanctus
1180 1755 1621 1826 ostendit(Psal.
1652 1771 1866 1823 cxxxv,

210 1822 307 1897 6),,
325 1822 497 1891 Quod
513 1822 1241 1897 convenitetEvangelicm
1258 1822 1589 1897 auctoritati
1607 1833 1662 1881 et
1683 1822 1870 1897 Apos-

210 1895 404 1950 tolicae
433 1895 750 1967 traditioni,
782 1894 842 1949 in
874 1894 1096 1966 quibus
1124 1898 1330 1951 omnia
1358 1896 1510 1952 facta
1546 1894 1823 1967 leguntur
1852 1916 1863 1953 :

208 1972 271 2021 et
305 1972 367 2019 ut
392 1966 535 2020 nihil
566 1966 884 2032 exciperet,
911 1967 1022 2020 sive
1049 1983 1166 2037 quas
1197 1970 1254 2021 in
1285 1968 1430 2022 cretis
1453 1977 1598 2033 sunt,
1617 1966 1733 2037 ait,
1758 1970 1868 2024 sive

208 2054 340 2110 quae
368 2037 425 2091 in
456 2038 626 2092 terris
659 2036 844 2111 (Joan.
874 2052 911 2102 ι,
956 2041 1008 2102 3,
1043 2036 1235 2111 Coloss.
1270 2055 1308 2103 ι,
1343 2040 1453 2111 16).
1493 2044 1553 2094 In
1584 2041 1695 2096 hac
1720 2036 1867 2109 ergo

206 2109 405 2181 parte,
437 2109 677 2181 quaead
708 2116 895 2181 terras
924 2110 1193 2179 pertinet,
1247 2115 1386 2165 ante
1417 2109 1705 2166 tenebras
1728 2112 1869 2180 legi-

207 2178 354 2235 inus
378 2178 772 2252 (qu’amlucem
789 2198 811 2252 7:
841 2178 953 2235 hoc
969 2188 1169 2236 autem
1192 2188 1278 2236 est
1298 2188 1591 2252 quantum
1609 2183 1686 2238 ad
1707 2178 1866 2238 ordi-

210 2267 358 2307 nem
375 2250 636 2306 lectionis
650 2251 921 2321 pertinet,
937 2267 1057 2306 non
1117 2250 1365 2307 uantum
1384 2253 1461 2307 ad
1477 2254 1865 2323 dignitatem;

210 2338 360 2377 nam
393 2323 595 2378 utique
622 2321 808 2377 multo
843 2322 1048 2378 melior
1071 2268 1200 2378 (iuit
1257 2339 1441 2378 quam
1476 2326 1731 2378 tenebrae
1766 2343 1777 2378 :
1807 2326 1865 2378 in

206 2338 360 2377 nam
389 2323 595 2394 utique
622 2321 808 2377 multo
843 2322 1048 2394 melior
1091 2321 1200 2378 lux
1257 2339 1441 2394 quam
1476 2321 1731 2381 tenebrae
1766 2343 1777 2381 :
1807 2326 1867 2381 in

207 2393 429 2468 mundi
461 2393 661 2468 tamen
690 2394 913 2468 ratione
943 2393 1045 2448 lux
1072 2393 1532 2465 accipit’nomen
1566 2404 1628 2451 ut
1657 2397 1866 2468 appel-

205 2466 433 2520 leretur
461 2464 610 2533 dies,
646 2468 701 2519 et
726 2465 981 2520 tenebrae
1013 2481 1131 2520 nox
1163 2484 1176 2531 ;
1206 2464 1317 2521 sed
1363 2468 1475 2521 hac
1525 2464 1753 2524 scilicet
1777 2483 1867 2523 ra-

207 2536 411 2609 tione,
428 2537 568 2609 quia
600 2536 747 2590 dum
773 2535 1492 2609 illuminanturitenebree,
1526 2545 1582 2593 et
1612 2541 1870 2609 praeterit

204 2607 337 2679 lux,
355 2606 501 2679 illud
534 2611 768 2677 tempus
789 2607 1082 2679 quamdiu
1103 2608 1305 2663 redeat
1330 2608 1450 2673 lux,
1471 2606 1686 2665 dicitur
1712 2627 1866 2675 nox;

205 2684 269 2733 et
307 2677 453 2754 illud
479 2685 714 2754 tempus
740 2677 861 2749 quo
888 2679 1868 2754 illuminanturtenebrte,appella-

205 2756 303 2805 tur
320 2749 763 2822 dies._Noxergo
777 2766 912 2805 cum
926 2750 1165 2818 dicitur,
1180 2758 1450 2822 speratur
1466 2749 1866 2817 futurus'dies;

202 2827 267 2876 et
289 2837 430 2892 cum
449 2820 571 2875 dies
593 2820 825 2890 dicitur,
851 2828 1121 2892 speratur
1152 2820 1351 2878 futura
1381 2839 1518 2880 nox.
1561 2828 1706 2879 Cum
1731 2840 1868 2880 vero

202 2891 555 2948 ofﬁciahaac
570 2893 933 2949 cessaverint
969 2897 1312 2949 transeunte
1334 2895 1582 2960 mundo,
1615 2896 1869 2951 tenebrae

203 2970 446 3019 tantum
470 2963 763 3029 dicentur,
814 2964 1138 3036 etlumen.
1164 2968 1291 3019 Non
1323 2965 1485 3020 enim
1523 2972 1717 3036 potest
1747 2966 1865 3021 dici

203 3051 354 3097 nox,
385 3050 523 3090 cum
542 3040 825 3106 perpetuo
852 3035 969 3091 sint
995 3035 1246 3091 tenebrae
1280 3053 1293 3097 ;
1329 3035 1695 3107 neque'dies,
1731 3053 1867 3091 cum

204 3106 484 3162 occidere
506 3106 825 3162 cessaverit
856 3106 1079 3163 lumen.
1112 3108 1218 3162 Ubi
1252 3106 1548 3162 aeternitas
1600 3114 1707 3172 est,
1740 3125 1867 3163 ces-

205 3177 496 3233 santheec
524 3177 796 3250 nomina,
826 3179 1120 3249 quiacum
1152 3178 1381 3234 mundo
1412 3185 1740 3250 coeperunt.
1764 3180 1870 3234 De-

206 3250 399 3320 nique
431 3253 757 3329 antequam
783 3248 886 3329 lux
918 3251 1104 3329 ﬁeret,
1123 3266 1256 3329 quae
1280 3248 1578 3322 appellata
1608 3256 1698 3329 est
1718 3251 1869 3315 dies,

206 3336 336 3395 non
354 3335 471 3395 nox
488 3320 919 3388 legiturfuisse,
950 3320 1056 3375 sed
1081 3320 1361 3395 tenebras:
1396 3338 1531 3393 quae
1548 3328 1870 3395 postquam

205 3390 566 3447 illuminatae
598 3396 757 3465 sunt,
793 3397 848 3448 et
879 3392 1154 3462 praeteriit
1183 3392 1305 3457 lux,
1335 3390 1871 3465 vesper'appe'llata:

208 3467 353 3517 sunt.
382 3466 449 3535 et
469 3478 608 3517 nox.
642 3464 823 3535 Igitur
852 3469 1145 3533 quantum
1178 3464 1455 3534 apparet,
1488 3467 1757 3535 subjecta
1783 3470 1873 3519 est

210 3550 337 3589 nox
392 3533 532 3608 diei.
560 3533 882 3608 Nonenim
920 3535 1063 3606 quia
1110 3533 1541 3608 antei'tenebraa
1595 3533 1874 3608 leguntur

210 3621 405 3677 quam
435 3604 557 3668 lux,
601 3604 822 3659 idcirco
874 3604 1315 3677 anteponendas
1366 3608 1583 3663 debent
1630 3604 1814 3663 videri
1856 3624 1868 3659 :

210 3676 361 3748 quia
392 3680 448 3730 et
469 3676 687 3748 caelum
739 3680 878 3731 ante
902 3676 1090 3731 solem
1137 3682 1244 3739 est.
1290 3683 1347 3733 et
1378 3684 1576 3734 tamen
1609 3679 1872 3734 claritate

211 3746 415 3817 major
440 3752 526 3803 est
549 3746 645 3821 _sol
678 3763 691 3811 ;
724 3752 779 3821 et
799 3752 953 3804 terra
983 3752 1119 3803 ante
1150 3748 1478 3813 hominem,
1504 3757 1560 3804 et
1589 3767 1804 3821 pecora
1820 3755 1874 3805 et

210 3826 432 3874 caetera
462 3819 813 3883 animantia,
838 3824 895 3874 et
921 3824 1117 3873 tamen
1142 3821 1411 3887 subjecta
1440 3819 1870 3877 sunt‘homini:

211 3906 337 3964 non
368 3905 511 3957 ergo
538 3889 772 3964 idcirco_
790 3906 903 3945 nox
924 3890 1184 3961 praeferri
1207 3891 1381 3946 debet
1403 3892 1538 3956 diei,
1572 3894 1713 3964 quia
1739 3899 1872 3947 ante

210 3962 498 4031 leguntur
524 3965 579 4015 et
619 3961 881 4033 tenebras
918 3980 930 4028 ;
974 3977 1112 4016 cum
1153 3969 1445 4031 appareat
1481 3969 1537 4018 et
1585 3961 1872 4033 dignitate

213 4034 423 4106 lumen
480 4031 757 4106 tenebris,
791 4038 848 4087 et
882 4038 1149 4103 tempore
1180 4033 1339 4089 diem
1373 4035 1527 4090 nocti
1567 4031 1870 4106 anteponi.

214 4104 381 4159 Sicut
405 4103 565 4158 enim
599 4119 783 4174 supra
812 4108 1121 4158 ostensum
1175 4110 1281 4167 est,
1321 4122 1455 4159 cum
1489 4112 1688 4161 essent
1713 4103 1874 4161 tene-

213 4176 340 4231 brae
375 4174 532 4230 facta
549 4180 634 4229 est
664 4175 784 4229 lux.
822 4176 895 4229 Et
917 4175 1213 4245 appellavit
1259 4178 1402 4231 Deus
1436 4178 1598 4232 lucem
1630 4178 1789 4244 diem,
1824 4187 1873 4231 et

211 4245 464 4319 tenebrns
512 4245 802 4319 appellavit
847 4253 1053 4301 noctem
1077 4263 1099 4319 :7
1145 4254 1194 4301 et
1242 4247 1445 4317 factum
1476 4256 1550 4303 est
1582 4266 1796 4319 vespere
1825 4256 1870 4302 et

214 4334 373 4371 mane
401 4316 515 4371 dies
540 4334 678 4373 unus
701 4318 853 4384 (Gen.
877 4334 912 4382 ι,
944 4319 1027 4382 5).
1054 4318 1204 4373 Nam
1226 4320 1336 4374 nisi
1363 4320 1490 4375 dies
1524 4316 1744 4385 fuisset,
1765 4336 1874 4374 nec

216 4404 342 4443 nox
376 4394 533 4443 esset
562 4404 575 4454 ;
602 4388 1053 4461 teuebraeqenim
1084 4395 1273 4456 erant,
1326 4406 1458 4461 quae
1488 4407 1622 4445 cum
1654 4391 1873 4446 illumi-

214 4464 378 4515 natas
404 4464 562 4524 sunt,
590 4459 936 4530 etprteteriit
950 4461 1071 4515 dies
1090 4476 1265 4515 cursu
1283 4459 1390 4516 suo
1407 4469 1662 4531 peracto,
1685 4463 1873 4518 factus

215 4537 306 4586 est
328 4545 560 4602 vesper.
596 4533 813 4586 Etcum
844 4538 981 4601 post
1007 4546 1323 4601 vesperam
1354 4532 1656 4597 illuxisset,
1685 4534 1874 4589 factus

216 4608 307 4657 est
327 4601 456 4656 dies
476 4601 704 4671 primus
736 4607 907 4657 nocte
939 4607 1260 4669 transacta,
1278 4604 1507 4659 utdiem
1532 4612 1876 4669 sequeretur

216 4689 362 4728 nox.
398 4675 517 4727 Hoc
547 4672 865 4742 etdignum
893 4681 999 4737 est.
1028 4680 1085 4728 et
1113 4675 1339 4729 ratione
1361 4678 1871 4744 commendatum,

218 4750 281 4818 ut
336 4744 584 4818 inferior
608 4751 824 4800 natura
859 4759 963 4815 per
988 4747 1193 4818 omnia
1235 4746 1507 4818 subjecta
1539 4749 1609 4803 sit
1642 4748 1873 4818 potiori.

218 4816 542 4889 Quomodo
568 4831 713 4889 ergo
727 4832 845 4889 nox
867 4821 1004 4871 ante
1028 4816 1188 4889 diem
1211 4817 1442 4883 dicitur,
1469 4816 1874 4889 cujus‘nomen

217 4886 539 4957 postdiem
568 4886 762 4955 legis?
789 4890 912 4943 Non
943 4887 1101 4959 enim
1158 4889 1459 4959 appellata
1494 4886 1695 4945 fuisset
1740 4907 1873 4954 nox.

218 4974 418 5029 neque
442 4974 673 5032 vesper,
705 4959 815 5013 nisi
834 4958 1105 5014 factalux
1131 4958 1290 5014 diem
1306 4960 1517 5031 egisset
1546 4978 1701 5032 :quo
1725 4970 1877 5017 tran-

220 5028 409 5103 sacto,
445 5028 636 5084 factus
676 5034 763 5085 est
786 5046 1017 5103 vesper,
1063 5032 1165 5101 qui
1201 5036 1288 5086 est
1327 5028 1479 5086 nox:
1513 5028 1642 5087 dies
1676 5034 1876 5103 utique

222 5101 415 5156 factus
442 5105 530 5173 est
553 5116 784 5171 vesper,
807 5107 866 5156 ut
896 5102 1050 5156 scias
1071 5108 1305 5158 noctem
1334 5108 1561 5173 partem
1585 5121 1718 5159 esse
1741 5101 1875 5158 diei.

218 5174 385 5227 Tunc
406 5172 568 5227 enim
601 5177 1059 5227 consummatur
1075 5173 1224 5237 dies,
1254 5172 1389 5229 cum
1425 5175 1630 5231 transit
1663 5182 1715 5230 et
1738 5191 1875 5230 nox.

224 5244 492 5315 Denique
524 5244 608 5298 sic
634 5242 914 5315 dicimus,
941 5246 1147 5299 Annus
1190 5245 1316 5300 dies
1365 5246 1543 5301 habet
1593 5251 1881 5302 trecentos

224 5314 844 5440 sexagintaguinque;
869 5330 988 5369 non
1023 5316 1226 5387 utique
1258 5318 1384 5371 sine
1409 5318 1706 5373 noctibus.
1736 5320 1881 5372 Cum

224 5386 526 5440 enimdies
598 5386 831 5440 icimus.
858 5385 1077 5440 ibidem
1110 5394 1535 5440 computamus
1567 5394 1622 5440 et
1654 5395 1879 5440 noctes.

222 5386 526 5441 enimdies
552 5385 831 5447 dicimus,
858 5385 1077 5441 ibidem
1110 5385 1535 5455 computamus
1567 5394 1622 5444 et
1654 5395 1879 5445 noctes.

224 5458 348 5512 Sub
370 5456 727 5528 auctoritate
754 5456 915 5512 enim
946 5457 1062 5512 diei
1090 5458 1497 5528 signiﬁcamus
1530 5466 1586 5514 et
1613 5467 1880 5524 noctem;

226 5544 369 5584 nam
396 5527 523 5584 etsi
556 5543 675 5583 nox
729 5528 962 5599 praeiret
990 5527 1170 5593 diem,
1213 5531 1324 5585 sub
1356 5531 1644 5587 vocabulo
1700 5533 1884 5586 noctis

225 5604 678 5671 computaretur
701 5604 756 5656 et
787 5600 932 5656 dies.
960 5601 1100 5666 Quis
1127 5601 1344 5657 etenim
1374 5603 1881 5668 hominumdicat,

288 5752 300 5782 ¹
336 5750 431 5800 Ms.
469 5748 733 5808 Colbert.,
764 5750 849 5801 hic
875 5754 925 5801 et
949 5750 1101 5811 infra,
1133 5752 1428 5803 millesimo.

1740 203 2129 262 APPENDIX.

3497 211 3640 267 2322

1994 332 2130 385 Post
2152 330 2423 412 quinqne
2447 335 2651 412 noctes
2677 332 2897 389 videbo
2928 336 3093 412 te,_et
3121 349 3265 401 non,
3296 338 3431 412 post
3461 335 3637 412 quin-

1991 418 2108 473 que
2134 403 2255 457 dies
2284 403 2311 457 ?
2342 406 2456 459 Nec
2484 403 2697 472 legisse
2716 421 2824 459 nos
2847 406 3231 461 meminimus
3255 403 3640 463 alicubi‘noc-

1994 478 2109 549 tem
2137 474 2443 549 antediem
2468 476 3041 549 signiﬁcatam.Nam
3061 479 3191 548 luit,
3211 478 3422 547 inquit,
3445 480 3639 549 Moyses

1990 546 2057 619 in
2075 552 2247 619 monte
2275 547 2650 616 quadraginta
2668 547 2853 601 diebus
2898 555 2946 602 et
2989 546 3358 619 quadraginta
3397 546 3639 605 noctibus

1988 616 2182 686 (Exod.
2205 633 2374 692 _xx1v,
2410 622 2513 683 l8).
2550 620 2611 692 Et
2637 619 2694 672 in
2717 619 2967 682 Psalmo,
2996 616 3110 683 Sol,
3145 616 3357 692 inquit,
3389 637 3496 675 non
3519 628 3638 675 uret

1988 694 2037 741 te
2061 705 2159 762 per
2183 687 2344 762 diem,
2378 706 2541 760 neque
2571 689 2702 762 luna
2730 706 2828 760 per
2856 695 3057 745 noctem
3088 687 3260 762 (Psal.
3295 707 3421 755 cxx,
3454 693 3527 759 6).
3570 692 3634 746 Et

1990 764 2053 813 ut
2076 759 2323 833 deipsis
2341 759 2680 833 primordiis
2706 761 2923 816 demus
2945 759 3307 833 exemplum,
3336 763 3520 829 Fiant,
3551 762 3637 817 in-

1986 830 2131 900 quit,
2164 830 2464 885 luminaria
2490 832 2549 885 in
2589 833 2930 901 ﬁrmamento
2958 835 3097 896 cceli,
3124 830 3175 888 et
3217 834 3429 888 luceant
3476 850 3637 902 super

1985 908 2190 955 terram
2214 922 2232 958 :
2261 902 2530 957 luminare
2555 904 2731 973 majus
2760 907 2822 958 in
2846 904 3231 959 inchoationem
3278 904 3394 958 diei
3422 921 3434 971 ;
3468 912 3517 959 et
3550 904 3635 958 lu-

1984 974 2194 1046 minare
2221 974 2426 1040 minus,
2456 975 2515 1027 in
2536 974 2927 1029 inchoationem
2946 976 3114 1030 noctis
3135 976 3285 1046 (Gen.
3307 992 3344 1034 ι.
3378 978 3463 1045 14)
3492 995 3504 1032 :
3530 976 3635 1030 sed

1983 1044 2127 1117 luna
2158 1051 2502 1117 nonpotest
2527 1048 2793 1117 praeponi
2816 1047 2945 1111 soli,
2982 1044 3272 1102 sicut'nec
3318 1044 3581 1101 non'diei
3610 1064 3627 1117 ;

1984 1115 2088 1169 sed
2110 1117 2261 1169 sicut
2290 1115 2433 1171 luna
2477 1117 2592 1171 sub
2623 1115 2745 1171 sole
2783 1122 2889 1181 est,
2923 1117 3001 1173 ita
3040 1134 3158 1174 nox
3183 1118 3295 1172 sub
3325 1117 3440 1172 die.
3487 1120 3549 1171 Et
3572 1115 3632 1171 in

1983 1187 2298 1255 Evangelio
2331 1186 2623 1242 habemus
2663 1187 2771 1242 sub
2797 1190 3143 1246 auctoritate
3170 1195 3226 1244 et
3252 1187 3634 1244 numerodie—

1981 1273 2115 1311 rum
2149 1256 2515 1327 signiﬁcatus
2541 1264 2596 1313 et
2625 1264 2828 1313 noctes
2858 1276 2870 1313 :
2927 1261 3008 1315 ait
3036 1260 3197 1315 enim
3230 1260 3382 1314 inter
3420 1265 3633 1315 caetera

1979 1327 2288 1401 Dominus,
2322 1328 2459 1382 Sunt
2489 1329 2819 1401 hicquidam
2847 1330 3337 1397 circumstantium,
3386 1330 3479 1401 qui
3526 1347 3629 1385 non

1977 1399 2269 1470 gustabunt
2290 1407 2533 1465 mortem,
2554 1400 2713 1454 donec
2727 1401 2949 1454 videant
2979 1403 3191 1457 Filium
3220 1399 3449 1456 hominis
3471 1401 3527 1455 in
3544 1418 3630 1456 re-

1976 1488 2079 1541 gno
2092 1488 2203 1525 suo.
2238 1474 2300 1525 Et
2322 1471 2592 1543 subjecit,
2626 1471 2857 1526 Factum
2873 1479 2949 1525 est
2961 1481 3077 1543 post
3094 1474 3208 1527 dies
3229 1480 3341 1527 octo
3371 1473 3527 1543 (Luc.
3548 1489 3625 1538 ix,

1978 1542 2090 1612 27),
2124 1549 2230 1614 etc_.
2254 1542 2555 1614 Numquid
2581 1558 2697 1597 non
2718 1543 2897 1597 inhoc
2922 1542 3172 1598 numero
3186 1542 3623 1598 continenturet

1979 1618 2180 1668 noctes
2205 1612 2231 1666 ?
2262 1613 2326 1685 Et
2347 1612 2464 1667 alio
2503 1614 2656 1679 loco,
2692 1614 2835 1685 Hzec,
2870 1615 3080 1685 inquit,
3106 1615 3164 1668 in
3190 1615 3458 1669 Bethania
3484 1622 3629 1683 gesta

1975 1692 2100 1738 sunt
2120 1690 2273 1738 trans
2292 1684 2697 1749 Jordanem,ubi
2708 1692 2827 1739 erat
2842 1684 3075 1740 Joannes
3094 1685 3629 1756 baptizans.Postrea

1975 1756 2062 1810 die
2094 1756 2227 1810 vidit
2278 1755 2459 1810 Iesum
2494 1756 2803 1828 venientem,
2856 1755 3162 1828 Numquid
3185 1759 3351 1822 dixit,
3389 1760 3627 1828 Postera

1976 1828 2187 1882 nocte?
2204 1828 2429 1899 lterum
2448 1828 2735 1899 sequitur,
2768 1827 3020 1897 Sequenti
3036 1826 3133 1882 “die
3160 1828 3331 1882 voluit
3352 1826 3627 1899 proﬁcisci

1975 1902 2031 1952 in
2062 1898 2350 1953 Galilaeam
2370 1897 2602 1963 (Joanli,
2620 1899 2708 1961 28,
2730 1900 2815 1961 29,
2842 1900 2953 1969 43).
2970 1900 3033 1953 Et
3059 1900 3117 1953 in
3137 1897 3514 1969 subjecto,Et
3540 1897 3625 1969 die

1974 1970 2141 2024 tertio
2168 1970 2378 2039 nuptias
2404 1972 2565 2038 facta:
2593 1976 2722 2024 sunt
2762 1970 2821 2023 in
2849 1968 2999 2024 Cana
3035 1970 3284 2026 Galilaea:
3315 1968 3421 2041 (Id.
3458 1984 3516 2033 1!,
3548 1968 3622 2039 1).

1975 2042 2116 2112 Ecce
2170 2040 2392 2112 ubique
2422 2041 2549 2096 dies
2578 2042 2635 2095 in
2669 2042 3019 2096 auctoritate
3048 2042 3356 2112 probatur,
3388 2046 3624 2095 noctem

1974 2111 2204 2167 habens
2229 2111 2581 2182 subjectum.
2612 2113 2666 2167 Si
2696 2112 2855 2167 enim
2885 2111 3071 2167 noctis
3100 2112 3342 2167 nomine
3360 2112 3623 2166 contine-

1975 2184 2533 2253 retur,praeiretnox
2558 2182 2739 2237 diem.
2769 2186 2916 2238 Nam
2950 2184 3093 2253 quia
3110 2184 3625 2253 Romaniregnum

1975 2198 2533 2253 retur,praeiretnox
2558 2198 2739 2237 diem.
2769 2198 2916 2238 riam
2998 2200 3093 2239 una
3110 2198 3431 2238 nomantre
3480 2198 3625 2236 num

1974 2254 2199 2310 habent
2232 2272 2245 2319 ;
2281 2254 2524 2324 Hispani
2552 2259 2609 2307 et
2653 2254 2799 2309 Galli
2822 2260 2877 2309 et
2902 2200 3022 2309 Agri
3054 2261 3109 2309 et
3151 2256 3340 2310 casteri
3371 2198 3627 2323 suijecti

1974 2326 2077 2390 eis,
2103 2326 2215 2381 sub
2229 2341 2435 2381 eorum
2455 2325 2699 2380 nomine
2722 2325 2971 2381 Romani
2989 2332 3275 2381 vocantur
3293 2342 3305 2380 :
3323 2327 3406 2381 ita
3419 2330 3624 2389 etnox,

1973 2398 2115 2468 quia
2137 2397 2407 2466 subjecta
2437 2397 2680 2468 estdiei,
2708 2396 2821 2452 sub
2848 2398 2978 2467 ejus
3013 2399 3252 2452 nomine
3272 2397 3623 2468 continetur.

1975 2466 2087 2524 Sed
2106 2468 2516 2541 indeiquidam
2532 2467 2836 2541 falluntur,
2864 2466 3009 2539 quia
3033 2466 3626 2541 .Iudseiinsabbatnm

1972 2554 2219 2609 vespere
2245 2537 2784 2608 jubenturintrare,
2803 2537 2922 2594 non
2944 2540 3530 2609 considerantesicur
3547 2537 3627 2592 ita

1976 2608 2331 2681 mandatum
2364 2610 2454 2664 sit.
2488 2611 2639 2664 Nam
2673 2611 2874 2679 utique
2902 2611 3093 2681 pridie
3135 2626 3374 2665 necesse
3404 2608 3629 2663 habent

1975 2697 2171 2736 emere
2194 2680 2305 2735 sibi
2328 2697 2495 2735 escas
2516 2680 2921 2751 etpraapararé
2939 2682 2997 2736 in
3017 2680 3626 2751 sabbatum,etlotum

1974 2752 2077 2833 ire.
2114 2753 2414 2833 Numquid
2441 2750 2696 2833 possunt
2717 2751 2846 2833 huic
2874 2759 3045 2833 nocte
3074 2752 3366 2833 face‘re,ut
3387 2757 3515 2807 orto
3533 2750 3628 2806 die

1974 2824 2261 2879 intrarent
2290 2822 2349 2878 in
2379 2822 2706 2878 sabbatum
2730 2822 2758 2877 εἰ
2784 2823 3070 2878 Dominus
3096 2828 3249 2879 certe
3268 2838 3515 2894 vespere
3541 2838 3628 2877 re-

1978 2896 2249 2957 surrexit,
2283 2900 2336 2949 et
2368 2894 2483 2950 diei
2503 2896 2844 2965 deputatur.
2891 2899 2951 2949 In
2985 2894 3081 2949 die
3106 2896 3266 2950 enim
3290 2910 3350 2949 re
3372 2894 3629 2965 surrecio

1973 2966 2326 3025 celebratur,
2361 2967 2465 3035 qui
2493 2963 2973 3021 diesdominicus
3004 2965 3352 3036 appellatur.
3377 2963 3474 3020 Sic
3492 2979 3632 3019 enm

1973 3038 2138 3106 legis,
2179 3037 2300 3091 H26
2328 3036 2440 3090 dies
2466 3054 2623 3107 quam
2650 3037 2775 3108 fecit
2807 3036 3069 3092 Dominus
3095 3037 3266 3107 (Psal.
3291 3051 3463 3104 cxvu,
3492 3036 3584 3108 2i)
3616 3056 3628 3102 ;

1976 3124 2098 3189 non
2131 3114 2329 3189 tamen
2356 3106 2487 3187 nox
2518 3106 2840 3189 dominica,
2883 3109 3025 3189 quia
3048 3106 3459 3189 principatum
3499 3106 3629 3162 dies

1976 3179 2325 3249 habet.Sive
2357 3179 2514 3232 enim
2548 3178 2842 3247 praeterito
2863 3178 2978 3242 die,
3013 3178 3135 3233 sive
3156 3178 3375 3245 futuro,
3396 3192 3633 3249 semper

1978 3267 2097 3306 nox
2130 3248 2399 3320 subjecta
2420 3257 2507 3303 est
2534 3266 2551 3319 ;
2578 3250 2721 3320 quia
2747 3254 2802 3303 et
2822 3248 3030 3303 ordine
3052 3249 3292 3304 inferior
3318 3254 3408 3303 est
3437 3254 3491 3320 et
3524 3248 3631 3303 na-

1978 3328 2129 3387 tura,
2162 3319 2395 3376 dicente
2421 3319 2723 3389 ApostOlo,
2758 3320 2900 3374 Filii
2913 3320 3026 3375 diei
3037 3322 3164 3375 estis
3186 3327 3235 3373 et
3253 3319 3501 3381 luminis,
3525 3334 3632 3373 non

1981 3395 2148 3448 noctis
2176 3409 2339 3463 neque
2365 3391 2706 3446 tenebrarum
2736 3391 2784 3460 (Ι
2815 3391 2993 3463 Thess,
3014 3394 3149 3460 v,5).
3181 3393 3244 3445 Et
3264 3390 3400 3445 side
3414 3404 3633 3463 consu-

1978 3466 2137 3520 libus
2165 3461 2578 3533 conjiciamus,
2602 3463 2939 3517 videbimus
2961 3462 3127 3517 illum
3161 3464 3415 3532 primum
3442 3461 3632 3533 nomi-

1980 3538 2109 3591 nari
2135 3537 2236 3607 qui
2258 3530 2417 3606 prior
2442 3535 2692 3607 eligitur.
2727 3535 2992 3605 Denique
3016 3530 3173 3589 solet
3195 3532 3332 3607 dici,
3361 3534 3506 3587 Cum
3532 3530 3630 3586 illo

1978 3608 2112 3680 quis
2151 3604 2487 3680 erit—consul
2516 3606 2545 3658 ‘I
2575 3608 2630 3661 Si
2662 3620 2801 3674 ergo
2851 3604 2911 3660 et
2938 3621 3055 3661 nox
3086 3610 3222 3680 ante
3251 3604 3629 3680 die_m_esset,

1980 3674 2141 3751 prior
2169 3678 2598 3751 nominaretur,
2631 3680 2775 3751 Nam
2806 3692 2997 3751 usque
3045 3676 3197 3731 adeo
3237 3691 3272 3729 a
3297 3674 3393 3728 die
3424 3674 3633 3751 incipit

1981 3745 2288 3813 numerus,
2322 3754 2531 3819 utputa
2549 3747 2596 3801 si
2625 3745 2921 3812 dicamus,
2946 3747 3084 3803 Cras
3102 3752 3334 3801 sextum
3347 3745 3631 3819 calendas

1980 3827 2069 3876 est
2112 3836 2194 3885 ;a
2224 3815 2403 3875 mane
2441 3819 2637 3889 utique
2680 3825 2767 3873 est
2815 3835 3003 3889 usque
3047 3818 3195 3873 dum
3235 3818 3508 3872 veniatur
3552 3815 3630 3871 ad

1980 3891 2138 3947 aliud
2189 3906 2365 3945 mane
2392 3896 2449 3944 ut
2492 3895 2789 3945 transacto
2820 3891 2914 3944 die
2941 3895 2997 3945 et
3020 3896 3192 3944 nocte
3231 3893 3630 3960 computetur.

1981 3967 2128 4019 Nam
2147 3969 2201 4017 et
2225 3963 2367 4017 luna
2386 3961 2589 4031 utique
2622 3962 2681 4015 in
2714 3961 2879 4016 initio
2910 3977 3086 4015 mane
3109 3960 3261 4016 facta
3294 3968 3384 4013 est
3417 3962 3633 4031 quarta

1981 4034 2216 4092 decima
2238 4032 2393 4088 facta
2424 4029 2585 4087 enim
2625 4032 2820 4087 lucere
2854 4032 3060 4087 debuit
3092 4038 3212 4087 tota
3243 4029 3448 4094 nocte,
3471 4037 3525 4085 et
3570 4029 3632 4085 in

1981 4106 2141 4161 aliud
2165 4120 2363 4170 mane,
2395 4104 2569 4175 ctepit
2600 4104 3085 4175 quintadecima.
3117 4103 3265 4169 Quid
3282 4118 3424 4175 ergo
3440 4101 3634 4157 ambi-

1981 4179 2154 4247 gitur,
2182 4182 2243 4231 ut
2287 4191 2407 4231 non
2452 4172 2933 4247 auia—principia
2962 4180 3277 4247 teneantun
3305 4172 3333 4227 ?
3391 4176 3633 4247 Propter

1980 4240 2384 4322 quorumdam
2420 4240 2846 4322 conten-tiones
2882 4246 2956 4300 de
2986 4262 3062 4322 re_
3086 4244 3404 4322 manifesta
3440 4240 3631 4322 coacti

1981 4314 2187 4374 sumus
2214 4319 2391 4374 latius
2420 4318 2604 4388 loqui,
2639 4333 2775 4371 cum
2800 4316 2931 4387 ipsa
2956 4333 3017 4369 se
3047 4315 3221 4388 lectio
3242 4314 3539 4388 e_xpl_a_net,
3570 4314 3627 4366 in

2027 4407 2102 4445 ua
2132 4390 2260 4444 dies
2299 4393 2437 4444 ante
2474 4383 2709 4443 n-octem
2737 4383 2943 4454 aperta
2977 4387 3204 4441 ratione
3236 4383 3628 4455 signiﬁcatur.

2032 4479 2116 4518 asc
2142 4462 2543 4534 omniasupra
2557 4465 2904 4534 memorata
2918 4457 3247 4534 secundum
3281 4456 3486 4534 mundi
3514 4454 3630 4534 ori-

1982 4536 2181 4603 ginem
2209 4526 2494 4587 diximus.
2524 4531 2744 4603 Verum
2770 4530 2818 4583 si
2852 4528 3027 4603 altius
3048 4528 3213 4599 loqui
3236 4526 3509 4603 velimus,
3541 4526 3626 4603 in~

1984 4596 2277 4660 tellectum
2308 4608 2575 4658 nostrum
2607 4600 2895 4670 spirituali
2928 4596 3220 4668 erigentes
3276 4599 3496 4670 vigore,
3539 4596 3632 4650 in-

1982 4691 2315 4745 congruum
2381 4668 2892 4745 deprehendimus
2933 4670 3222 4745 tenebras
3267 4675 3404 4724 ante
3434 4668 3633 4724 lucem

1984 4741 2212 4803 creatas
2243 4741 2525 4801 asserere.
2560 4744 2614 4799 Si
2645 4742 2803 4797 enim
2832 4743 2978 4797 lucis
3009 4741 3258 4797 cmlestis
3283 4746 3498 4796 natura
3522 4744 3630 4807 est,

1983 4826 2039 4875 et
2072 4820 2450 4873 tenebrarum
2474 4821 2725 4875 terrena.
2758 4815 3022 4885 ineptum
3053 4813 3254 4885 utique
3280 4820 3364 4867 est
3393 4816 3524 4885 post
3552 4820 3632 4866 te-

1984 4888 2416 4946 nebraslucem
2464 4887 2681 4942 factam
2709 4883 2953 4955 putare:
3001 4883 3408 4956 quiaiMoyses
3437 4883 3631 4938 lucem

1983 4961 2232 5035 quidem
2264 4959 2499 5023 factam,
2517 4958 2621 5013 sed
2638 4958 2703 5012 'in
2720 4973 2843 5035 qua
2862 4972 3023 5035 nunc
3046 4956 3306 5035 mundus
3332 4960 3418 5035 est
3444 4959 3630 5034 parte,

1986 5028 2105 5088 non
2135 5032 2276 5104 quia
2308 5036 2445 5086 tunc
2471 5035 2670 5085 creata
2699 5033 2810 5093 est,
2850 5028 3015 5092 dicit;
3049 5028 3193 5104 quia
3214 5028 3420 5104 omnia
3467 5028 3635 5095 spiri-

1987 5096 2169 5160 tualia
2194 5108 2324 5157 ante
2354 5108 2551 5157 creata
2580 5105 2717 5155 sunt
2740 5115 2927 5170 quam
2949 5096 3234 5164 carnalia,
3274 5103 3332 5152 ut
3368 5096 3469 5170 lux
3500 5109 3634 5170 quas

1988 5178 2045 5231 in
2071 5173 2345 5246 supernis
2372 5179 2496 5227 erat
2515 5166 3085 5246 fieretin'subjectis,
3122 5170 3435 5246 utlampas
3532 5166 3636 5220 do-

1991 5262 2108 5302 mo.
2135 5245 2265 5313 Qua
2286 5250 2488 5299 autem
2520 5238 3121 5313 rationerante‘lucem
3150 5238 3408 5313 tenebras
3432 5238 3639 5313 dicun-

1991 5324 2103 5395 tur,
2149 5308 2559 5395 cumseniper
2586 5319 2724 5395 post
2760 5312 2952 5367 lucem
2986 5308 3338 5395 videantur?
3376 5309 3638 5395 Denique

1995 5388 2251 5444 coelestia
2268 5381 2660 5457 etspiritualia
2678 5383 2880 5457 lumen
2907 5388 3120 5437 natura
3141 5396 3271 5457 esse
3294 5381 3638 5446 creduntur,

1998 5467 2226 5514 terrena
2244 5463 2297 5512 et
2327 5452 2589 5511 carnalia
2612 5454 2869 5510 tenebras
2897 5498 2909 5519 ,
2935 5460 2996 5507 ut
3026 5452 3399 5508 tenebrarum
3424 5458 3643 5506 natura

1993 5530 2257 5612 potentia
2278 5528 2526 5612 luminis
2538 5599 2548 5608 θ
2570 5526 2889 5612 subsistere
2947 5523 3235 5612 videatur,
3285 5524 3440 5612 quia!
3455 5537 3644 5612 (omne

1992 5595 2183 5657 imum
2222 5599 2606 5665 summitatis,
2633 5603 2745 5652 est.
2781 5598 2916 5651 Nam
2937 5596 2982 5649 si
3005 5595 3487 5667 requiramus,in
3511 5596 3644 5666 ipso

1996 5673 2105 5727 sob
2132 5668 2931 5739 tenebrasdeprehendimus
2964 5666 3217 5739 Quando
3261 5666 3426 5722 enim
3467 5667 3648 5739 juxsa

1995 5744 2163 5800 illum
2187 5743 2387 5809 fueris,
2412 5736 2533 5799 tam
2572 5739 2943 5797 clarissimus
2986 5738 3241 5805 videtur,
3280 5743 3343 5795 ut
3379 5736 3649 5811 prcspici
