4140 6208
558 151 699 206 2323

560 289 682 331 non
714 274 939 347 possit;
974 273 1023 327 si
1051 286 1192 347 vero
1224 271 2211 347 in_tervallo,_clarissimusquidem,

564 347 671 402 sed
696 342 756 400 ut
784 346 971 417 possit
1000 344 1216 415 aspici;
1249 344 1296 397 si
1322 350 1524 417 autem
1548 344 1746 411 longe,
1767 342 2210 417 minusclarus:

564 413 798 490 quanto
817 413 1084 485 longius,
1103 420 1264 490 tanto
1294 415 1493 490 minus
1520 416 1735 490 clarus.
1768 415 1931 490 Unde
1952 413 2213 469 defectus

564 485 813 562 quidam
841 494 1108 562 apparet,
1128 487 1230 562 qui
1258 486 1533 562 tenebras
1551 485 1805 550 nuntiat,
1838 485 1986 562 etita
2008 501 2212 553 perve-

566 556 744 623 nitur,
764 565 821 613 ut
839 556 1097 613 tenebrae
1112 573 1183 612 ex
1196 557 1211 608 l
1224 558 1422 627 nmine
1436 563 1629 610 ortum
1646 572 1858 627 capere
1881 556 2211 611 videantur.

568 632 771 701 Itaque
801 632 901 701 qui
930 629 1061 683 fecit
1090 628 1307 701 lucem,
1344 626 1457 681 hoc
1508 628 1689 681 modo
1725 626 1945 701 creavit
1975 634 2029 682 et
2060 633 2219 682 tene-

568 698 731 766 bras,
765 698 1074 770 quomodo
1100 698 1322 753 faciens
1350 715 1569 768 aquam
1596 699 1773 753 simul
1796 700 2015 753 creavit
2043 704 2220 752 etter-

567 790 697 829 ram
730 789 740 827 :
774 769 834 826 ut
875 773 1025 825 sicut
1048 769 1288 824 ﬁrmum
1326 785 1496 839 aquae
1528 775 1684 825 terra
1715 776 1818 834 est,
1854 772 1933 824 ita
1966 770 2219 824 tenebrze

569 844 834 899 defectus
852 842 1114 896 luminis.
1143 844 1294 895 Deus
1308 848 1507 913 autem
1520 842 1682 896 solus
1703 848 1787 895 est
1805 841 2220 913 quidefectum

572 930 688 970 non
718 913 959 984 patitur,
982 913 1245 984 quicum
1272 912 1493 983 ubique
1517 915 1609 978 sit,
1628 914 1747 967 imo
1765 911 1967 967 omnia
1995 912 2147 966 intra
2161 927 2221 965 se

570 985 813 1048 habeat,
845 989 966 1039 tam
999 983 1321 1054 praeclarus
1345 990 1435 1037 est
1460 990 1521 1037 ut
1548 1000 1581 1037 a
1600 984 1762 1038 nullo
1787 984 2078 1047 videatur,
2112 983 2220 1037 nisi

572 1056 620 1110 si
664 1056 909 1111 voluerit
934 1060 1283 1124 temperare.
1316 1055 1577 1126 Denique
1612 1056 1876 1111 Salvator
1905 1071 2041 1109 cum
2071 1058 2223 1108 esset

570 1127 631 1182 in
658 1142 907 1197 corpore
931 1131 986 1180 et
1012 1126 1252 1181 clausus
1282 1142 1403 1180 non
1443 1132 1616 1189 esset,
1647 1132 1845 1181 tamen
1879 1126 2123 1181 minime
2151 1126 2225 1180 vi-

573 1197 847 1265 debatur,
876 1198 990 1251 nisi
1023 1198 1324 1252 voluisset.
1360 1199 1505 1269 Nam
1529 1198 1733 1268 utique
1757 1197 1992 1269 quodin
2025 1203 2224 1251 monte

574 1270 1029 1339 transﬁguratus
1061 1273 1168 1331 est,
1197 1272 1254 1322 et
1306 1268 1361 1321 in
1395 1268 1656 1324 claritate
1685 1284 1908 1336 magna
1947 1269 2227 1339 apparuit

576 1340 792 1411 (Matth.
841 1356 981 1407 xvu,
1038 1340 1088 1403 1,
1130 1342 1204 1406 2),
1239 1340 1353 1411 hoc
1381 1339 1558 1411 veluti
1608 1340 1833 1394 latebat
1866 1341 1923 1392 in
1953 1355 2221 1410 corpore,

574 1410 740 1482 quod
758 1428 894 1465 cum
912 1410 1116 1474 voluit,
1139 1410 1556 1482 manifestavit.
1586 1411 1900 1476 Quomodo
1924 1425 2065 1479 ergo
2088 1411 2227 1465 late-

574 1480 697 1546 bat,
718 1483 820 1552 qui
836 1482 1073 1536 clausus
1087 1497 1205 1553 non
1230 1480 1407 1553 erat?
1422 1485 1567 1536 Nam
1582 1484 1625 1536 si
1646 1498 1780 1537 cum
1809 1498 2055 1553 corpore
2072 1483 2226 1536 clau-

578 1555 656 1607 sis
675 1553 1100 1633 o‘stiis‘intravit
1124 1552 1554 1633 ad‘discipulos
1592 1554 1770 1621 (Joan.
1800 1570 1893 1633 xx,
1916 1552 2229 1633 ’49),que:

578 1623 973 1679 madmodum
1014 1623 1293 1678 divinitas
1341 1623 1469 1693 ejus
1518 1640 1635 1678 non
1669 1626 1872 1678 omnia
1902 1623 2172 1694 penetrat
2208 1624 2231 1679 Ρ

576 1696 691 1750 hoc
704 1699 812 1758 est,
830 1694 1024 1749 claudi
1040 1710 1156 1748 non
1172 1700 1387 1766 potest,
1403 1694 1544 1763 quia
1558 1695 1836 1749 defectum
1851 1710 1970 1749 non
1988 1697 2225 1766 patitur.

579 1768 722 1821 Cum
754 1780 895 1833 ergo
924 1781 1224 1835 nusquam
1248 1765 1396 1820 desit
1419 1767 1594 1828 Deus,
1631 1766 1748 1821 illic
1779 1765 2231 1821 tamen’dicitur

578 1852 733 1899 esse,
768 1836 865 1891 ubi
901 1842 1169 1906 apparet,
1204 1836 1777 1892 etvultvideri.Cnm
1797 1838 2227 1907 ergoomniain

580 1908 699 1962 Deo
728 1906 865 1971 sint,
889 1909 1031 1978 quia
1059 1906 1288 1961 excedit
1314 1913 1545 1975 cuncta,
1573 1909 1803 1964 dicente
1831 1909 2138 1979 Apostolo,
2163 1910 2229 1963 In

577 1980 697 2051 ipso
721 1981 862 2032 enim
888 1978 1149 2051 uiuimus,
1169 1995 1439 2033 movemur
1463 1984 1511 2033 et
1533 1995 1717 2034 sumus
1750 1978 1895 2051 (Act.
1923 1997 2059 2042 xvu,
2088 1981 2177 2047 ‘28)
2214 1998 2226 2046 ;

579 2050 703 2123 ipse
731 2050 1003 2123 tamenin
1034 2050 1197 2123 nullo
1211 2051 1421 2123 estnisi
1452 2052 1509 2105 in
1529 2050 1931 2119 quovoluerit.
1958 2052 2231 2123 Mysterio

578 2121 1036 2195 enimquodam
1069 2121 1125 2195 in
1147 2122 1431 2175 omnibus
1464 2129 1565 2189 est,
1598 2128 1649 2177 et
1681 2121 2055 2193 providentia
2087 2139 2231 2195 qua-

579 2191 719 2248 dam
753 2192 811 2246 in
839 2208 961 2262 quo
992 2192 1135 2257 vult,
1161 2199 1429 2263 apparet.

725 2280 788 2315 DE
806 2279 1004 2318 LINGUA
1022 2280 1309 2331 HEBRAICA,
1333 2280 1401 2318 EX
1428 2280 1535 2327 QUO
1555 2280 1740 2319 NOMEN
1771 2280 2085 2320 ACCEPERIT.

649 2332 805 2389 CVIII
837 2334 933 2405 (a).
962 2366 1031 2373 —
1058 2335 1245 2389 Omne
1285 2335 1447 2405 quod
1493 2352 1528 2390 a
1561 2335 1680 2390 Deo
1734 2341 1839 2400 est,
1873 2335 2232 2391 rationabile

578 2410 665 2478 est
696 2417 707 2456 :
737 2412 792 2478 et
825 2406 1145 2478 unicuique
1177 2406 1257 2460 rei
1290 2406 1599 2478 exordium
1632 2423 1818 2462 causa
1847 2408 1964 2467 dat.
1998 2423 2133 2478 quae
2160 2407 2232 2461 sit

578 2476 747 2544 origo
770 2477 976 2545 ipsius,
1002 2482 1063 2531 ut
1094 2492 1215 2531 non
1248 2477 1506 2533 absurde
1533 2479 1829 2534 nominari
1875 2483 1978 2532 aut
2008 2476 2229 2532 subsis-

579 2552 699 2602 tere
731 2547 1020 2611 videatur,
1055 2548 1159 2602 sed
1216 2555 1276 2602 ut
1334 2550 1838 2619 nuncupationem
1870 2550 2225 2615 ostenderet,

578 2634 713 2689 quae
740 2625 920 2688 caput
966 2619 1311 2688 intelligitur
1342 2636 1470 2674 esse
1510 2620 1695 2690 ipsius
1740 2621 2019 2674 nominis.
2050 2620 2230 2688 Igitur

578 2694 728 2744 ratio
755 2690 1014 2744 hominis
1044 2696 1131 2743 est
1161 2707 1340 2744 causa
1362 2697 1745 2760 quaconstat.
1780 2694 2228 2746 Constatautem

580 2776 649 2833 ex
681 2766 939 2829 quatuor
968 2760 1273 2833 clementis
1319 2761 1540 2816 scilicet
1584 2766 1759 2826 terra,
1801 2778 1955 2826 aere,
1988 2778 2147 2833 aqua
2176 2770 2231 2817 et

577 2832 735 2899 igne,
792 2834 906 2885 Deo
937 2836 1177 2885 auctore
1222 2831 1516 2887 duntaxat
1550 2849 1561 2887 :
1597 2833 1842 2903 quintus
1873 2839 1957 2887 est
1988 2831 2229 2888 animus

578 2902 749 2972 quasi
766 2903 1418 2975 auriga,utconcretnm
1435 2908 1489 2957 et
1503 2902 1823 2975 ﬁguratum
1842 2920 2061 2975 corpus
2074 2911 2228 2973 agat,

579 2971 634 3027 et
660 2971 837 3052 quasi
866 2973 1408 3055 imperatoripsius.
1431 2978 1494 3029 Et
1520 2971 2040 3055 abhumoinitium
2067 2971 2229 3055 stim-

578 3044 835 3115 psimus,
848 3049 902 3099 et
916 3044 1043 3114 ejus
1057 3045 1297 3117 nomine
1311 3061 1751 3117 nuncupamur.
1774 3048 2053 3102 Homines
2072 3048 2231 3102 enim

581 3130 870 3189 vocamur
899 3122 1139 3189 propter
1155 3116 1430 3189 humum,
1458 3116 1615 3172 unde
1646 3124 1806 3189 pater
1831 3125 2034 3174 noster
2056 3118 2232 3174 forin-

583 3201 755 3240 secus
785 3187 1077 3256 originem
1103 3187 1301 3242 habet.
1340 3188 1520 3258 Igitur
1548 3187 1735 3244 catisa
1765 3194 1819 3245 et
1848 3191 1999 3244 ratio
2018 3189 2233 3245 facitut

581 3271 652 3311 ex
683 3259 927 3312 nomine
958 3257 1207 3329 alicujus
1228 3257 1424 3314 caeteri
1451 3260 1843 3315 subsistentes
1874 3261 1987 3315 sub
2018 3262 2229 3316 eodem

580 3329 835 3401 nomine,
854 3328 1246 3400 appellentur,
1303 3331 1499 3401 ipsum
1547 3332 1951 3400 signiﬁcantes
1988 3334 2043 3386 in
2077 3349 2227 3388 sese.

588 3400 988 3474 Quamobrem
1022 3401 1335 3457 videamus
1369 3404 1415 3455 si
1457 3404 1751 3470 congruit,
1801 3403 1955 3457 sicut
1981 3404 2228 3474 quidam

582 3475 812 3541 putant,
846 3487 912 3526 ex
943 3473 1134 3526 Heber
1182 3474 1371 3528 dictos
1426 3474 1726 3528 Hebraeos.
1791 3473 2032 3529 Videtur
2071 3475 2229 3529 enim

582 3548 877 3615 quantum
910 3544 983 3596 ad
1014 3559 1233 3615 nomen
1266 3544 1537 3615 pertinet,
1588 3545 1724 3599 inde
1760 3545 1938 3615 hujus
1970 3548 2229 3600 nominis

581 3614 1162 3688 origodescendere;
1192 3614 1450 3670 anterior
1480 3622 1569 3671 est
1591 3616 1808 3671 etenim
1840 3617 2027 3671 Heber
2049 3634 2227 3688 quam

584 3683 910 3759 Abraham.
930 3686 1096 3750 Quod
1116 3686 1166 3739 si
1193 3693 1350 3740 esset
1370 3703 1599 3752 verum,
1624 3688 1904 3743 deberent
1924 3688 2001 3753 hi,
2028 3683 2130 3759 qui
2158 3689 2231 3742 de

584 3756 741 3808 tribu
770 3756 959 3829 Heber
990 3762 1145 3829 sunt,
1180 3764 1313 3827 post
1334 3759 1527 3829 ipsum
1557 3759 1767 3815 eodem
1810 3756 2233 3814 nomine—nun—

583 3826 790 3898 cupari
822 3842 832 3879 :
868 3826 946 3898 ab
979 3826 1167 3898 Heber
1184 3826 1626 3898 enim—septima
1649 3833 2025 3898 generatione
2055 3836 2231 3885 natus

585 3900 675 3972 est
705 3896 1004 3972 Abraham
1037 3897 1192 3972 (Gen.
1225 3915 1305 3972 xi,
1341 3904 1421 3964 t6,
1441 3896 1557 3972 26).
1591 3896 1816 3968 Silergo
1846 3918 2024 3972 super
2055 3902 2232 3958 Abra-

581 3964 747 4039 ham,
782 3964 1052 4039 velqipse‘
1078 3970 1373 4039 Abraham
1411 3964 1688 4027 Hebraeus
1734 3964 1937 4027 dictus.
1956 3980 2041 4027 est
2066 3990 2078 4039 ;
2108 3975 2232 4028 sine

585 4036 771 4112 dubio
796 4037 1022 4091 Hebraei
1048 4038 1125 4112 ab
1150 4040 1777 4112 Hebernuncupantur
1800 4060 1811 4097 ε
1838 4036 2091 4099 siautem
2118 4061 2229 4099 non

584 4107 802 4185 legitur
827 4124 1008 4178 super
1053 4110 1355 4185 Abraham
1392 4107 1597 4185 dictos
1636 4114 1931 4183 Hebraeos,
1968 4116 2069 4169 sed
2103 4121 2232 4185 post

583 4178 911 4252 Abraham,
928 4181 1180 4252 nonjam
1200 4183 1402 4252 utique
1415 4198 1485 4237 ex
1504 4182 1708 4249 Heber,
1724 4185 1824 4238 sed
1840 4178 2231 4241 ab'Abraham

585 4249 1118 4327 dicunturHebraai
1144 4249 1401 4327 :_quippe
1419 4270 1557 4310 cum
1590 4254 1692 4309 ﬁlii
1716 4255 2015 4311 Abraham
2040 4258 2234 4327 primo

583 4320 699 4395 hoc
720 4323 963 4395 nomine
1002 4320 1304 4395 appellati
1331 4320 1684 4381 noscantur.
1730 4328 1791 4381 In
1836 4320 2233 4384 Genesi'euim

583 4393 801 4469 Joseph
827 4393 1121 4469 et_t‘ratres
1185 4395 1313 4469 ejus
1348 4397 1570 4469 Hebraei
1604 4404 1744 4452 sunt
1786 4399 2060 4469 appellati
2124 4401 2231 4469 (Id.

583 4479 739 4542 xuii,
755 4465 1310 4542 32).Scientes_enim
1328 4467 1627 4542 Abraham
1646 4465 1958 4541 fuisse-,qni
1975 4471 2047 4525 de
2064 4465 2233 4542 syria

584 4534 991 4613 descendisset
1019 4538 1076 4591 in
1094 4538 1499 4613 Chanaan_(qu.
1523 4556 1623 4605 xu,
1641 4542 1711 4613 4),
1743 4534 2233 4613 etmultiplicatus

584 4604 815 4682 inisset,
846 4606 981 4661 ﬁdei
1013 4624 1194 4682 causa
1232 4604 1514 4665 omnibus
1544 4612 1730 4682 copiis
1750 4604 2017 4677 refertus,
2050 4629 2147 4668 rex
2181 4619 2237 4669 et

586 4676 874 4758 Propheta
895 4679 1229 4758 appellatus
1252 4687 1307 4735 et
1327 4687 1560 4758 paterin
1572 4676 1823 4738 ullarum
1839 4676 2103 4758 gentium
2122 4686 2231 4755 (Id.

552 4757 564 4767 ’
586 4761 750 4818 xvui,
771 4750 858 4818 4),
886 4750 1152 4818 quicum
1186 4750 1459 4807 trecentis
1484 4754 1688 4808 decem
1724 4760 1779 4808 et
1801 4750 1934 4810 octo
1955 4757 2091 4810 viris
2107 4750 2230 4810 ver-

584 4817 815 4895 naculis
839 4817 966 4895 suis
985 4822 1251 4895 quinque
1290 4838 1456 4895 reges
1481 4825 1811 4881 confoderit
1842 4827 1952 4895 (Id.
1986 4844 2101 4895 xxv,
2144 4829 2231 4891 14,

588 4888 675 4965 t5)
702 4905 714 4951 ;
746 4893 889 4960 quia
912 4888 1027 4945 non
1051 4893 1109 4945 in
1142 4888 1515 4965 angulo'htec
1544 4902 1712 4965 gesta
1743 4903 1797 4951 et
1818 4888 2146 4964 dictasunt,
2173 4888 2235 4953 ut

582 4960 829 5016 laterent
858 4977 871 5026 ;
905 4976 1005 5016 eos
1054 4964 1155 5033 qui
1188 4960 1257 5019 ex
1291 4966 1517 5020 semine
1547 4960 1677 5035 Ejus
1725 4975 1911 5033 erant,
1958 4960 2231 5023 Hebraeos

578 5040 1094 5109 nuncupaverunt.
1142 5035 1377 5109 Ordinis
1412 5052 1555 5109 ergo
1612 5045 1665 5092 et
1724 5040 1908 5094 meriti
1967 5041 2095 5109 ejus
2125 5040 2233 5095 fuit

577 5103 902 5187 Abraham,
921 5110 994 5186 ut.
1013 5106 1378 5187 caputticret
1395 5103 1612 5187 .his'qni
1630 5126 1700 5187 ex
1715 5126 1785 5187 eo
1801 5103 2105 5187 traducem
2130 5112 2230 5167 lia-

577 5173 739 5252 bent.
769 5176 1059 5252 Dei__cnim
1079 5173 1301 5246 judicio
1322 5173 1595 5250 princeps
1626 5185 1681 5234 et
1700 5180 1869 5249 origo
1894 5183 2119 5252 positus
2143 5192 2231 5237 est

577 5244 633 5298 in
664 5249 820 5302 terra
852 5244 1156 5313 Chanaan,
1190 5254 1249 5303 ut
1276 5244 1347 5304 ex
1379 5266 1449 5304 eo
1471 5244 1671 5318 geniti,
1701 5244 1941 5307 alterius
1958 5259 2230 5311 essentet

574 5317 1063 5398 professionis‘et
1103 5317 1591 5398 conversationis,
1647 5340 1831 5398 quam
1870 5324 2070 5398 fuerat
2098 5327 2227 5396 ipse

574 5389 923 5459 priusquam
958 5389 1346 5447 descenderet
1374 5393 1431 5447 in
1474 5389 1689 5449 terram
1723 5396 2003 5451 Chanaan
2031 5389 2228 5451 :inno-

573 5461 1076 5538 vatuscnimipse,
1101 5478 1323 5538 novum
1348 5466 1725 5538 constitueret
1742 5467 2032 5538 populum
2049 5468 2107 5522 in
2126 5468 2224 5523 Dei

572 5525 905 5586 devotione.
926 5525 1067 5588 Hinc
1080 5540 1167 5589 est
1180 5535 1337 5590 unde
1356 5537 1663 5607 apostolus
1680 5525 1892 5594 Pauth
1908 5540 2221 5595 Hebraeum

634 5676 703 5738 (a)
738 5676 966 5735 Quaestio
998 5680 1110 5731 haec
1144 5682 1364 5733 deestin
1391 5686 1516 5735 Mss.
1545 5688 1767 5738 secundi
1798 5690 2031 5753 generis.

1589 145 2056 214 QUAESTIONES
2096 145 2190 200 EX
2226 143 2569 212 UTBOQUE
2610 143 2899 201 MIXTIM.

3776 150 3881 209 2324

2325 284 2385 323 se
2413 285 2482 323 ex
2514 267 2767 323 Hebrmis
2798 266 3012 323 fatetur
3030 266 3290 338 (Philipp.
3316 283 3395 334 ui,
3424 270 3476 338 5)
3504 283 3516 322 :
3545 266 3649 324 hoc
3672 272 3802 328 enim
3826 276 3883 329 di-

2325 340 2569 409 gnitatis
2614 338 2927 394 videbatur
2957 355 3090 393 esse
3135 354 3481 408 cognomen.
3536 342 3882 403 Testimonium

2325 411 2481 466 enim
2506 417 2559 465 et
2590 411 2868 484 nobilitas
2926 411 3332 484 generiserat,
3365 418 3428 484 u_t
3460 428 3525 484 ex
3553 415 3762 468 nomine
3793 420 3883 484 ejus

2326 482 3025 553 cognominarentur,qui
3055 481 3257 536 multis
3277 482 3465 536 modis
3490 482 3602 537 Deo
3630 481 3882 553 placuerat,

2326 554 2428 625 qui
2468 570 2583 624 que
2607 553 2690 607 eis
2722 559 2848 608 erat
2899 553 3086 622 origo.
3121 553 3442 617 Abnuatur,
3474 552 3650 609 sinon
3677 563 3888 615 convenit

2327 625 2537 680 rationi
2566 641 2579 685 ;
2603 630 2937 695 spernatur,
2960 627 3008 677 si
3032 625 3331 696 disparest
3348 642 3359 689 ;
3375 626 3887 696 convellatur,sialie-

2329 712 2473 770 num
2491 702 2579 750 est
2610 713 2641 751 a
2666 696 2906 770 meritis
2923 695 3173 770 Abrahae
3198 713 3209 763 ;
3229 702 3294 770 et
3311 711 3424 770 nos
3444 695 3751 770 refellamur
3763 702 3888 770 quasi

2329 767 2669 822 adulatores
2710 767 2859 837 eius.
2878 768 3018 831 Quae
3047 772 3136 821 est
3162 766 3739 822 inimicitiaadversus
3760 766 3889 826 Abra-

2329 840 2493 906 ham,
2518 854 2651 909 quae
2682 838 3004 903 aemulatio,
3038 854 3160 908 qua
3186 840 3237 893 ei
3268 840 3592 893 obtrectant
3613 839 3795 894 inimici
3821 861 3829 907 ;
3854 850 3890 897 et

2331 911 2434 980 qui
2474 916 2610 963 sunt
2633 910 2714 973 hi,
2746 910 2854 981 nisi
2879 910 2980 981 qui
3010 909 3111 963 tilii
3141 913 3270 978 ejus
3302 909 3757 981 dicuntur?Quid
3774 915 3889 967 estin

2330 997 2452 1052 quo
2475 981 2749 1052 displicet
2772 980 3096 1046 Abraham,
3131 988 3191 1035 ut
3218 980 3403 1049 gloria
3441 980 3563 1035 haec
3588 980 3756 1052 aliena
3772 983 3890 1039 abeo

2334 1051 2584 1123 putetur
2604 1052 2630 1105 ‘2
2662 1053 2889 1123 thuid
2915 1052 3180 1123 estquod
3206 1052 3435 1122 placeat
3464 1052 3519 1105 in
3552 1051 3796 1116 Heber,ut
3817 1056 3893 1122 pri-

2334 1122 2562 1178 matum
2590 1123 2766 1177 istum
2797 1122 3018 1177 habere
3032 1124 3265 1178 dicatur
3285 1124 3312 1178 ‘I
3334 1125 3512 1191 Cujus
3532 1124 3576 1177 si
3604 1127 3893 1179 conversatio

2334 1200 2537 1260 posset
2558 1194 2795 1265 inquiri,
2819 1194 3182 1249 inveniretur
3203 1192 3351 1265 forte
3372 1193 3529 1249 idola
3548 1193 3773 1249 coluisse
3792 1196 3894 1250 sicut

2334 1267 2521 1321 Thare
2549 1271 2605 1319 et
2632 1264 3399 1336 Nachor,etpaterNachor,
3432 1280 3580 1336 quos
3598 1271 3796 1320 constat
3811 1282 3893 1321 non

2332 1337 2511 1408 longe
2550 1337 2622 1408 ab
2648 1352 2718 1390 eo
2751 1336 2954 1407 fuisse,
2985 1337 3133 1390 sicut
3180 1341 3425 1408 testatur
3451 1336 3612 1391 Jesus
3640 1339 3786 1401 Nave,
3826 1339 3894 1408 qui

2335 1407 2496 1462 idola
2527 1407 2829 1462 coluerunt
2849 1408 3046 1475 (Iosue,
3069 1423 3230 1475 xxiv,
3264 1407 3340 1477 2).
3372 1409 3641 1462 Autcerte
3659 1409 3744 1478 qui
3763 1423 3819 1461 ex
3839 1407 3896 1461 di-

2337 1495 2506 1533 verso
2536 1484 2692 1541 sunt,
2725 1480 3043 1550 ostendant
3065 1494 3186 1550 qua
3219 1480 3449 1533 ratione
3470 1478 3900 1533 vindicandumest

2336 1552 2451 1605 hoc
2484 1550 2689 1613 Heber,
2715 1565 2789 1621 ne
2822 1549 2966 1605 forte
2993 1567 3028 1605 a
3070 1549 3241 1604 nobis
3270 1550 3667 1621 supprimatur
3694 1552 3899 1604 meritum

2338 1623 2468 1691 ejus
2501 1640 2513 1689 ;
2547 1621 2646 1675 sed
2682 1620 2911 1676 nullum
2944 1628 3048 1685 est,
3073 1621 3218 1692 quia
3250 1620 3597 1676 communes
3628 1626 3746 1677 sunt
3776 1622 3899 1673 nobis

2340 1694 2673 1763 Scriptura),
2691 1699 2746 1747 et
2766 1693 2904 1763 quid
2936 1694 3258 1764 unicuique
3275 1692 3578 1757 debeatur,
3593 1692 3644 1746 in
3657 1693 3900 1764 propatulo

2339 1770 2449 1819 est.
2472 1762 2537 1817 Si
2570 1764 2727 1818 enim
2755 1762 2826 1819 ex
2866 1763 2991 1819 solo
3021 1762 3261 1818 nomine
3284 1769 3493 1833 putant
3521 1763 3814 1818 hocdebere
3834 1762 3899 1816 de-

2340 1834 2520 1903 fendi,
2559 1835 2865 1890 inﬁrmum
2916 1843 2971 1890 et
3000 1834 3403 1906 improbabile
3434 1838 3538 1889 est.
3578 1834 3722 1906 Tunc
3747 1833 3901 1887 etenim

2337 1910 2444 1962 rite
2461 1906 2686 1961 nomini
2710 1906 2838 1976 ejus
2857 1904 3277 1971 vindicaretur,
3304 1907 3349 1961 si
3368 1921 3559 1961 causre
3577 1904 3761 1975 aliquae
3780 1910 3903 1959 testes

2339 1979 2651 2033 existerent
2671 1994 2806 2049 quae
2829 1978 2942 2033 hoc
2963 1978 3390 2033 confirmarent
3418 1995 3428 2026 :
3452 1977 3816 2049 possentenim
3833 1976 3901 2029 ali-

2338 2051 2439 2122 qui
2468 2046 2733 2122 ejusdem
2761 2050 3022 2104 nominis
3052 2064 3177 2105 rem
3202 2046 3638 2122 sibinon'suam
3654 2046 3898 2122 vindicare.

2339 2117 2592 2191 ideoque
2628 2121 2736 2174 hoc
2763 2126 2851 2175 est
2884 2136 3112 2188 verum,
3134 2120 3438 2192 quodnon
3458 2120 3580 2175 solo
3593 2118 3810 2192 nomine,
3830 2117 3901 2169 sed

2338 2200 2394 2248 et
2423 2189 2737 2263 perspicua
2760 2192 2984 2247 ratione
3007 2189 3297 2247 ﬁrmatur.
3326 2194 3470 2247 Nam
3485 2189 3900 2263 quoniamdigna-

2341 2260 2496 2319 tione
2519 2260 2613 2317 Dei
2638 2262 2861 2317 factum
2882 2269 2966 2318 est
2986 2264 3118 2317 utin
3139 2263 3447 2318 Abraham
3461 2260 3901 2329 vi’viﬁcaretur’ge-

2338 2350 2451 2389 nus
2469 2334 2820 2399 humanum,
2846 2341 2900 2387 et
2918 2334 3110 2389 forma
3134 2334 3303 2389 ﬁeret
3325 2335 3595 2389 salutaris
3613 2331 3897 2391 hominibus,

2340 2406 2492 2478 nulli,
2514 2413 2600 2478 est
2632 2406 3005 2478 ambiguum,
3031 2406 3251 2478 idcirco
3270 2406 3333 2460 in
3354 2408 3483 2478 ipso
3503 2408 3799 2478 reparatum
3812 2416 3899 2478 esse

2340 2421 2482 2461 num
2514 2421 2600 2460 est
2632 2421 3005 2476 ambiguum,
3031 2421 3369 2461 iacircomi
3420 2421 3483 2459 so
3503 2421 3561 2459 re
3606 2421 3897 2459 at'atumesse

2338 2477 2501 2551 quod
2534 2477 2724 2551 fuerat
2743 2477 3030 2551 amissum
3059 2478 3194 2551 vitio
3220 2421 3550 2546 fragilitatis
3566 2421 3897 2551 Eumenicae

2339 2544 2496 2603 enim
2532 2549 2735 2616 imago
2761 2548 3043 2618 quaedam
3062 2549 3291 2618 positus
3324 2544 3505 2613 est,ut
3536 2547 3606 2601 ad
3629 2544 3897 2618 ejussimili-

2340 2620 2607 2674 tudinem
2639 2616 2827 2688 genus
2841 2616 3155 2674 hominum
3173 2624 3561 2674 reverteretur
3576 2616 3644 2672 ad
3671 2619 3836 2688 Deum.
3859 2618 3899 2665 ut

2341 2697 2397 2744 et
2424 2692 2521 2745 Dei
2545 2686 2863 2763 culturam,
2880 2696 3285 2746 etsermonem
3308 2686 3901 2763 quidatuspriustuerat

2340 2762 2396 2835 in
2423 2778 2596 2835 usum
2625 2762 2960 2835 hominum,
2993 2760 3381 2835 recuperaret
3412 2760 3733 2835 hominibus
3765 2773 3772 2809 :
3798 2760 3898 2835 quia

2340 2833 2490 2887 sicut
2504 2834 2560 2887 in
2577 2834 2869 2904 principio
2884 2833 2942 2887 in
2960 2834 3149 2888 Adam
3164 2833 3263 2888 Dei
3278 2832 3616 2905 fuitimago,
3646 2832 3899 2905 u_tcognitio

2339 2905 2468 2973 ejus
2498 2910 2653 2958 esset
2684 2903 2923 2959 int’erris
2952 2905 3063 2968 ;ita
3082 2911 3208 2974 post
3227 2907 3437 2960 ruinas
3463 2903 3691 2959 humani
3710 2903 3896 2974 generis,

2340 2972 2395 3030 et
2412 2975 2910 3050 oblivionemveri
2935 2977 3055 3050 Dei,
3071 2972 3129 3030 in
3149 2976 3454 3050 Abraham
3478 2972 3898 3050 reformatuniest,

2343 3052 2404 3100 ut
2433 3047 2511 3118 ab
2543 3047 2674 3117 ipso
2706 3046 2854 3101 tides
2880 3046 2938 3101 in
2955 3047 3139 3103 Deum
3158 3049 3600 3116 cmpta,iterum
3622 3043 3899 3118 germina_ret

2340 3118 2400 3173 in
2440 3117 2718 3174 fructum.
2749 3118 2913 3174 Unde
2945 3134 3064 3174 non
3095 3126 3181 3174 est
3219 3119 3546 3174 absurdum
3576 3122 3636 3171 ut
3653 3131 3710 3170 ex
3725 3117 3899 3168 nomine

2340 3190 2468 3265 ejus
2492 3190 2659 3261 plebs
2674 3189 2750 3244 ab
2764 3205 2833 3244 eo
2847 3190 3431 3265 ccepta_vocabulum
3445 3181 3840 3265 sortiretur..b‘ed
3852 3193 3899 3234 ne

2340 3257 2767 3331 forte'propter
2798 3257 3017 3315 nomen
3051 3261 3241 3316 Heber
3271 3261 3615 3332 scrupulum
3649 3257 3895 3329 patiantur.

2340 3334 2476 3402 quia
2507 3336 2702 3396 magis
2730 3348 2865 3386 cum
2887 3332 3144 3387 Hebraeis
3173 3332 3368 3388 Heber
3388 3337 3554 3387 sonat
3582 3337 3897 3402 nomen,qula

2343 3399 2558 3457 Hebraei
2591 3403 2889 3466 dicuntur,
2923 3420 3041 3458 non
3076 3404 3353 3460 Abrahaei
3388 3421 3400 3469 ;
3433 3399 3897 3471 recognoscantut?-

2338 3489 2472 3529 rum
2511 3475 2655 3545 quia
2687 3474 2936 3541 Hebraei,
2985 3490 3106 3530 non
3141 3466 3424 3539 Heberaai,
3457 3466 3709 3529 dicuntur
3734 3489 3744 3526 :
3766 3466 3897 3521 Heber

2340 3546 2495 3599 enim
2524 3546 2715 3600 dictus
2747 3551 2851 3608 est,
2882 3561 3001 3600 non
3027 3545 3467 3616 Hebre.Siergo
3482 3545 3895 3612 hincimpugnan-

2339 3617 2482 3694 dum
2503 3622 2739 3694 putant,
2766 3618 3074 3694 patiuntur
3099 3618 3777 3694 quod_faciunt,etneuter
3800 3622 3895 3694 ῃρῇ

2341 3686 2779 3759 ῑινυιηίὶιεώθὺὶιξ
2794 3704 2860 3741 ex
2897 3689 3010 3743 hac
3041 3686 3209 3759 parte
3222 3690 3553 3753 victoriam,
3570 3686 3668 3740 nisi
3687 3686 3727 3738 is
3738 3686 3896 3759 quipef

2339 3760 2611 3833 ordinem
2644 3758 2873 3833 reddita
2905 3745 3131 3833 ratione
3161 3761 3422 3816 ostendit
3442 3745 3634 3815 verum
3659 3745 3893 3833 esse-qu

2343 3832 2555 3885 asserit
2587 3849 2598 3886 :
2633 3831 2734 3901 qui
2766 3831 3016 3903 enimin
3046 3847 3165 3887 una
3197 3847 3259 3885 re
3280 3848 3391 3903 par
3425 3836 3528 3894 est,
3561 3818 3895 3903 perdidissem-

2341 3903 2570 3955 cendus
2593 3896 2701 3969 est,
2729 3902 2776 3955 si
2817 3903 2871 3956 in
2907 3900 3090 3957 altera
3132 3896 3448 3973 inaequalis
3474 3896 3633 3957 fuerit
3656 3896 3892 3973 inventus;

2340 3989 2479 4027 nam
2515 3964 2755 4044 propter
2776 3988 2991 4027 sonum
3006 3964 3324 4029 immutata
3346 3973 3643 4036 estlittera,
3665 3974 3717 4044 u_t
3732 3964 3893 4042 Hebraei

2340 4060 2449 4111 pro
2463 4042 2711 4117 Hebraei
2727 4044 3081 4117 dicerentur,
3100 4046 3243 4117 quia
3258 4046 3473 4101 melius
3485 4049 3662 4117 sonat.
3677 4042 3893 4117 (299013!”

2341 4108 2393 4170 et
2420 4132 2487 4170 ex
2506 4116 2660 4170 Juda
2685 4131 2802 4169 non
2820 4116 2994 4171 Judai
3021 4108 3320 4180 dicuntur,
3347 4117 3451 4172 sed
3474 4113 3668 4169 Judaei.
3695 4108 3894 4186 Ubicum-

2341 4202 2457 4257 que
2480 4188 2635 4241 enim
2654 4187 2988 4242 absurdum
3016 4188 3213 4243 visum
3231 4179 3893 4257 est,immutataestliltera.

2342 4245 2405 4332 u_t
2436 4274 2547 4312 vox
2566 4274 2784 4332 sonum
2796 4259 3195 4332 compositum
3209 4245 3476 4332 haberet.
3494 4259 3631 4332 Nam
3646 4267 3744 4332 pro
3756 4245 3894 4332 mele

2341 4330 2435 4382 die
2461 4330 2702 4383 meridie
2731 4327 3008 4393 dicimus,
3036 4330 3444 4386 etmultasunt
3473 4328 3621 4385 talia.
3645 4327 3889 4394 lgiturcgn‘

2342 4402 2520 4464 venit,
2552 4406 2612 4455 ut
2633 4405 2715 4455 est
2737 4387 3065 4467 ostensum,
3095 4406 3159 4455 ut
3179 4403 3425 4457 nomine
3447 4387 3699 4463 Abrahaﬁ
3722 4387 3895 4470 tanilin-

2340 4487 2457 4542 gua
2476 4463 2658 4543 quam
2691 4472 2952 4544 populus
2975 4463 3440 4544 nuncuparetur.
3471 4474 3597 4544 Hsec
3611 4480 3733 4544 ergo
3752 4463 3893 4544 Ιίρεψρ

2341 4538 2447 4607 est,
2487 4538 2670 4613 quam
2694 4538 2959 4598 dicimus
2985 4538 3259 4615 primitus
3283 4546 3488 4615 datam
3518 4538 3892 4615 Adtpetca’teris.

2340 4609 2523 4686 quam
2549 4620 2790 4685 propter
2804 4609 3332 4686 praesumptionem
3350 4614 3520 4671 turris
3543 4609 3893 4686 aediﬁcataecrtf

2340 4681 2563 4758 dimns'
2593 4681 2675 4740 in'
2704 4681 2925 4758 multas
2952 4681 3284 4758 dispersam
3311 4692 3370 4742 et
3398 4686 3708 4758 contusam,
3744 4681 3791 4758 ξιί
3814 4683 3890 4758 Ρξῖἶ]

2335 4756 2461 4825 jam
2494 4757 2637 4820 haec,
2673 4756 2776 4810 sed
2808 4756 3007 4812 multae
3047 4743 3116 4813 ex
3158 4758 3289 4822 hac,
3342 4754 3728 4813 immutatione
3752 4743 3891 4825 habita

2339 4812 2742 4897 quorumdam
2775 4812 3464 4894 dictorum,existerent:
3501 4832 3559 4882 ut
3588 4835 3745 4879 unam
3765 4812 3891 4897 habe:

2339 4885 2483 4982 r'ent‘
2497 4898 2903 4982 speciemmec
2919 4885 3119 4982 tamen
3138 4901 3451 4982 deperiret,
3479 4897 3577 4982 sed
3594 4901 3695 4951 tota
3710 4885 3888 4982 θρῐίςυξξ

2337 4976 2489 5024 esset
2521 4964 2746 5024 caeteris
2776 4970 3011 5041 linguis.
3044 4975 3125 5027 Ita
3143 4964 3299 5027 enim
3319 4977 3459 5026 tunc
3478 4973 3660 5041 actum
3676 4966 3831 5041 88,1309
3846 4964 3887 5041 ῗθ

2338 5041 2613 5095 homines
2643 5034 3051 5112 iutelligérent,
3080 5049 3136 5097 et
3164 5044 3393 5112 majora
3415 5040 3686 5098 auderent
3710 5034 3884 5112 (Off-1]!

2338 5115 2413 5177 Si.
2442 5115 2637 5168 Tantaa
2658 5128 2799 5181 ergo
2821 5108 2959 5168 t'unc
2988 5108 3882 5185 linguasintelligunturexstitlséf

2336 5185 2544 5256 quanti
2572 5192 2626 5238 et
2653 5177 2924 5239 homines
2973 5177 3224 5247 fueruunt,
3265 5185 3367 5256 qui
3397 5177 3663 5256 dispersi,
3708 5177 3881 5256 locist"

2334 5251 2562 5330 quibus~
2584 5256 2949 5330 habitarunt,
2973 5251 3883 5330 unusquisquelinguamﬁyamjﬁf

2336 5318 2507 5379 tituit.
2543 5328 2593 5381 Si
2629 5332 2826 5381 autem
2875 5318 3005 5397 ipsa
3045 5318 3172 5382 esse
3205 5318 3451 5383 minime
3477 5318 3770 5397 “putabittllj
3790 5318 3882 5397 (ΙΨ

2335 5398 2557 5480 scripta
2581 5404 2673 5479 est.
2695 5386 2981 5480 tunc‘una
2995 5398 3194 5480 fuisse,
3224 5400 3337 5480 hoc
3363 5386 3653 5480 supererit,

2335 5462 2708 5537 terislinguis
2748 5469 2989 5525 collecta
3029 5471 3102 5524 sit
3131 5462 3541 5540 particulatim,
3573 5470 3624 5522 et
3656 5462 3881 5540 οοιηρξξν

2332 5544 2473 5595 nata
2499 5526 2839 5611 inspeciem
2872 5542 3087 5610 linguai
3119 5526 3295 5597 unius
3333 5557 3449 5614 qua
3490 5526 3716 5596 uteretur
3744 5526 3878 5583 Abra-

2395 5694 2409 5723 ¹
2437 5691 2533 5740 Ms.
2568 5691 2924 5750 Colbertinus,
2954 5693 3276 5749 visitaretur.
