4140 6208
583 164 724 222 2327

582 291 765 357 geret,
793 302 916 359 quo
935 286 1156 359 missus
1169 300 1289 342 non
1313 284 1506 341 fuerat
1530 285 1704 353 (Iona
1720 302 1754 349 ι,
1775 285 1909 359 1-3).
1936 284 2047 359 Job
2062 284 2239 359 plane

582 356 857 429 egregius
880 360 935 413 in
961 358 1264 422 omnibus,
1296 364 1495 412 tamen
1520 364 1717 412 motus
1742 356 2068 429 amissione
2091 356 2239 410 ﬁlio-

577 428 747 495 rum,’
769 432 1123 485 vestimenta
1148 429 1316 484 scidit
1342 446 1473 491 sua,
1512 434 1567 482 et
1591 428 1844 482 totondit
1874 444 2111 482 comam
2144 443 2239 481 ca-

583 504 720 573 pitis
752 502 839 556 sui
874 502 992 572 (Job
1023 518 1058 564 ι,
1093 501 1182 571 ‘20)
1218 518 1229 554 :
1266 499 1565 573 Abraham
1611 506 1810 573 autem
1843 515 1951 553 nec
1994 500 2238 573 contris-

580 571 737 629 tatus
770 571 980 641 legitur
1001 573 1074 626 de
1107 578 1291 625 morte
1324 571 1654 625 charissimi
1685 571 1807 634 lilii,
1838 578 2088 640 etquem
2115 571 2237 639 jus-

583 662 689 699 sus
712 644 903 699 fuerat
924 645 1051 713 ipse
1067 642 1356 704 occidere,
1384 656 1493 695 nec
1508 642 1723 696 alicubi
1745 644 1858 696 Deo
1875 641 2007 711 sibij
2023 644 2236 695 ubeute

584 716 793 785 legitur
823 714 1171 785 trepidasse.
1206 715 1384 783 igitur
1416 728 1521 782 per
1551 713 1677 767 haec
1709 719 1959 783 apparet
2005 713 2238 785 Melchi-

582 784 800 841 sedech
830 784 980 840 ultra
1002 786 1307 839 hominem
1322 800 1472 847 esse,
1496 786 1638 855 quia
1658 800 1775 838 non
1792 784 2089 839 eratunde
2115 799 2238 838 me-

584 860 694 912 lior
722 862 875 912 esset
902 873 1084 926 quam
1114 856 1438 919 Abraham,
1470 854 1579 909 nisi
1602 856 1728 910 sola
1752 856 2049 926 praecedat
2070 854 2236 909 illum

582 933 797 983 natura
809 929 1219 982 enim.Natura
1232 930 1388 981 enim
1402 926 2234 996 impassibilis,beatitudinem

625 1016 687 1054 er
720 998 1123 1055 substantiam
1158 998 1336 1053 habet
1363 1014 1375 1049 :
1407 998 1673 1053 humana
1692 1005 1890 1052 autem
1917 997 2189 1052 nativitas
2216 998 2232 1031 ι

626 1070 1015 1126 eatitudinem
1039 1070 1289 1140 acquirit
1321 1084 1425 1139 per
1442 1077 1624 1137 gesta.
1651 1070 1800 1134 Quia
1824 1069 1986 1124 enim
2010 1069 2240 1140 perfec-

581 1142 802 1197 tionem
821 1138 1149 1197 divinitatis
1167 1156 1280 1195 non
1310 1138 1511 1205 habet,
1534 1156 1572 1212 p
1594 1138 2235 1212 erexercitium'etcol-

580 1212 967 1269 luctationem
994 1213 1225 1282 proﬁcit
1268 1218 1327 1266 ut
1359 1210 1567 1266 melior
1602 1212 1866 1276 ﬁat,cum
1900 1212 2033 1281 plus
2060 1210 2239 1282 vincit

583 1300 769 1356 quam
798 1281 1065 1338 vincitur.
1088 1284 1143 1339 Si
1173 1283 1330 1337 enim
1350 1283 1431 1336 sic
1456 1288 1676 1356 ageret,
1697 1281 2238 1356 quodimpossibile

583 1353 691 1419 est,
727 1361 787 1409 ut
810 1371 1120 1425 nunquam
1155 1358 1445 1425 peccaret,
1477 1353 1684 1408 melior
1710 1355 1825 1408 Deo
1852 1354 2013 1408 fieret
2045 1353 2237 1424 :qnod

584 1427 741 1482 absit
773 1432 869 1493 (a),
903 1427 1048 1497 quia
1088 1433 1300 1480 natura
1329 1442 1461 1495 quze
1494 1432 1684 1496 potest
1710 1441 1976 1497 peccare,
2012 1425 2161 1478 sicut
2183 1431 2238 1479 et

584 1513 705 1552 non
755 1496 1021 1566 peccare,
1053 1498 1097 1549 si
1132 1512 1369 1565 semper
1416 1497 1692 1563 vinceret,
1726 1496 1804 1550 illi
1838 1503 2063 1550 natura:
2092 1511 2238 1567 prte-

627 1569 866 1623 onenda
896 1574 1038 1634 erat,
1073 1583 1205 1638 quae
1239 1567 1374 1621 ideo
1400 1582 1517 1621 non
1548 1574 1774 1637 peccat.
1802 1568 1943 1638 quia
1966 1568 2237 1635 impassi~

625 1639 716 1692 ilis
741 1644 846 1692 est.
872 1642 995 1693 Non
1019 1640 1175 1693 enim
1197 1654 1485 1707 magnum
1518 1638 1816 1693 videretur
1830 1654 1948 1693 non
1967 1654 2235 1707 peccare,

584 1710 729 1781 quia
758 1725 877 1764 non
902 1715 1125 1780 potest;
1147 1710 1535 1777 magnificum
1564 1718 1783 1772 autem,
1803 1710 1846 1763 si
1875 1726 2015 1764 cum
2040 1716 2240 1780 posset

584 1796 853 1851 peccare,
878 1796 997 1835 non
1022 1788 1312 1851 peccaret.
1333 1783 1448 1835 Hoc
1471 1796 1613 1848 ergo
1636 1781 1875 1835 interest
1896 1782 2044 1835 inter
2070 1781 2239 1835 subs-

583 1853 831 1907 tantiam
872 1851 969 1905 Dei
996 1858 1051 1907 et
1082 1852 1362 1917 hominis,
1386 1852 1535 1922 quia
1564 1853 1661 1906 Dei
1698 1853 2035 1907 substantia
2062 1853 2237 1908 beata

584 1939 823 1993 semper
852 1929 939 1977 est
970 1925 1285 1977 securitate
1319 1923 1675 1978 invincibilis
1702 1924 2041 1979 aeternitatis
2077 1940 2235 1988 suae;

584 1994 847 2050 hominis
876 2000 1070 2048 autem
1104 1994 1572 2049 substantialiter
1598 2001 1617 2030 ²
1645 1996 1824 2050 beata
1848 1994 1913 2049 iit
1940 2010 2043 2065 per
2070 1994 2240 2049 labo-

582 2081 730 2121 rem.
767 2068 826 2120 Et
849 2065 966 2119 alia
999 2080 1237 2120 necesse
1259 2072 1343 2119 est
1371 2065 1677 2121 beatitudo
1709 2067 1781 2121 sit
1822 2066 2234 2136 impassibilis,

588 2136 707 2192 alia
737 2136 891 2191 illius
939 2137 1040 2207 qui
1073 2136 1553 2192 tribulationibus
1584 2136 1911 2205 conficitur,
1960 2142 2021 2191 ut
2052 2138 2238 2207 possit

585 2207 914 2280 aliquando
945 2207 1225 2278 gaudere.
1257 2207 1561 2280 Beatitudo
1582 2210 1739 2262 enim
1766 2208 2154 2273 impassibilis
2179 2209 2236 2262 in

588 2294 659 2334 eo
689 2279 776 2333 est
804 2294 1040 2348 semper
1080 2284 1141 2334 ut
1164 2280 1355 2351 beata
1390 2279 1463 2334 sit
1494 2296 1507 2344 ;
1540 2280 1835 2351 passibilis
1863 2284 2062 2334 autem
2104 2286 2239 2350 post

584 2365 805 2419 magna
822 2351 1000 2405 exitia
1018 2350 1238 2417 gaudet
1264 2351 1530 2405 evasisse
1564 2356 1833 2406 mortem.
1852 2351 2238 2406 Contristatur

584 2436 725 2493 ergo
755 2428 817 2476 ut
841 2422 1335 2492 possitgaudere,
1358 2438 1464 2477 nec
1499 2429 1784 2493 perpetuo
1817 2438 2066 2477 securus
2100 2437 2237 2493 pas-

584 2492 860 2547 sibilitate
891 2500 1137 2548 naturas.
1170 2493 1563 2564 lmpassibilis
1588 2492 1809 2555 autem,
1834 2509 2071 2564 semper
2102 2492 2238 2548 bea-

546 2606 547 2609 η
584 2564 2238 2635 tusest;quianequenovittristitiam.nequesuspicatur

582 2650 753 2706 posse
767 2636 1194 2691 secontristari.
1215 2639 1356 2690 Nam
1373 2644 1428 2689 et
1444 2641 1657 2690 natura
1671 2636 2011 2699 hominum,
2028 2651 2237 2705 quam-

583 2707 671 2761 vis
698 2723 797 2777 per
816 2706 1085 2761 laborem
1108 2707 1536 2761 beatitudinem
1556 2707 1959 2777 consequitur,
1985 2722 2105 2761 non
2130 2707 2238 2760 erit

584 2784 788 2832 tamen
820 2778 1060 2839 intacta,
1096 2793 1283 2847 neque
1324 2777 1576 2832 deerunt
1604 2778 1655 2832 ei
1704 2777 2028 2832 cicatrices.
2083 2779 2235 2843 Quo-

584 2848 766 2903 modo
794 2848 954 2903 enim
992 2848 1118 2902 ﬁeri
1160 2854 1352 2918 potest
1386 2854 1446 2903 ut
1488 2864 1647 2919 saepe
1684 2864 2004 2912 congressa
2036 2854 2090 2903 et
2134 2849 2234 2903 ali-

583 2919 818 2991 quoties
834 2920 1004 2991 victa,
1023 2935 1143 2974 non
1172 2921 1245 2991 sit
1273 2919 1616 2975 vulnerata?
1635 2919 2020 2990 lmpassibilis
2036 2927 2235 2975 autem

585 2990 824 3060 semper
864 2990 1105 3053 intacta,
1147 2990 1349 3055 illaesa,
1394 2990 1754 3045 inviolabilis
1800 2996 2019 3046 manet.
2052 2992 2237 3060 Igitur

581 3076 703 3117 non
737 3060 1021 3116 minimus
1047 3061 1337 3117 diceretur
1367 3062 1665 3118 Abraham
1690 3062 1767 3118 ad
1788 3062 2232 3129 Melchisedech,

580 3132 700 3205 nisi
730 3131 923 3203 potior
940 3140 1103 3205 esset
1131 3139 1344 3189 natura
1385 3133 1808 3189 Melchisedech
1840 3150 2025 3205 quam
2059 3134 2233 3190 Abra-

579 3203 745 3259 ham.
770 3204 919 3259 Nam
938 3203 1059 3259 haec
1090 3220 1225 3272 quas
1261 3205 1548 3269 diximus,
1584 3204 1807 3272 ingenii
1839 3203 1965 3260 esse
1990 3205 2135 3259 forte
2158 3207 2234 3261 vi-

579 3275 879 3331 dentur.Si
892 3280 1093 3347 autem
1109 3275 1322 3344 Legem
1338 3276 2022 3347 respiciamus,plurima
2034 3276 2233 3332 adhuc

581 3351 637 3402 et
659 3346 1197 3417 potioradiceutur.
1222 3347 1324 3402 Hic
1344 3346 1484 3401 enim
1505 3348 1879 3402 Melchisedech
1904 3364 2004 3401 rex
2033 3347 2231 3413 Salem,

578 3417 821 3472 sacerdos
874 3418 976 3472 Dei
1002 3419 1224 3484 summi,
1264 3420 1360 3488 qui
1383 3419 1613 3473 obuiauit
1640 3419 1873 3473 Abrahae
1914 3435 2154 3487 regresso
2200 3438 2233 3473 a

577 3489 716 3543 ccede
746 3506 949 3559 regum,
981 3490 1073 3559 qui
1097 3497 1145 3544 et
1175 3489 1443 3544 benedixit
1465 3507 1601 3551 eum,
1634 3491 1872 3557 primum
1901 3490 2110 3560 quidem
2142 3492 2232 3543 in-

578 3567 915 3631 terpretatur
947 3562 1061 3616 Rea:
1090 3562 1338 3628 iustitiae,
1378 3561 1565 3615 deinde
1599 3562 1709 3617 Rex
1761 3561 1953 3624 Salem,
1996 3562 2133 3632 quod
2157 3568 2232 3616 est

577 3648 676 3686 rea:
712 3632 879 3702 pacis.
911 3633 1025 3686 sine
1054 3640 1233 3699 patre,
1280 3633 1394 3686 sine
1424 3639 1615 3698 matre,
1664 3640 1712 3686 et
1760 3634 1874 3687 sine
1904 3634 2227 3702 genealogia,

575 3719 738 3773 neque
766 3704 983 3758 initium
1016 3702 1247 3766 dierum,
1281 3720 1375 3757 nec
1392 3708 1546 3772 linem
1582 3706 1706 3759 vitea
1723 3704 2232 3759 habensxsimilatus

579 3781 757 3829 autem
789 3774 932 3828 Filio
952 3774 1052 3829 Dei
1068 3781 1243 3829 manet
1262 3775 1503 3829 sacerdos
1520 3776 1923 3845 inperpetuum.
1942 3775 2007 3829 Et
2031 3780 2091 3829 ut
2107 3776 2231 3831 haec

580 3845 725 3900 locis
765 3846 985 3915 quibus
1038 3846 1493 3913 signiﬁcaverat,
1541 3846 2008 3911 commendaret,
2055 3848 2128 3901 de
2160 3863 2229 3901 eo

581 3915 801 3997 adjecit
832 3934 864 3997 ε.
888 3916 1111 3997 Videtis,
1145 3917 1506 3997 ait,guantu_s
1530 3919 1605 3972 sit
1632 3918 1737 3981 hic,
1756 3920 1861 3997 cui
1888 3918 2117 3997 decimas
2146 3919 2232 3973 de-

579 3986 661 4041 dit
692 3986 968 4041 Abraham
995 3988 1057 4041 de
1072 3986 1371 4051 primitivis
1394 3991 1645 4058 princeps
1672 3996 1889 4058 patrum
1924 3989 2112 4057 (Hebr.
2135 4006 2226 4053 vn,

585 4058 730 4131 t_-4).
765 4060 830 4113 Ut
852 4059 1015 4131 enim;
1044 4075 1166 4130 qua
1192 4066 1458 4130 potentia
1478 4066 1533 4115 et
1554 4066 1783 4131 quanta
1807 4060 2231 4116 Melchisedech

578 4128 651 4184 sit
680 4130 970 4202 ostendat,
1004 4128 1209 4185 laudat
1235 4132 1537 4186 Abraham
1573 4128 1782 4185 dicens
1813 4132 1955 4201 quia
1982 4134 2230 4202 princeps

612 4205 795 4256 atrum
824 4209 920 4265 est,
956 4201 1070 4256 hoc
1096 4210 1200 4269 est,
1234 4205 1458 4257 creteris
1486 4204 1763 4257 omnibus
1807 4202 2013 4257 melior
2044 4204 2232 4259 Abra-

622 4288 742 4336 am,
776 4273 878 4327 sed
909 4273 1195 4327 minimus
1232 4273 1304 4328 ad
1339 4273 1781 4329 Melchisedech.
1814 4277 2015 4328 Nonne
2045 4275 2233 4329 mani-

580 4342 799 4398 festum
814 4345 1074 4399 esthunc
1105 4344 1408 4399 hominem
1423 4360 1540 4399 non
1566 4361 1718 4410 esse,
1737 4344 1838 4401 sed
1872 4345 2177 4401 meliorem
2203 4344 2231 4399 ‘P

582 4414 734 4479 Quid
765 4421 851 4487 est
883 4416 1231 4487 enim_quod
1250 4415 1392 4470 dicit
1417 4415 1491 4469 de
1522 4418 1771 4487 eo,quia
1802 4432 1901 4470 rex
1936 4417 2097 4485 pacis
2119 4422 2228 4477 est.

580 4490 635 4540 et
654 4501 753 4540 rex
772 4485 1018 4555 justitia:
1040 4485 1067 4539 7
1086 4487 1329 4555 Propius
1355 4485 1711 4549 accedite,et
1730 4488 1940 4541 videte.
1958 4488 2038 4541 De
2057 4487 2231 4555 longe

580 4557 941 4629 enimsolein
970 4557 1553 4614 videnteslucernam
1578 4558 1818 4629 putatis,
1843 4565 1898 4613 et
1917 4567 2230 4626 argentum

578 4627 955 4701 aspicientes,
986 4631 1293 4684 aestimatis
1326 4627 1631 4684 stannum.
1664 4631 1855 4685 Potest
1881 4629 2099 4701 aliquis
2130 4630 2233 4685 ho-

582 4699 822 4770 minum
845 4699 959 4753 dici
994 4716 1091 4754 rex
1145 4701 1312 4769 pacis
1366 4706 1544 4770 atque
1570 4701 1811 4769 justitia:
1842 4700 1869 4755 ‘?
1924 4699 2037 4757 Pax
2071 4702 2227 4757 enim

580 4768 923 4843 hominibus
967 4768 1344 4840 praedicatur,
1391 4768 1659 4827 similiter
1710 4778 1766 4843 et
1796 4772 2079 4843 justitia:
2138 4773 2233 4827 hic

580 4846 783 4896 autem
812 4839 945 4895 ideo
973 4839 1075 4896 rex
1119 4844 1279 4901 pacis
1310 4847 1366 4896 et
1397 4843 1639 4912 justitiaa
1690 4839 1924 4907 dicitur,
1959 4851 2017 4897 ut
2048 4844 2125 4898 ab
2162 4860 2232 4899 eo

576 4911 804 4983 justitia
830 4917 1015 4983 etpax
1031 4913 1324 4982 originem
1339 4911 1559 4969 habere
1581 4920 1884 4969 noscatur.
1916 4918 2041 4970 Non
2072 4915 2231 4969 enim

583 4998 769 5055 super
792 4983 986 5051 ipsum
1008 4998 1139 5039 esse
1162 4984 1278 5039 dici
1307 4991 1517 5054 potest,
1544 4985 1707 5055 quod
1737 4985 1815 5039 ab
1834 4984 1965 5055 ipso
1992 4986 2230 5053 regitur.

583 5058 729 5111 Nam
762 5054 1285 5126 hominesjustitia
1309 5054 1594 5123 magistra
1625 5062 1680 5110 et
1711 5072 1854 5126 pace
1885 5056 2235 5113 erudiuntur

584 5126 661 5182 ad
692 5128 877 5181 Deum
910 5127 1401 5199 promerendum.
1440 5128 1571 5199 Haec
1594 5142 1735 5195 ergo
1760 5143 1895 5199 qua;
1923 5128 2232 5184 hominum

584 5199 871 5269 magistra
890 5198 995 5261 est,
1026 5198 1452 5255 Melchisedech
1475 5198 1655 5254 habet
1685 5198 1905 5267 regem.
1929 5200 2231 5267 Quantum

584 5284 725 5338 ergo
743 5271 1302 5326 melioresthomine
1316 5270 2011 5341 Melchisedech,quando
2025 5271 2236 5339 guber-

584 5342 776 5396 natrix
798 5342 1108 5398 hominum
1137 5343 1249 5398 sub
1276 5342 1406 5413 ipso
1431 5348 1540 5407 est,
1568 5341 1682 5397 hoc
1726 5346 1837 5405 est,
1874 5358 2074 5413 regem
2106 5359 2235 5398 esse

644 5455 657 5485 ¹
693 5454 774 5504 Sic
810 5456 938 5521 Mss.
976 5461 1027 5507 et
1053 5457 1213 5507 editio
1258 5458 1683 5521 Ratisponensis.
1721 5456 1848 5506 Alite
1885 5471 2010 5507 vero
2054 5457 2238 5507 editio-

588 5528 702 5573 nes,
727 5520 1010 5567 necessitas.

649 5576 666 5647 ξ
703 5576 852 5647 ξὀνῳ
886 5581 969 5647 hic
1014 5581 1504 5647 meliusilegeretur
1536 5596 1545 5629 :
1572 5582 1871 5647 substantia
1906 5583 2073 5647 aliter,
2119 5597 2233 5647 pro,

586 5637 1019 5707 substantialiter.
1057 5644 1172 5707 Vid.
1209 5637 1388 5707 Moi‘el,
1412 5644 1570 5693 l‘llem.
1594 5645 1722 5697 Crit.
1763 5660 1819 5707 p.
1854 5647 1966 5697 311.
2008 5637 2076 5693 M.

652 5700 724 5764 (α)
754 5700 979 5766 Reliqua
1002 5704 1054 5753 in
1074 5706 1305 5755 editione
1336 5706 1451 5757 Rat.
1474 5710 1526 5755 et
1553 5707 1607 5757 in
1636 5708 1729 5758 Ms.
1765 5700 1994 5759 Colbert.
2021 5708 2233 5759 desunt.

1629 159 2088 228 QUIESTIONES
2130 158 2224 217 EX
2264 156 2604 226 UTROQUE
2646 157 2929 217 MIXTIM.

3793 162 3901 222 2388

2346 299 2556 351 regum
2587 282 2615 338 ?
2648 284 2856 355 Itaque
2887 300 3024 340 cum
3058 298 3160 341 rex
3187 284 3425 356 justitia:
3466 289 3519 340 et
3546 287 3689 356 pacis
3714 288 3897 355 dicitur,

2345 360 2557 428 auctor
2586 372 2935 411 eorumesse
2967 358 3365 425 significatur:
3390 359 3733 428 utquomodo
3754 362 3899 417 Domi-

2347 443 2456 481 nus
2483 427 2653 481 Jesus
2668 435 2876 483 auctor
2897 428 3025 483 vitae
3048 439 3158 495 est,
3182 427 3724 485 itaetMelchisedech
3748 441 3902 489 auctor

2348 498 2579 580 iustitiae
2607 500 2678 552 sit
2699 504 2755 551 et
2777 500 3274 580 pacis;quia_qui
3304 515 3404 571 per
3433 499 3703 580 Christum
3725 504 3899 580 vivunt,

2390 570 2403 622 i
2435 570 2825 639 dispensante
2851 570 3082 640 justitia
3112 578 3162 625 et
3194 570 3345 641 pace
3369 577 3650 637 reguntur.
3673 570 3901 629 Cordibus

2344 642 2505 695 enim
2533 657 2841 712 servorum
2862 640 3269 712 Deijustitiam
3297 641 3542 696 infundit
3567 648 3616 695 et
3637 658 3826 711 pacem,
3851 647 3905 701 ad

2344 711 2756 767 exornandam
2776 711 3152 782 disciplinam
3180 713 3557 767 dominicam.
3590 714 3835 784 Scriptum
3852 718 3907 771 le-

2346 786 2543 851 gimus
2576 784 2633 837 in
2672 784 2911 853 psalmo
2938 785 3308 853 octogesimo
3341 791 3565 854 quarto,
3594 785 3905 854 quiaJustitia

2343 863 2390 909 et
2420 871 2531 923 pas:
2558 855 2843 924 complerem
2874 864 2998 910 sunt
3023 863 3158 921 se,et
3175 857 3379 910 veritas
3407 857 3467 909 de
3484 862 3625 910 terra
3647 863 3749 909 orta
3775 866 3906 913 est:et

2348 932 2407 979 ut
2441 926 2917 997 dequajustitia
2940 926 3564 997 diceret,iostcnderet,
3590 928 3661 980 ait
3684 927 3802 997 quia
3816 929 3907 983 Jus-

2345 998 2476 1051 titia
2500 996 2725 1069 de’cwlo
2744 999 3019 1067 prospexit
3052 996 3221 1069 (Psal.
3255 1013 3481 1061 Lxxxw,
3515 1000 3595 1069 it,
3624 996 3718 1067 i2).
3743 999 3834 1052 Hoc
3855 1001 3905 1055 de

2345 1073 2605 1141 tempore
2638 1067 2969 1141 Salvatoris
2992 1067 3292 1141 Scriptura
3325 1068 3591 1141 ostendit,
3621 1084 3724 1138 quo
3738 1070 3909 1138 justitia

2351 1140 2445 1194 Dei
2473 1139 2611 1194 data
2643 1146 2731 1194 est
2788 1140 3016 1195 mundo
3060 1138 3163 1211 per
3194 1140 3512 1204 Christum,
3558 1138 3611 1193 in
3637 1142 3905 1208 cognitione

2348 1210 2613 1282 mysterii
2648 1211 2747 1265 Dei
2782 1212 2959 1265 unius
2989 1210 3151 1282 quod
3181 1218 3316 1265 ante
3350 1212 3697 1282 promiserat.
3722 1212 3901 1266 Justum

2344 1289 2430 1354 est
2443 1281 2600 1337 enim
2620 1283 2767 1354 scire
2786 1281 3113 1337 creaturam
3130 1284 3426 1337 veritatem
3440 1281 3705 1354 Creatoris
3718 1283 3909 1354 suizqua

2338 1353 2567 1423 justitia
2600 1353 2977 1408 manifestata
2998 1354 3057 1408 in
3079 1354 3263 1417 terris,
3285 1354 3519 1409 sublata
3541 1352 3910 1424 discordiatjua

2344 1424 2417 1478 de
2448 1424 2939 1493 injustitiafuerat
2966 1430 3243 1493 generata
3265 1424 3543 1492 incogniti
3565 1425 3673 1489 Dei,
3696 1423 3911 1493 paciﬁcos

2347 1496 2476 1549 fecit
2507 1496 2832 1559 discordes,
2876 1496 3020 1550 dum
3059 1497 3326 1550 diversos
3366 1497 3588 1549 dudum
3619 1497 3668 1549 iu
3700 1512 3800 1551 una
3828 1495 3911 1549 ﬁde

2344 1567 2660 1621 constituit.
2697 1567 2790 1623 Sic
2822 1582 2883 1621 se
2917 1568 3245 1638 complexae
3285 1574 3424 1621 sunt
3448 1566 3661 1636 justitia
3694 1572 3743 1620 et
3769 1582 3856 1635 pax
3874 1574 3913 1621 et

2346 1638 2559 1693 veritas
2594 1638 2787 1693 unius.
2823 1642 2895 1693 De
2921 1644 3071 1693 terra
3097 1644 3227 1694 orta
3246 1638 3915 1707 estmagistrajustitia.ln-

2345 1710 2615 1764 carnatio
2657 1709 2814 1764 enim
2862 1710 3063 1764 Christi
3109 1710 3368 1764 ostendit
3420 1725 3549 1781 quae
3580 1716 3715 1763 esset
3740 1708 3799 1781 de
3820 1708 3913 1779 ipso

2346 1781 2465 1835 Deo
2501 1783 2717 1835 veritas
2742 1781 3187 1848 cognoscenda.
3219 1781 3402 1849 [gitur
3431 1779 3552 1835 haec
3580 1786 3719 1834 certe
3742 1779 3916 1849 justitia

2344 1852 2442 1905 Dei
2458 1858 2565 1906 est.
2587 1852 2859 1907 Similiter
2873 1857 3076 1921 etpax,
3094 1853 3325 1906 dicente
3350 1851 3642 1922 Apostolo,
3669 1851 3767 1919 Ipse
3782 1857 3915 1922 mitem

2344 1924 2487 1978 Deus
2525 1925 2676 1993 pacis
2712 1930 2958 1978 conterat
2982 1931 3139 1978 satan
3166 1923 3339 1993 (Rom.
3376 1921 3492 1987 xvi,
3540 1923 3644 1991 20).
3670 1921 3916 1986 Quomodo

2345 1994 2458 2049 hoc
2495 1996 2676 2064 possit
2724 1995 3080 2063 discernere,
3131 2010 3249 2049 non
3282 1993 3549 2056 adverto,
3582 1999 3639 2046 ut
3661 2008 3779 2047 cum
3807 1996 3915 2046 Deus

2348 2066 2530 2137 pacis,
2569 2066 2733 2121 Pater
2763 2065 2837 2119 sit
2873 2066 3102 2120 Domini
3130 2066 3311 2121 nostri
3339 2067 3475 2137 {esu
3498 2064 3713 2127 Christi,
3740 2078 3914 2137 necnon

2347 2134 2401 2190 et
2449 2139 2575 2207 ipse
2624 2137 2924 2202 Christus;
2958 2138 3093 2191 dicit
3126 2139 3287 2191 enim
3336 2136 3529 2190 Pacem
3558 2152 3712 2189 meam
3736 2135 3790 2188 do
3813 2134 3915 2187 vobis

2348 2207 2526 2277 (Joan.
2562 2224 2673 2273 xw,
2718 2210 2844 2277 27);
2878 2209 2952 2262 de
2984 2207 3413 2264 Melchisedech
3460 2208 3681 2261 dicatur
3714 2207 3829 2276 quia
3845 2221 3913 2258 rex

2340 2280 2582 2347 justitiae
2615 2286 2670 2333 et
2704 2282 2866 2349 pacis
2907 2285 3031 2334 est:
3065 2295 3188 2351 qua
3228 2280 3455 2351 ratione
3488 2283 3812 2351 secernatur,
3830 2291 3913 2329 non

2345 2351 2626 2426 intelligo.
2656 2348 2797 2405 Puto
2827 2350 2984 2405 enim
3003 2348 3732 2426 _nihil_diﬂerre,_quantum
3754 2348 3915 2426 adretn

2344 2422 2615 2493 pertinet,
2651 2437 2850 2491 regem
2884 2423 3047 2494 pacis
3081 2438 3116 2475 a
3154 2422 3268 2494 Deo
3324 2419 3508 2494 pacis.
3554 2422 3692 2484 Quia
3727 2419 3853 2494 enim
3873 2419 3914 2494 in

2345 2487 2575 2547 mundo
2606 2487 2927 2564 quisquam
2956 2493 3108 2547 Deus
3138 2492 3252 2547 dici
3277 2487 3635 2555 nondebuit,
3660 2489 3816 2545 utuni
3840 2487 3917 2541 soli

2346 2580 2414 2618 ex
2434 2580 2550 2635 quo
2564 2570 2701 2618 sunt
2713 2565 2937 2628 omnia,
2956 2569 3358 2635 reservaretur
3372 2564 3485 2619 hoc
3505 2569 3717 2617 tantum
3734 2575 3915 2635 nomen.

2345 2631 2545 2701 regem
2577 2638 2677 2706 qui
2705 2636 3029 2704 imaginem
3058 2635 3188 2706 ejus
3215 2634 3464 2689 haberet
3491 2635 3739 2699 instituit,
3755 2631 3916 2706 quier-

2344 2713 2515 2776 cepto
2550 2701 2646 2779 Dei
2679 2701 2921 2762 nomine
2951 2701 3197 2762 omnem
3228 2710 3586 2779 potestatem
3630 2706 3748 2774 ejus
3787 2701 3915 2756 hahe-

2345 2782 2431 2832 ret
2466 2794 2477 2831 :
2514 2778 2617 2832 sed
2639 2779 2781 2848 quia
2804 2785 3071 2833 terrenus
3106 2777 3563 2840 est,'hominum
3599 2792 3691 2848 rex
3719 2780 3808 2848 est,
3832 2786 3917 2826 non

2347 2854 2543 2904 tamen
2575 2844 2742 2919 pacis
2784 2855 2838 2903 et
2882 2849 3146 2919 justitiae.
3201 2849 3355 2914 Quia
3388 2850 3564 2904 etiam
3612 2847 3728 2918 ipse
3758 2844 3917 2919 ducem

2344 2913 2850 2995 habetjustitiam,
2866 2913 3052 2995 quam
3066 2936 3185 2995 non
3200 2913 3279 2974 illi
3312 2913 3824 2995 l‘icetconte'mnere.
3853 2913 3921 2995 Ju-

2346 2992 2503 3048 stitia
2534 2988 2693 3047 enim
2726 2988 2980 3046 Deus'illi
3004 3000 3089 3047 est
3110 2994 3218 3047 Res
3241 2991 3405 3046 enim
3432 2991 3531 3045 Dei
3566 2988 3919 3058 estjustitia,et

2390 3067 2444 3117 ui
2465 3062 2888 3134 praevaricatur
2905 3078 3060 3127 eam,
3075 3079 3214 3134 reus
3232 3058 3297 3116 ﬁt
3322 3056 3920 3134 DeijudicioQMelchise-

2390 3080 2444 3117 ut
2465 3080 2888 3134 praevaricatur
2905 3080 3060 3127 eam,
3075 3080 3209 3118 reus
3232 3080 3297 3116 nt
3322 3080 3668 3132 ueijuoicio.
3685 3080 3917 3115 metonis:-

2342 3080 2495 3190 dech
2516 3140 2716 3190 autem
2731 3134 2879 3189 sicut
2893 3133 3347 3203 daturintelligi.
3367 3149 3485 3189 non
3504 3148 3659 3188 more
3670 3131 3917 3185 hominum

2342 3206 2806 3278 rexappellatur
2835 3222 2848 3272 ;
2880 3206 3022 3277 quia
3069 3208 3181 3259 sub
3213 3221 3277 3259 se
3310 3203 3794 3278 habetjustitiam,
3817 3213 3914 3278 qua

2343 3268 2582 3343 regibus
2605 3268 2970 3331 dominatur.
2991 3279 3176 3331 Nemo
3192 3276 3412 3331 etenim
3433 3268 3618 3347 potest
3633 3268 3915 3329 haberesub

2344 3350 2741 3423 sejustitiam,
2794 3349 2905 3402 nisi
2945 3348 3075 3417 ejus
3126 3354 3355 3423 naturae
3396 3348 3468 3423 sit
3498 3351 3559 3423 ut
3589 3358 3805 3423 peccare
3830 3355 3914 3423 non

2346 3412 2554 3489 possit.
2583 3412 2846 3490 Subi'pso
2872 3412 3073 3474 autem
3090 3435 3218 3474 esse
3242 3418 3379 3473 ideo
3410 3412 3634 3481 dicitur,
3652 3414 3778 3487 quia
3800 3412 3915 3488 abeo

2342 3493 2583 3545 inventa
2603 3496 2691 3545 est
2715 3491 2895 3544 modo
2916 3490 3082 3558 legis,
3107 3505 3210 3562 per
3227 3506 3419 3560 quam
3439 3490 3826 3562 gubernentur,
3843 3497 3915 3562 qui

2343 3569 2593 3631 p0ssunt
2621 3577 2885 3632 peccare.
2920 3556 3230 3627 [gitur'rex
3250 3556 3504 3629 justitiie
3537 3559 3836 3632 moderator
3857 3556 3917 3605 est

2345 3631 2659 3687 verborum
2686 3650 2721 3687 a
2750 3648 2810 3687 se
2842 3634 3240 3698 inventorum,
3268 3633 3496 3703 quibus
3528 3631 3915 3703 benebeateqne

2340 3712 2395 3758 et
2426 3704 2541 3777 vivi
2570 3706 2757 3775 possit
2786 3710 2841 3758 et
2868 3705 3045 3777 credi.
3079 3702 3597 3777 Diurmultumque
3619 3702 3914 3777 laboramus

2340 3783 2395 3829 et
2428 3774 2625 3830 adhuc
2668 3777 2862 3830 minus
2906 3775 2979 3829 de
3011 3774 3440 3832 Melchisedech
3473 3775 3731 3832 dicimus,
3755 3774 3840 3822 nisi
3856 3780 3914 3818 re-

2342 3853 2645 3919 vertamur
2661 3847 2735 3901 ad
2769 3846 3155 3917 Scripturam,
3186 3862 3324 3919 quin
3353 3852 3410 3901 et
3439 3847 3569 3916 ipsa
3593 3844 3693 3919 diu
3714 3838 3917 3919 pulsate!

2340 3918 2625 3991 clamitat,
2656 3924 2718 3973 ut
2767 3905 3001 3991 pressos
3032 3905 3682 3991 gravi-somno‘excitet
3703 3905 3774 3991 ad.
3794 3905 3917 3989 intel-

2339 3990 2577 4049 lectum,
2614 4004 2733 4043 non
2768 3990 2979 4047 noctis.
3018 3988 3123 4042 sed
3165 3988 3302 4042 diei.
3344 3989 3492 4042 Dicit
3529 4002 3663 4053 ergo
3690 3988 3911 4055 quissine

2335 4068 2519 4133 patre,
2546 4061 2665 4133 sine
2696 4068 2889 4133 matre,
2920 4062 3035 4113 sine
3062 4058 3372 4133 genealogia
3401 4067 3476 4113 est
3504 4049 3916 4133 Meldiédgckﬁl

2341 4125 2413 4187 ne
2442 4132 2606 4186 aliter
2631 4125 3547 4202 intelligeretur'quam'diguum
3574 4125 3912 4202 est,_»adjecit‘:

2340 4186 2452 4259 Nec
2480 4203 2702 4257 initium
2734 4186 2968 4265 die7um,
3003 4186 3277 4271 nec'ﬁnein
3302 4186 3434 4256 υἰῗω
3458 4186 3914 4271 habens.'Per'q_lt0f1

2340 4275 2597 4330 Ostendit
2632 4290 2826 4345 neque
2859 4260 3087 4345 natum,
3119 4260 3316 4343 neque
3358 4282 3652 4345 mortuum
3695 4260 3917 4322 esse—Mel-

2340 4345 2678 4400 chisedech.
2697 4343 2848 4410 Quid
2875 4344 2951 4399 ad
2982 4345 3108 4417 hinc
3124 4348 3245 4398 tam
3278 4344 3599 4399 manifesta
3620 4343 3915 4417 humanaar:

2341 4422 2720 4485 gumentatur
2741 4416 3031 4470 subtilitas
3054 4415 3237 4479 ςἶΟιιιιθ
3251 4420 3338 4469 est
3355 4423 3479 4470 tam
3510 4416 3733 4485 versuta
3752 4415 3915 4475 iugem!

2340 4484 2655 4550 calliditas,
2688 4503 2823 4558 quae
2868 4487 3045 4542 audet
3086 4487 3355 4558 resistere
3388 4484 3727 4558 manifestis,
3760 4486 3809 4558 ut
3832 4487 3913 4558 non

2340 4575 2584 4613 sensum
2613 4547 2809 4628 capiat
2836 4574 2906 4613 ex
2930 4558 3197 4624 lectione,
3228 4556 3334 4612 sed
3360 4572 3600 4612 sensum
3626 4547 3913 4628 tribuatlec-

2342 4630 2529 4687 tioni?
2555 4625 2903 4684 Visint'ertur
2928 4631 3241 4699 Scripturis
3265 4629 3605 4700 dominicis,
3626 4627 3697 4680 ita
3712 4628 3763 4677 ut
3784 4625 3913 4700 etiarn

2340 4702 2451 4757 hos
2480 4685 2751 4756 inimicos
2782 4702 3015 4765 sentiat,
3050 4685 3150 4771 qui
3178 4700 3519 4755 auctoritati
3560 4685 3681 4771 ejus
3726 4708 3777 4771 sq
3802 4685 3915 4771 ifjflll'

2341 4754 2493 4828 nare
2510 4754 2809 4844 videntur.
2831 4754 3037 4825 Dicunt
3052 4754 3210 4844 enim
3231 4754 3485 4844 quidam
3516 4754 3630 4824 noli
3652 4768 3724 4844 ita
3743 4762 3809 4844 de
3826 4754 3911 4837 Μει-

2342 4844 2651 4899 chisedech
2677 4843 2897 4897 debere
2927 4842 3107 4905 credi,
3142 4849 3202 4897 ut
3243 4838 3501 4897 relatum
3532 4847 3617 4895 est
3646 4838 3909 4905 Scripturis.

2343 4931 2412 4970 ac
2438 4931 2540 4985 per
2571 4914 2787 4987 hocad
2808 4930 3047 4968 sensum
3067 4929 3244 4967 suum
3269 4912 3602 4987 Scripturas
3615 4904 3907 4987 cpnverlutll.

2344 4979 2581 5059 Quibus
2596 4986 2807 5059 melius
2828 4990 2981 5040 esset
2997 4989 3339 5059 apertenon
3356 4979 3615 5059 recipere
3634 4979 3908 5059 Scriptutitf:

2342 5075 2527 5128 quam
2551 5057 2759 5112 dolose
2774 5072 2949 5125 agere
2966 5053 3332 5128 contraillas,
3358 5053 3549 5128 utsub
3567 5053 3908 5128 neruineﬂacls

2344 5116 2582 5199 paretur
2607 5116 2851 5190 bellum,
2871 5135 2927 5182 et
2950 5116 3335 5199 subtegmine
3354 5125 3631 5181 amicitiae
3652 5116 3908 5199 lateat'hof

2345 5192 2437 5254 tis.
2494 5202 2703 5255 Dicunt
2749 5215 2889 5270 ergo
2923 5215 3040 5253 non
3073 5192 3165 5253 ad’
3199 5200 3654 5265 generositatem
3696 5192 3906 5270 periise:e

2344 5271 2784 5332 Melchisedech,
2810 5256 2912 5324 {ea
2944 5270 3019 5325 ad
3035 5256 3425 5323 humilitatem
3447 5256 3904 5336 generiseiusdefnj

2344 5342 2489 5414 quia
2521 5344 2645 5398 sine
2680 5349 2843 5414 patre
2874 5346 2928 5395 et
2960 5347 3147 5414 matre
3183 5340 3397 5411 legitur
3440 5333 3777 5414 fuisse._Hoc
3799 5333 3906 5414 culti}

2345 5404 2479 5469 ideo
2529 5404 2697 5469 aiunt
2741 5413 2823 5468 sic
2867 5412 3156 5482 scriptum
3192 5404 3342 5474 es'se,
3372 5417 3435 5466 ut
3473 5404 3906 5482 ostendet-etuti!

2345 5485 2692 5555 alienigenis
2725 5483 2920 5552 fuisse,
2942 5469 3061 5539 nbn
3093 5500 3162 5537 ex
3184 5469 3339 5537 tribu
3367 5498 3505 5555 qua
3523 5487 3677 5555 ortus
3696 5479 3771 5555 est
3786 5469 3907 5555 ΔΡΓξς

2344 5534 2515 5621 sua;
2526 5534 3162 5628 ῗιῑιιζςεέιιζέλῑιξάδέί
3186 5534 3554 5628 mestitiae
3569 5534 3907 5628 μοιςευηςιςξ

2346 5613 2585 5699 adjecit,
2604 5613 2897 5699 inquiunt,
2924 5613 2997 5699 Et
3014 5627 3131 5699 sine
3147 5624 3476 5699 genealogia,
3494 5630 3555 5678 ut
3571 5613 3905 5699 int'elligerttlfl'r

2346 5686 2585 5773 pehitus
2603 5686 2771 5769 origo
2796 5698 2844 5769 ej
2858 5686 2923 5753 us
2946 5698 3005 5753 in
3030 5686 3180 5768 Lege
3206 5686 3505 5769 descripta
3525 5708 3641 5751 non
3654 5700 3779 5751 esse,
3800 5686 3902 5736 ut“
