4158 6204
197 206 344 262 2329

243 331 553 406 arentibus
578 332 1118 406 qualibuscumque
1138 349 1241 405 per
1258 337 1521 406 seipsum
1551 336 1844 392 virbonus

222 404 394 457 actus
421 404 716 479 credatur.
747 404 1156 479 Porroantem
1178 407 1305 475 jam
1350 404 1517 463 tanta
1548 415 1636 463 est
1660 409 1847 479 Scrip-

201 480 355 537 tura,
380 480 439 527 ut
461 475 667 528 omnia
691 490 793 543 per
814 474 1085 530 ordinem
1104 474 1333 544 digesta
1356 496 1555 534 causae
1574 474 1847 535 necessa-

197 546 512 619 riarponat.
541 544 803 619 Primum
827 547 987 601 enim
1006 548 1165 613 dicit,
1185 548 1496 619 Sinepatre,
1521 552 1637 605 sine
1653 559 1841 605 matre.

197 616 525 670 Videamus
579 615 627 689 _si
678 622 1029 689 cieterorum
1083 615 1759 689 uiatres‘significantnr
1787 623 1845 677 in

198 690 351 755 Lege
373 703 385 741 :
406 702 539 758 quae
570 687 747 741 fuerit
774 690 1171 745 uxorNachor
1188 693 1323 746 avia
1353 687 1625 758 Abrahae,
1661 700 1847 749 mater

192 760 406 820 Thare,
438 773 557 812 non
588 758 952 829 legiturquaa
987 761 1655 827 fueritmaterAbrahaa,
1686 772 1747 819 ut
1771 766 1845 818 de

196 831 425 884 ceteris
447 835 698 902 taceam.
723 832 1019 902 Numquid
1038 832 1095 886 hi
1112 835 1238 888 sine
1264 834 1553 889 matribus
1571 836 1748 890 fuisse
1762 836 1847 889 di-

197 902 371 974 cendi
397 900 645 974 sunt?Si
664 900 940 974 dixisset,
959 904 1083 957 sine
1100 910 1263 974 patre
1282 906 1407 960 sine
1442 906 1842 961 omfueratco-

196 972 309 1047 lor,
338 972 759 1047 quiaomni_um
782 974 882 1043 qui
924 972 1180 1040 fuerunt,
1213 984 1408 1047 patres
1450 978 1747 1034 habentur
1785 977 1843 1032 in

197 1044 369 1114 Lege.
396 1043 592 1116 Addit,
628 1044 701 1098 Et
733 1047 846 1097 sine
871 1043 1227 1116 genealogiaf
1250 1050 1303 1103 Si
1336 1049 1469 1103 ideo
1516 1049 1645 1104 hinc
1675 1049 1843 1110 dixit,

198 1121 263 1170 ut
284 1115 632 1189 ostenderet
675 1115 1119 1189 generationem
1146 1119 1273 1189 ejus
1294 1120 1351 1173 in
1373 1120 1523 1187 Lege
1558 1136 1677 1175 non
1693 1136 1844 1185 esse,

196 1185 1044 1261 suﬁeceratdixisse,sinepatre
1066 1204 1079 1251 ;
1100 1185 1240 1261 quia
1256 1190 1409 1261 illius
1425 1185 1649 1261 patrem
1667 1207 1844 1246 nemo

194 1259 379 1312 novit.
407 1257 580 1312 Multo
605 1258 795 1325 magis
811 1260 1021 1311 iterum
1037 1257 1669 1317 adinanifestationem
1684 1262 1844 1325 dicit,

191 1328 375 1409 Neque
392 1329 612 1409 initium
627 1327 1022 1409 dierummeque
1033 1331 1191 1409 ﬁnem
1204 1332 1329 1409 uitae
1341 1332 1554 1387 habens.
1565 1332 1845 1409 Die,qui_sf

193 1400 332 1474 quis
347 1416 409 1474 es
426 1400 1221 1474 y'iolentus,quomodoistud
1238 1404 1674 1474 interpretaris?
1692 1400 1843 1469 Quid

193 1471 542 1546 estAinitium
575 1472 806 1546 dierum
826 1487 945 1546 non
979 1473 1219 1539 habere,
1251 1471 1443 1546 neque
1466 1476 1643 1530 tinem
1668 1479 1797 1530 vitae
1819 1474 1847 1529 i’

193 1542 522 1617 Suﬁ'ecerat
548 1547 698 1597 certe
730 1543 947 1598 dixisse
975 1542 1419 1612 generationem
1443 1547 1572 1615 ejus
1606 1548 1662 1601 in
1699 1549 1845 1617 Lege

193 1616 483 1684 scriptam
523 1629 824 1686 nonesse,
861 1631 930 1669 ac
963 1631 1066 1684 per
1098 1617 1209 1670 hoc
1240 1619 1408 1685 origo
1435 1620 1564 1686 ejus
1597 1634 1668 1672 ex
1696 1616 1847 1673 allo-

189 1685 396 1756 phylis
427 1692 513 1739 est
538 1684 855 1740 credenda.
890 1690 1082 1741 Potest
1104 1688 1218 1741 dici
1237 1684 1583 1743 translatum
1597 1689 1758 1743 hunc
1773 1690 1845 1743 si-

188 1763 293 1811 cut
313 1756 531 1817 Enoch,
561 1756 694 1810 ideo
728 1772 845 1811 non
874 1764 1175 1812 mortuum
1204 1775 1353 1815 esse.
1381 1763 1539 1815 Esto.
1582 1760 1734 1825 Quid
1756 1769 1845 1815 est

190 1828 429 1903 initium
457 1828 688 1903 dierum
724 1828 855 1903 vitae
877 1844 995 1883 non
1024 1829 1243 1884 habere
1270 1829 1476 1886 ?Forte
1491 1832 1677 1896 dicas,
1700 1832 1845 1903 quia

188 1899 319 1953 dies
354 1899 569 1971 natalis
587 1900 987 1971 ejusscriptns
1018 1916 1134 1955 non
1162 1906 1265 1955 est.
1284 1903 1465 1971 Cujus
1485 1904 1643 1957 enim
1663 1899 1843 1970 scrip-

191 1976 288 2043 tus
319 1976 405 2025 est
433 1970 492 2043 in
519 1971 670 2039 Lege
700 1968 727 2023 ἱ)
750 1978 805 2024 et
852 1968 1155 2043 hiecratio
1185 1977 1293 2038 est,
1321 1968 1381 2027 ut
1408 1974 1581 2043 cujus
1630 1968 1845 2029 natalis

190 2041 319 2116 dies
350 2041 604 2116 scriptus
623 2057 749 2116 non
778 2047 884 2104 est,
915 2041 1145 2116 initium
1180 2044 1411 2099 dierum
1441 2041 1573 2099 vitae
1603 2050 1845 2116 negetur

186 2112 434 2167 habere.
470 2113 660 2167 Potuit
701 2128 842 2183 ergo
874 2118 929 2167 et.
975 2114 1049 2168 de
1080 2116 1305 2170 caeteris
1338 2116 1495 2170 idem
1528 2112 1764 2171 dicifEt
1796 2116 1843 2171 si

192 2190 257 2238 ut
288 2185 470 2238 homo
502 2183 824 2238 translatus
871 2184 1098 2249 fuisset,
1134 2201 1251 2241 non
1299 2192 1500 2241 tamen
1538 2189 1663 2241 sine
1712 2189 1842 2242 vita:

191 2262 321 2327 erat
350 2254 465 2309 ﬁne
494 2256 680 2326 ;quia
700 2256 995 2326 quidquid
1024 2256 1137 2311 sub
1160 2273 1263 2327 spe
1290 2258 1497 2313 mortis
1520 2265 1626 2324 est,
1660 2258 1841 2313 finem

190 2326 393 2406 habet.
421 2327 653 2406 Desine,
672 2327 947 2407 quisquis
962 2326 1323 2407 contentioni
1345 2330 1576 2407 studes:
1597 2330 1843 2407 Expedit

188 2398 355 2471 enim
382 2398 533 2452 veris
550 2398 723 2463 vinci,
743 2413 928 2471 quam
958 2400 1189 2454 vincere
1218 2416 1358 2455 vera
1378 2416 1481 2471 per
1506 2398 1839 2457 lalsaJPer-

188 2468 333 2543 dere
356 2471 642 2543 esteniin,
673 2484 792 2524 non
814 2469 1083 2543 vincere;
1118 2472 1261 2543 quia
1288 2473 1332 2526 si
1362 2468 1418 2526 in
1442 2473 1686 2527 homine
1715 2489 1842 2543 per-

190 2540 336 2595 dere
383 2540 675 2613 videretur
706 2540 1147 2613 veritastapud’
1190 2543 1373 2596 Deum
1410 2548 1604 2598 tamen
1638 2540 1836 2608 vincit,

186 2613 640 2685 quiarati‘oejus
658 2611 1140 2685 invincibilis‘est.
1172 2614 1376 2685 Itaque
1391 2615 1678 2669 animusa
1695 2617 1841 2683 Lege

194 2683 354 2737 vinci
374 2682 570 2756 debet,
589 2689 657 2756 _ut
682 2682 793 2737 hoc
813 2683 1031 2756 sentiat
1046 2684 1209 2754 quod
1230 2704 1262 2740 a
1280 2682 1431 2753 Lege
1450 2682 1839 2756 significatur,

188 2770 313 2808 non
333 2761 403 2827 ut
423 2755 552 2823 ipse
579 2754 717 2827 Legi
735 2770 981 2827 sensum
1003 2755 1101 2809 det
1124 2772 1236 2811 suo
1256 2754 1527 2821 arbitrio,
1547 2764 1606 2811 ut
1627 2759 1840 2827 Legem

192 2841 260 2879 se
288 2824 575 2897 violenter
604 2826 716 2892 legi
741 2825 1035 2880 exhibeat.
1062 2829 1126 2880 Et
1155 2826 1294 2880 audi
1318 2828 1668 2895 Zorobabel,
1699 2824 1843 2897 quia

189 2912 355 2969 super
383 2896 707 2969 omnia,ai_t,
741 2898 912 2951 vincit
938 2897 1242 2969 veritas(lll
1270 2898 1439 2952 Esdr.
1460 2914 1542 2963 ιιι,
1574 2902 1680 2966 12).
1708 2901 1842 2955 Jam

192 2967 626 3023 Melchisedech
658 2967 921 3023 futurum
954 2967 1299 3038 mysterium
1324 2968 1755 3024 incarnationis
1786 2976 1842 3024 et

192 3039 492 3109 passionis
527 3038 759 3093 Domini
786 3039 1069 3101 ostendit,
1102 3040 1245 3093 dum
1280 3041 1531 3095 Abrahae
1554 3040 1837 3110 primum,

193 3111 373 3182 quasi
388 3126 458 3180 pa
470 3111 538 3165 tri
554 3110 1061 3182 fideliumtradidit
1076 3112 1495 3167 Eucharistiam
1509 3119 1561 3166 et
1576 3112 1842 3182 corporis

195 3181 575 3254 etsanguinis
591 3181 843 3245 Domini,
866 3184 1487 3251 utprietigurareturin
1503 3181 1841 3254 patre,quaa

194 3253 257 3307 in
290 3252 424 3307 filiis
456 3253 650 3307 futura
679 3260 805 3307 erat
836 3255 1071 3325 veritas.
1106 3254 1215 3318 Qui
1237 3254 1283 3308 si
1306 3254 1487 3309 homo
1506 3252 1761 3325 putatur
1786 3259 1843 3308 et

186 3325 493 3389 sacerdos,
536 3340 604 3377 eo
639 3340 802 3378 more
832 3340 954 3395 quo
984 3324 1093 3379 fuit
1122 3330 1340 3390 Aaron,
1374 3332 1475 3381 aut
1506 3341 1663 3381 nunc
1682 3330 1832 3382 sunt.

187 3396 540 3468 ostendatur
552 3394 896 3468 autlegatnr
920 3396 1084 3450 locus
1098 3395 1483 3452 habitationis
1502 3398 1629 3468 ejus
1650 3396 1841 3461 ;autsi

186 3466 297 3540 fuit
313 3467 598 3540 templum
616 3466 856 3540 aliqngl
875 3474 1295 3540 autsynagoga
1312 3469 1366 3521 in
1384 3484 1505 3540 qua
1519 3466 1841 3540 congrega-

183 3538 291 3593 bat
320 3538 631 3607 populum,
665 3542 719 3592 et
745 3536 1034 3610 offerebat
1051 3554 1258 3610 eorum
1284 3536 1700 3603 sacEiticia,vel
1729 3539 1831 3610 qui

183 3610 449 3679 p0pulus
478 3607 874 3663 conveniebat
902 3609 974 3662 ad
1005 3608 1191 3664 illum.
1224 3612 1276 3666 Si
1296 3612 1454 3666 enim
1479 3607 1831 3666 sacerdosin

186 3681 359 3733 terris
383 3686 524 3738 erat.
546 3680 670 3733 sine
687 3679 870 3735 dubio
885 3679 1091 3733 habuit
1108 3682 1418 3750 populum,
1434 3690 1487 3736 et
1503 3687 1636 3736 ante
1650 3683 1831 3736 Abra-

181 3752 326 3824 ham
351 3752 571 3824 glique,
596 3752 683 3804 vel
709 3757 972 3824 tempore
994 3750 1131 3824 ejus
1149 3757 1277 3807 erat
1304 3753 1561 3824 populus
1589 3755 1687 3823 qui
1716 3768 1833 3807 ser-

179 3823 333 3877 viret
358 3821 498 3895 Deo.
533 3825 595 3877 Et
622 3821 932 3895 quomOdo
962 3822 1260 3895 Abraham
1293 3821 1460 3894 quasi
1492 3821 1673 3894 caput
1711 3824 1829 3877 fac-

183 3899 280 3947 tus
311 3894 574 3958 esttidei,
606 3893 748 3948 utex
771 3909 840 3948 eo
872 3893 1831 3964 populushaberetnotiti’amDei?

176 3964 463 4020 Similiter
509 3965 665 4019 enim
715 3965 763 4017 si
804 3965 1230 4021 Melchisedech
1283 3971 1424 4029 erat,
1460 3967 1559 4036 qui
1593 3967 1832 4022 doceret

183 4038 363 4090 unius
386 4036 481 4090 Dei
504 4037 775 4090 timorem
796 4037 852 4089 in
878 4039 1064 4099 terris,
1082 4037 1295 4091 frustra
1308 4036 1524 4091 electus
1546 4038 1823 4093 estAbra—

180 4107 349 4169 ham,
385 4112 449 4161 ut
479 4124 549 4161 ex
579 4123 649 4161 eo
682 4106 850 4177 plebs
885 4108 979 4161 Dei
1013 4114 1477 4178 nuncuparetur.
1515 4109 1832 4164 Potuerant

178 4182 343 4232 enim
368 4179 516 4232 inter
533 4195 634 4232 eos
658 4194 804 4240 esse,
835 4178 937 4240 qui
960 4178 1399 4233 conveniebant
1428 4182 1505 4233 ad
1538 4180 1832 4234 Melchise-

178 4251 355 4304 dech.
391 4252 450 4304 Et
485 4249 582 4303 ubi
614 4255 701 4304 est
733 4249 873 4303 illud
905 4250 1069 4320 quod
1102 4250 1313 4321 legitur
1336 4250 1394 4303 in
1421 4250 1652 4304 cantico
1676 4252 1829 4305 Deu-

176 4321 801 4391 teronomii,quiacum
833 4320 1120 4383 decideret,
1145 4320 1820 4391 inquit,Altissimusgen-

174 4398 275 4458 tes,
309 4391 743 4462 quemadmodum
772 4392 1046 4461 separavit
1094 4392 1234 4463 ﬁlios
1261 4392 1412 4457 Adae,
1461 4395 1655 4447 statuit
1693 4394 1822 4461 ﬁnes

174 4464 438 4534 gentium,
467 4463 752 4518 secundum
774 4480 1053 4518 numerum
1081 4464 1411 4533 Angelorum
1444 4464 1560 4517 Dei.
1587 4465 1657 4518 Et
1682 4463 1830 4533 facta

175 4542 255 4589 est
280 4551 417 4605 pars
438 4534 662 4589 Domini
690 4536 926 4605 populus
951 4537 1063 4606 ejus
1088 4536 1253 4589 Jacob
1275 4537 1450 4595 (Deut.
1473 4551 1654 4597 xxxu,
1683 4536 1825 4604 8,9).

174 4606 364 4673 Igitur
395 4608 442 4659 si
465 4608 520 4659 in
538 4605 765 4661 mundo
798 4605 980 4675 plebs
996 4623 1110 4660 non
1132 4611 1258 4661 erat
1280 4605 1400 4669 Dei,
1426 4608 1680 4675 exceptis
1696 4606 1829 4661 ﬁliis

172 4677 453 4740 Abrahae,
482 4694 603 4749 qua
626 4678 849 4731 ratione
873 4677 988 4733 alia
1012 4677 1179 4746 plebs
1201 4684 1441 4749 putatur
1469 4677 1670 4741 fuisse,
1695 4694 1829 4748 qua:

174 4765 245 4804 ex
260 4748 537 4804 doctrina
553 4749 939 4803 descenderat
955 4748 1398 4811 Melchisedech,
1420 4754 1673 4817 negante
1697 4750 1829 4803 Pro-

173 4821 357 4902 pheta
389 4818 418 4873 7
443 4821 699 4902 Quando
726 4821 886 4902 enim
918 4820 1188 4902 nominat
1220 4835 1432 4902 omnes
1449 4826 1669 4902 .gentes
1694 4836 1827 4900 quas

172 4891 232 4945 in
266 4892 500 4945 mundo
534 4898 693 4957 sunt,
728 4895 786 4946 et
811 4907 929 4945 non
958 4891 1098 4945 dicit
1124 4891 1413 4961 pepulum
1445 4891 1543 4945 Dei
1565 4907 1694 4945 esse
1719 4892 1827 4945 nisi

172 4962 334 5016 filios
363 4962 618 5017 Abrahae
653 4979 666 5027 ;
696 4962 838 5033 quid
874 4970 1143 5033 superest
1174 4962 1287 5015 nisi
1323 4969 1402 5024 ut,
1429 4963 1690 5031 exceptis
1714 4961 1825 5026 his,

173 4978 334 5016 nnos
363 4978 618 5017 Abrahae
653 4979 666 5027 ;
696 4978 838 5033 quin
874 4978 1143 5088 superest
1174 4978 1287 5015 msn
1323 4978 1402 5024 ιιι,
1429 4978 1690 5031 exceptis
1714 4978 1825 5026 nis,

173 5038 425 5101 negetur
455 5039 700 5089 caeteros
739 5033 834 5087 Dei
867 5033 939 5088 ha
994 5034 1146 5087 uisse
1179 5033 1477 5100 notitiam,
1506 5034 1651 5103 quia
1676 5040 1827 5087 notus

171 5106 229 5158 in
258 5105 457 5161 Iudaea
495 5107 639 5159 Deus
658 5104 827 5175 (Psal.
859 5121 1025 5167 Lxxv,
1060 5104 1104 5176 t)
1128 5104 1154 5158 εἴ
1178 5104 1591 5176 Melchisedech
1627 5109 1825 5176 autem

172 5177 457 5231 sacerdos
493 5178 585 5231 Dei
623 5177 864 5238 summi,
898 5176 975 5231 ad
1006 5176 1487 5231 benedicendum
1522 5175 1826 5229 Abraham

172 5249 456 5329 apparuit
504 5250 579 5329 ad
613 5248 989 5329 praesagium
1044 5248 1375 5329 futurorum
1434 5252 1821 5329 sanctorum;

171 5316 319 5389 quia
352 5318 686 5373 benedictio
719 5316 921 5373 danda
964 5324 1090 5372 erat
1133 5318 1189 5372 in
1226 5318 1486 5372 futurum
1536 5316 1692 5389 plebi
1722 5317 1821 5372 Dei

173 5388 280 5459 per
309 5390 633 5444 antistitem
660 5391 777 5444 fere
807 5389 923 5454 Dei,
944 5405 1125 5460 quem
1154 5389 1409 5444 dicimus
1432 5388 1821 5460 sacerdotem.

174 5461 273 5515 Hic
304 5476 448 5527 ergo
481 5460 909 5516 Melchisedech
938 5459 1269 5529 praecursor
1301 5459 1579 5530 apparuit
1610 5459 1821 5513 sacrati

172 5532 353 5587 futuri
384 5532 506 5586 Filii
540 5534 660 5597 Dei,
704 5533 849 5601 quia
900 5532 1178 5601 praecedit
1219 5531 1294 5585 ad
1331 5530 1693 5601 obsequium
1722 5531 1824 5601 qui

170 5604 383 5658 ordine
411 5619 688 5674 sequens.
726 5607 846 5658 Non
872 5619 1013 5671 ergo
1037 5602 1393 5674 admiranda
1422 5607 1713 5672 suntquae
1740 5602 1821 5656 di-

168 5677 373 5730 ximus
406 5675 478 5729 de
496 5672 951 5740 Melchisedech,
997 5672 1240 5745 quando
1266 5672 1567 5745 Scriptura
1590 5674 1666 5727 ad
1689 5688 1824 5745 con-

170 5746 471 5803 fusionem
502 5747 974 5819 obstrepentium
1005 5743 1138 5817 plus
1168 5743 1355 5800 addat
1373 5748 1427 5799 et
1468 5743 1649 5801 dicat.
1684 5744 1824 5801 Post

1731 212 2108 269 APPENDIX.

3468 215 3608 271 2330
3634 180 3645 195 ⁸

1952 337 2157 393 omnia
2191 336 2350 392 enim
2382 336 2558 393 laude
2587 338 2790 407 digna,
2817 346 2879 393 ut
2908 337 3241 394 confundat
3275 339 3602 397 malevolos

1955 410 2035 464 ait
2068 426 2081 463 :
2116 409 2411 482 Simitatus
2434 417 2612 482 autem
2645 411 2792 465 Filio
2816 411 2918 466 Dei
2945 418 3120 464 manet
3150 410 3395 465 sacerdos
3410 413 3469 465 in
3480 429 3600 482 per-

1952 488 2191 550 petuum.
2225 480 2360 535 Jain
2396 480 2527 534 vide
2575 481 2649 535 de
2680 498 2801 552 quo
2837 484 2989 536 male
3020 484 3237 536 sentire
3265 480 3598 551 contendis,

1952 557 2007 606 et
2038 552 2083 604 si
2112 553 2270 607 hunc
2299 567 2414 606 non
2451 554 2683 616 vereris,
2712 553 2799 607 vel
2828 554 3119 608 Christum
3148 558 3362 616 metue,
3394 556 3485 607 cui
3519 554 3601 608 si-

1956 622 2110 676 milis
2148 624 2465 692 Scripturaa
2512 625 2859 678 auctoritate
2889 624 3158 679 refertur.
3192 627 3297 677 Per
3327 624 3597 680 ordinem

1952 693 2113 748 enim
2143 695 2429 765 paulatim
2461 694 2537 748 ad
2567 696 2835 749 naturale
2867 695 2992 764 ejus
3022 696 3296 749 meritum
3333 698 3511 759 venit,
3543 702 3604 751 ut

1953 766 1998 819 si
2026 781 2179 836 quos
2212 766 2365 819 dicta
2396 768 2703 835 superiora
2738 772 3065 829 moverent,
3099 766 3321 835 quibus
3351 782 3453 821 rex
3482 768 3604 835 jus-

1950 836 2089 890 titiee
2109 843 2163 890 et
2196 838 2357 907 pacis
2386 837 2753 906 significatus
2772 844 2876 901 est,
2899 843 2951 891 et
2972 838 3115 907 quia
3144 837 3202 890 in
3235 852 3413 892 carne
3438 838 3599 892 visus

1953 923 2145 978 neque
2161 916 2406 977 patrem,
2425 923 2617 978 neque
2642 916 2892 963 matrem
2926 907 3155 973 habuit,
3182 908 3293 962 hoc
3316 914 3406 963 est
3435 909 3603 976 inge-

1954 980 2110 1033 nitus
2150 981 2447 1050 apparuit,
2483 995 2676 1050 neque
2708 986 2926 1043 ortum,
2968 995 3160 1049 neque
3192 994 3475 1034 occasum
3502 980 3606 1034 ha~

1953 1051 2103 1104 hens
2141 1065 2248 1113 ;ex
2288 1050 2359 1105 iis
2394 1066 2526 1121 quae
2563 1052 2769 1105 ultima
2813 1050 3089 1120 subjecit,
3121 1050 3429 1120 superiora
3477 1066 3605 1105 cre-

1952 1121 2162 1175 dibilia
2188 1121 2641 1176 demonstraret.
2672 1122 2809 1186 Quis
2829 1123 2986 1176 enirn
3020 1121 3240 1176 audeat
3268 1122 3464 1175 dicere
3490 1122 3603 1176 nisi

1954 1208 2234 1255 vesanus,
2270 1192 2395 1246 haec
2422 1192 2625 1247 omnia
2655 1209 2789 1263 quae
2822 1192 3102 1248 sublimia
3133 1193 3291 1247 dicta
3322 1198 3479 1257 sunt,
3514 1192 3606 1247 in-

1952 1278 2218 1331 congrua
2247 1279 2378 1317 esse
2402 1262 2480 1316 illi
2503 1265 2605 1333 qui
2624 1262 2719 1317 Dei
2738 1264 2878 1318 Filio
2897 1264 3106 1318 similis
3119 1264 3471 1332 designatus
3494 1269 3604 1327 est,

1954 1349 2207 1388 manens
2236 1333 2514 1388 sacerdos
2534 1335 2593 1387 in
2617 1341 2969 1404 perpetuum
2994 1335 3021 1389 ?
3042 1334 3263 1390 Similis
3287 1338 3487 1389 autem
3506 1335 3606 1391 Dei

1959 1405 2099 1459 Filio
2130 1420 2250 1459 non
2283 1411 2474 1475 potest
2520 1421 2668 1469 esse,
2705 1406 2818 1459 nisi
2843 1406 2915 1459 sit
2952 1406 3219 1473 ejusdem
3260 1412 3507 1461 natura.
3542 1409 3607 1461 Et

1953 1477 2099 1548 quid
2128 1475 2470 1530 incredibile
2501 1476 2749 1539 videtur,
2782 1476 2830 1530 si
2865 1476 3288 1530 Melchisedech
3330 1483 3392 1531 ut
3419 1477 3605 1531 homo

1954 1548 2251 1619 apparuit,
2281 1564 2418 1602 cum
2458 1548 2817 1615 intellagitur
2846 1548 3013 1601 tertia
3039 1563 3166 1601 esse
3194 1563 3446 1619 persona
3478 1549 3505 1604 ?
3546 1548 3604 1602 Si

1953 1622 2107 1673 enim
2144 1618 2524 1688 Christnsqui
2556 1620 2823 1673 secunda
2853 1633 3115 1688 persona
3136 1624 3244 1682 est,
3266 1618 3606 1688 frequenter

1955 1690 2115 1744 visus
2145 1697 2230 1745 est
2261 1689 2319 1744 in
2349 1690 2555 1744 habitu
2590 1689 2871 1748 hominis,
2908 1690 3049 1759 quid
3085 1689 3500 1757 ambigiturde
3533 1689 3605 1744 iis

1951 1777 2086 1829 quae
2129 1761 2288 1816 dicta
2317 1761 2507 1815 sunt?
2530 1762 2809 1827 Legimus
2834 1762 3051 1815 etenim
3084 1760 3141 1814 in
3167 1761 3403 1815 Psalmo
3434 1762 3602 1829 quia,

1956 1833 2035 1887 Tu
2063 1849 2132 1897 es,
2149 1832 2355 1903 inquit,
2390 1832 2640 1887 sacerdos
2666 1832 2722 1885 in
2745 1838 3030 1896 wternum,
3052 1832 3337 1886 secundum
3360 1831 3605 1885 ordinem

1950 1904 2322 1959 Melchisedech
2355 1903 2522 1973 (Psat.
2552 1920 2663 1968 cxx,
2708 1906 2783 1974 4).
2822 1905 2939 1957 Hoc
2985 1918 3163 1957 nemo
3192 1908 3461 1974 nostrum
3487 1903 3608 1974 Vdu-

1951 1975 2099 2030 bitat
2130 1976 2208 2029 ad
2250 1975 2455 2029 Christi
2492 1976 2782 2044 pertinere
2834 1989 3182 2045 personam,
3213 1973 3357 2044 quia
3388 1973 3605 2028 eodem

1950 2061 2166 2115 genere
2200 2046 2479 2101 sacerdos
2510 2050 2598 2099 est
2631 2045 2900 2101 Christus
2948 2045 3003 2099 in
3054 2050 3364 2110 aeternum,
3395 2060 3518 2115 quo
3549 2050 3605 2100 et

1954 2116 2403 2172 Melchisedech.
2440 2116 2550 2172 Sed
2586 2132 2862 2171 summus
2883 2115 3166 2171 sacerdos
3198 2116 3460 2171 Christus
3491 2121 3601 2180 est,

1950 2189 2375 2245 Melchisedech
2408 2187 2730 2242 secundus.
2785 2190 2931 2242 Nam
2956 2188 3013 2241 si
3046 2187 3228 2242 homo
3261 2192 3348 2241 est
3376 2186 3605 2243 Melchi-

1951 2260 2193 2323 sedech,
2236 2258 2545 2330 quomodo
2576 2258 2851 2313 convenit
2879 2265 2939 2311 ut
2969 2259 3299 2330 secundum
3328 2258 3600 2330 ordinem

1948 2332 2079 2402 ejus
2111 2329 2374 2402 Christus
2407 2330 2683 2385 sacerdos
2716 2330 2861 2402 sitin
2889 2334 3176 2402 aeternum
3198 2329 3226 2381 ε)
3253 2329 3382 2383 Jam
3416 2329 3600 2402 ambo

1949 2400 2170 2457 similes
2199 2418 2326 2457 esse
2354 2401 2646 2471 leguntur,
2680 2404 2736 2455 et
2762 2401 2937 2455 unius
2954 2414 3087 2455 esse
3111 2400 3598 2471 dispensationis,

1949 2474 2094 2544 quia
2123 2475 2295 2527 unius
2325 2470 2462 2527 sunt
2494 2479 2549 2527 et
2581 2478 2833 2526 naturae.
2875 2473 3170 2544 Quoniam
3201 2470 3600 2544 autcmomni

1950 2541 2771 2600 modouninsDeiauctoritas
2802 2542 3215 2597 conservanda
3242 2546 3348 2605 est,
3378 2541 3601 2596 idcirco

1949 2630 2006 2670 et
2038 2616 2210 2670 tertia
2234 2631 2491 2685 persona
2522 2614 3097 2684 subjiciturpaterno
3126 2612 3377 2668 nomini.
3404 2611 3635 2685 Chris-l

1950 2691 2043 2741 tus
2074 2672 2273 2741 autem
2301 2685 2555 2740 vicarius
2580 2672 2764 2740 Patris
2786 2672 2872 2739 esi
2898 2692 2952 2738 et
2973 2686 3239 2747 antistes,
3262 2700 3332 2740 ac
3360 2701 3465 2754 per
3484 2685 3600 2739 hoc
3630 2672 3637 2731 ἓ

1948 2758 2163 2812 dicitur
2202 2763 2257 2811 et
2300 2756 2603 2812 sacerdos.
2659 2756 2933 2817 Similiter
2958 2763 3012 2810 et
3059 2756 3314 2826 Spiritus
3359 2760 3600 2810 sanctus
3628 2754 3631 2825 ί

1947 2829 2125 2901 quasi
2156 2828 2423 2891 antistes,
2454 2827 2735 2901 sacerdos
2757 2827 3094 2901 appellatus
3122 2832 3211 2882 est
3235 2826 3450 2881 excelsi
3475 2826 3595 2889 Dei,
3626 2838 3636 2900 ι

1948 2898 2071 2955 non
2098 2915 2393 2961 summus,
2418 2900 2567 2954 sicut
2587 2899 2768 2953 nostri
2788 2899 2847 2953 in
2865 2898 3595 2961 oblationejraesumunt.
3632 2934 3635 2959 χ

1949 2972 2097 3037 Quia
2123 2957 2592 3041 quamvisunius
2617 2972 2690 3041 sit
2715 2957 3357 3041 substanlmstus
3384 2974 3439 3023 et
3458 2967 3596 3039 Spi-

1948 3044 2095 3097 ritus
2119 3040 2381 3105 sanctus,
2406 3040 2880 3111 uniuscujusque
2898 3045 3093 3095 tamen
3113 3040 3261 3095 ordo
3276 3042 3600 3095 observan-

1949 3113 2063 3167 dus
2093 3117 2200 3166 est.
2226 3113 2571 3167 Sacerdotes
2610 3110 2899 3179 igitnr’vel
2927 3111 3104 3178 legati
3134 3112 3267 3166 ideo
3298 3111 3593 3175 dicuntur,

1949 3185 2092 3255 quia
2140 3182 2304 3237 illum
2353 3182 2421 3255 in
2474 3199 2567 3255 se_
2597 3181 2921 3255 ostendunt
2960 3182 3131 3255 cujus
3180 3182 3375 3255 legati
3413 3187 3595 3236 sunt:

1950 3251 2087 3309 s'unt
2115 3254 2333 3308 etenim
2373 3253 2503 3323 ejus
2556 3253 2777 3323 imago.
2816 3254 2896 3323 Ac
2926 3267 3041 3323 per
3080 3252 3193 3306 hoc
3223 3251 3510 3323 Christus
3541 3256 3599 3306 et

1950 3326 2195 3396 Spiritus
2215 3321 2458 3379 sanctus
2477 3322 2824 3378 naturaliter
2836 3321 3122 3396 habentes
3138 3321 3234 3375 Dei
3250 3322 3595 3396 imaginem,

1949 3392 2289 3453 sacerdotes
2320 3396 2448 3465 ejus
2480 3396 2775 3449 dicuntur.
2809 3397 2867 3448 ln
2899 3394 3043 3465 ipsis
3072 3395 3306 3447 videtur
3336 3393 3506 3465 Dens,
3528 3392 3600 3446 si-

1951 3486 1978 3522 c
1990 3474 2047 3523 ut
2061 3469 2200 3522 dicit
2220 3463 2524 3530 Dominus,
2542 3466 2737 3530 Quime
2755 3463 3079 3529 videtfvidet
3105 3472 3154 3519 et
3167 3465 3385 3519 Patrem
3407 3463 3593 3534 (Joan.

1947 3556 2056 3598 xw.
2078 3540 2154 3609 9).
2189 3541 2248 3592 Et
2283 3539 2330 3591 si
2353 3538 2411 3592 in
2438 3536 2754 3609 gentisDei
2786 3537 2944 3590 visus
2967 3542 3053 3590 est
3083 3536 3394 3609 Dominus,
3429 3540 3595 3609 ge_sta

1946 3605 2142 3665 autem
2180 3605 2649 3677 Spiritus'sancti
2683 3613 2823 3661 sunt
2858 3624 3061 3678 opera,
3093 3605 3461 3673 signiﬁcante
3487 3606 3602 3678 Do-

1943 3683 2132 3745 mino,
2158 3681 2298 3746 Quia
2324 3697 2448 3749 ergo
2468 3681 2525 3733 in
2547 3679 2763 3749 Spiritu
2784 3678 2885 3733 Dei
2905 3677 3068 3748 ’ejicio
3094 3678 3361 3732 daemonia
3378 3677 3597 3749 (Matth.

1942 3770 2040 3817 xu,
2064 3754 2155 3821 28)
2189 3766 2210 3817 ,·
2233 3758 2288 3806 et
2314 3753 2373 3805 in
2408 3750 2631 3821 Spiritu
2665 3756 2873 3804 sancto
2910 3750 3072 3804 visus
3094 3756 3179 3804 est
3203 3749 3382 3803 Deus.

2493 3838 2558 3875 DE
2596 3837 2810 3876 PSALMO
2850 3836 3038 3875 PRIMO.

2010 3894 2091 3949 CX
2122 3892 2214 3963 (a).
2246 3925 2313 3932 —
2332 3893 2532 3947 Beatus
2560 3892 2645 3947 vir
2669 3893 2769 3963 qui
2795 3893 2855 3947 in
2881 3893 2971 3945 via
3001 3898 3338 3963 peccatorum
3367 3907 3473 3946 non
3497 3894 3600 3963 ste-

1942 3965 2026 4020 tit.
2060 3962 2339 4021 Siautem
2374 3965 2612 4023 steterit.
2643 3962 2761 4018 non
2794 3965 2919 4032 jam
2951 3962 3183 4028 beatus,
3213 3963 3317 4018 sed
3348 3979 3485 4018 reus
3512 3962 3599 4017 di-

1939 4052 2094 4105 gnus
2122 4035 2331 4106 plagis.
2353 4036 2436 4090 Ad
2457 4034 2935 4091 emendationem
2965 4036 3122 4090 enim
3148 4034 3415 4106 aliquam
3441 4034 3600 4089 vide-

1940 4114 2033 4163 tur
2063 4108 2282 4179 habere
2313 4124 2504 4178 spem,
2533 4108 2673 4179 quia
2723 4123 2844 4161 non
2894 4107 3273 4179 impiusssed
3304 4109 3600 4179 peccator

1940 4185 2047 4233 est.
2093 4178 2153 4233 Si
2189 4176 2389 4235 autem
2424 4176 2577 4233 unus
2619 4179 2787 4233 fuerit
2822 4179 2923 4250 qui
2958 4176 3062 4233 non
3104 4176 3346 4250 abiit‘in
3375 4176 3598 4250 consilio

1938 4251 2252 4326 impiorum,
2282 4258 2332 4305 et
2361 4253 2419 4304 in
2452 4250 2535 4326 via
2566 4247 2901 4326 peccatorum
2928 4266 3031 4303 non
3060 4247 3470 4326 stetit,duplici
3493 4260 3597 4326 ge-

1940 4317 2078 4376 nere
2105 4322 2313 4376 beatus
2344 4328 2452 4376 est.
2488 4317 2600 4376 Nec
2626 4322 2785 4375 enim
2815 4326 3005 4389 potest
3036 4335 3164 4373 esse
3198 4319 3427 4382 beatus,
3458 4317 3507 4371 si
3538 4317 3596 4371 in

1937 4393 2253 4447 consilium
2280 4400 2662 4463 peccatorum
2682 4407 2799 4444 non
2815 4397 2927 4452 eat.
2944 4400 2997 4443 et
3022 4390 3078 4444 in
3101 4391 3194 4445 via
3217 4394 3596 4463 peccatorum

1939 4468 2078 4529 stet;
2102 4465 2246 4535 quia
2273 4459 2317 4517 si
2347 4479 2464 4535 non
2497 4462 3044 4535 perditioni,pcen§e
3076 4459 3595 4535 tamenobnoxius

1938 4540 2042 4589 est.
2077 4530 2296 4589 Dehinc
2344 4530 2577 4603 adjeCit,
2612 4533 2683 4587 Et
2728 4534 2787 4586 in
2825 4530 3083 4586 cathedra
3121 4530 3597 4603 pestilentiwunon

1935 4606 2090 4660 sedit.
2125 4608 2283 4660 Hanc
2314 4600 2454 4658 dicit
2486 4604 2916 4659 beatitudinem
2948 4619 3097 4667 esse,
3124 4600 3261 4675 quae
3288 4602 3378 4657 his
3404 4600 3595 4675 tribus

1939 4677 2227 4745 gradibus
2251 4682 2568 4737 constat,et
2593 4675 2800 4745 triplici
2827 4675 3055 4729 ratione
3081 4673 3346 4729 munitur
3368 4689 3381 4739 ;
3404 4673 3461 4727 id
3486 4677 3593 4741 est,

1940 4744 2003 4802 ut
2034 4764 2226 4817 neque
2273 4747 2331 4802 in
2373 4744 2691 4801 consilium
2726 4746 3049 4815 impiorum
3083 4751 3270 4808 eatur,
3308 4759 3501 4817 neque
3529 4744 3598 4817 in

1938 4820 2033 4873 via
2051 4815 2425 4889 peccatorum
2440 4822 2641 4880 stetur.
2660 4833 2852 4889 neque
2873 4818 2928 4871 in
2950 4817 3226 4872 cathedra
3248 4815 3597 4889 pestilentia

1939 4887 2237 4945 sedeatur.
2272 4890 2381 4947 Sed
2430 4906 2564 4944 cum
2599 4890 2720 4943 duo
2754 4887 2969 4957 genera
3003 4895 3230 4943 tantum
3263 4887 3598 4943 habeantur

1936 4962 2259 5031 impiorum
2280 4967 2333 5017 et
2350 4967 2753 5030 peccatorum,
2771 4961 2827 5015 in
2843 4958 3374 5031 comprehensione
3387 4973 3597 5031 eorum

1935 5030 2071 5104 quia
2103 5050 2282 5104 supra
2312 5038 2645 5087 memorata
2672 5038 2830 5094 sunt,
2861 5031 2974 5104 hoc
3002 5031 3234 5104 tertium
3269 5031 3362 5104 cui
3395 5030 3595 5104 generi

1938 5100 2199 5158 adscribi
2231 5104 2431 5168 voluit,
2453 5104 2613 5172 quod
2643 5104 2878 5172 adjecit,
2908 5103 3133 5165 dicens,
3159 5102 3229 5156 Et
3263 5102 3321 5155 in
3340 5100 3601 5172 cathedra

1935 5176 2257 5254 pestilentiae
2287 5192 2392 5228 non
2419 5171 2596 5254 sedit_;
2624 5171 3049 5254 impioru‘mne,
3070 5188 3146 5227 an
3176 5178 3556 5254 peccatorum
3574 5171 3604 5223 ?

1937 5243 2052 5301 Sed
2094 5246 2406 5300 videamus
2436 5245 2582 5315 quid
2614 5247 2686 5300 sit
2715 5243 2774 5299 in
2808 5244 3091 5299 cathedra
3123 5243 3472 5315 pestilentiae
3505 5257 3599 5297 se-

1936 5317 2091 5382 dere,
2121 5324 2172 5371 et
2197 5322 2337 5371 tunc
2368 5314 2472 5371 cui
2495 5316 2696 5380 generi
2724 5317 2838 5371 hoc
2856 5315 3156 5370 adscribat
3181 5314 3594 5384 intelligemus.

1937 5391 2096 5443 Hanc
2117 5388 2373 5443 dicimus
2400 5388 2747 5443 cathedram
2767 5386 3136 5458 pestilentias,
3152 5401 3287 5457 quas
3309 5392 3474 5458 extra
3498 5385 3598 5440 Dei

1934 5458 2369 5514 ordinationem
2404 5466 2510 5523 est,
2541 5458 2616 5513 ad
2648 5457 2990 5527 hoc’utique
3024 5458 3367 5521 inventa,ut
3390 5457 3599 5527 iniqua

1933 5532 2070 5585 inde
2094 5529 2550 5600 exeantjndicia
2570 5547 2580 5583 :
2601 5535 2913 5600 propterea
2937 5527 3287 5600 pestilentiae
3315 5527 3598 5584 cathedra

1934 5602 2090 5657 dicta
2122 5609 2228 5667 est,
2256 5601 2398 5673 quia
2429 5608 2514 5656 est
2546 5599 2846 5672 corruptio
2878 5616 3014 5672 quae
3047 5599 3202 5671 parit
3231 5599 3597 5664 mortem,si—

3634 2894 3643 2949 l

3630 3002 3640 3043 ι

1990 5753 2061 5815 (a)
2096 5752 2330 5813 Quaestio
2354 5752 2468 5803 haec
2497 5752 2647 5802 deest
2670 5751 2724 5801 in
2754 5750 2879 5801 Mss.
2910 5749 3134 5803 secundi
3159 5750 3389 5815 generis.
