4158 6204
643 149 787 207 2335

647 289 850 337 χχχιιι,
882 271 1091 342 20)?Si
1123 286 1264 344 ergo
1295 276 1351 328 et
1374 275 1603 344 Moyses
1631 271 1843 344 faciem
1872 271 1973 328 Dei
2005 273 2297 344 quaesivit,

650 351 705 401 et
733 345 934 400 videre
965 359 1085 399 non
1120 343 1343 414 potuit;
1372 343 1590 400 frustra
1617 343 1674 397 hi
1704 359 1973 414 quaerere
1997 343 2299 409 dicuntur,

648 418 793 489 quia
826 416 1094 489 meliores
1130 418 1475 489 Moysenon
1508 422 1665 489 sunt.
1717 415 2050 489 Sedinemo
2085 415 2301 489 (rustra

649 487 862 544 faciem
892 488 994 542 Dei
1024 503 1287 558 quaerere
1314 487 1601 541 dicendus
1632 488 1903 557 est;quia
1932 488 2065 541 ideo
2088 487 2298 542 faciem

652 562 751 616 Dei
800 560 1078 614 dicuntur
1116 574 1404 629 quaerere,
1442 564 1501 611 ut
1536 558 1772 621 sciatur,
1804 574 1984 629 quem
2025 564 2302 629 quaerunt

645 631 791 703 quia
821 630 987 699 digni
1019 640 1155 683 sunt
1184 636 1240 703 et
1272 630 1489 703 videre.
1521 630 1726 703 Omnis
1755 630 1914 703 enim
1953 636 2056 703 qui
2084 632 2301 701 quaeri-

649 700 1352 772 t‘ur,tunccognoscitursi
1371 700 1545 755 facies
1559 700 1688 771 ejus
1718 700 2007 755 videatur.
2025 700 2134 755 Sed
2154 718 2299 772 quo-

651 774 814 829 niam
838 789 873 827 a
900 772 1255 843 mortalibus
1284 771 1463 826 facies
1498 773 1596 825 Dei
1629 772 1811 826 videri
1843 787 1963 826 non
1996 771 2299 843 potest,si-

649 845 947 914 gniﬁcatio
963 845 1089 898 haec
1114 859 1218 913 pro
1236 842 1515 914 facierest,
1532 859 1669 897 cum
1688 844 1917 905 dicitur,
1932 842 2296 899 DeusJacob.

650 913 985 987 Diapsalma.
1020 916 1362 985 Diapsalma
1391 913 1501 969 hoc
1528 915 1751 987 inloco
1778 930 2050 986 personae
2078 915 2300 987 signiﬁe

650 994 746 1043 cat
764 985 1192 1042 mutationem.
1219 989 1353 1040 Post
1382 987 1541 1040 enim
1572 985 1672 1041 illa
1701 985 1836 1056 quae
1879 990 1955 1039 ad
1991 989 2169 1039 Patris
2202 986 2299 1040 Dei

648 1074 969 1130 personam
1000 1058 1311 1129 pertinent,
1348 1057 1754 1130 subjungitea
1779 1073 1915 1127 quae
1942 1058 2016 1111 ad
2045 1056 2169 1111 Filii
2202 1058 2299 1112 Dei

648 1127 944 1202 pertinent
976 1127 1443 1202 sacramentum,
1476 1136 1535 1181 ut
1565 1127 1713 1202 ordo
1743 1130 1968 1197 integer
1992 1143 2300 1183 conserve-

648 1200 740 1257 tur
772 1200 953 1256 Patris
981 1206 1031 1255 et
1064 1200 1205 1254 Filii.
1225 1201 1373 1254 Nam
1407 1203 1545 1253 data
1568 1206 1655 1253 est
1687 1200 1796 1254 Lex
1826 1215 1930 1269 per
1960 1202 2220 1270 Moysen,
2241 1206 2300 1255 ut

646 1274 820 1345 quasi
845 1272 1213 1345 paedagogus
1227 1278 1381 1345 esset
1399 1270 1763 1345 hominibus,
1781 1270 2057 1345 erudiens
2083 1275 2140 1324 et
2156 1287 2300 1345 prae-

647 1342 870 1416 parans
896 1360 997 1416 eos
1029 1344 1312 1416 magistra
1334 1342 1659 1416 justitia_,ut
1679 1342 1841 1416 digni
1864 1342 2071 1416 tierent
2100 1342 2176 1416 ad
2205 1358 2298 1416 ex-

647 1413 941 1486 piandum
970 1414 1045 1484 (a)
1081 1413 1571 1486 annumiDomAini
1598 1413 2296 1486 etdiemretributionis;

650 1483 837 1556 utqui
872 1483 987 1539 sub
1014 1501 1119 1555 spe
1150 1485 1327 1539 futuri
1357 1484 1567 1538 Christi
1598 1484 1803 1537 ﬁdeles
1836 1483 2299 1556 fuissent,susci-

648 1554 855 1627 pereat
884 1554 1125 1620 eum,’et
1151 1563 1391 1627 possent
1420 1556 1561 1609 Adae
1592 1563 1898 1625 peccatum
1926 1554 2299 1623 effugere,de

652 1628 778 1682 suis
810 1628 1024 1691 securi,
1044 1629 1186 1696 quia
1217 1627 1507 1682 adventus
1530 1627 1660 1697 ejus
1686 1642 1861 1698 quem
1890 1630 2296 1697 speraverunt,

648 1698 897 1754 daturus
927 1706 1083 1753 esset
1112 1698 1224 1752 illis
1260 1697 1727 1752 misericordiam
1761 1699 1834 1752 de
1878 1699 1947 1769 iis
1979 1699 2037 1751 in
2079 1697 2298 1769 quibus

647 1770 999 1841 subreptum
1033 1775 1122 1823 est
1152 1769 1261 1823 illis
1296 1779 1356 1823 ut
1382 1770 1813 1841 delinquerent.
1857 1768 1981 1823 Hoc
2011 1768 2105 1823 est
2131 1768 2295 1841 quod

649 1840 926 1912 superius
953 1842 1327 1912 memoravit,
1349 1840 1576 1904 dicens,
1594 1840 1839 1912 Accipiet
1866 1840 2297 1894 misericordiam

644 1930 679 1965 a
708 1911 817 1967 Deo
841 1912 1077 1967 salutari
1107 1929 1218 1965 suo.
1255 1911 1401 1965 Dicit
1426 1926 1565 1979 ergo
1596 1928 1607 1965 :
1643 1911 1839 1969 Tollite
1863 1919 2061 1981 portas,
2082 1912 2293 1981 princi-

638 2000 753 2054 pes,
790 1991 1007 2038 vestras.
1037 1986 1166 2037 Haec
1190 1998 1301 2035 vox
1332 1990 1672 2037 sanctorum
1706 1987 1795 2035 est
1826 1983 2297 2054 Angelorum,de

692 2056 867 2109 uibus
898 2055 1039 2108 dicit
1070 2055 1125 2107 in
1162 2054 1498 2125 Evangelio,
1533 2054 1675 2125 quia
1703 2061 2055 2117 accesserunt,
2084 2053 2295 2125 inquit,

700 2069 867 2109 uibus
898 2069 1039 2108 dicit
1070 2070 1125 2107 in
1163 2069 1498 2121 evangelio,
1533 2069 1675 2178 Ἡ]ιᾶ
1703 2069 2055 2117 accesserunt,
2084 2069 2295 2125 inquit,

700 2126 865 2196 ngeli,
900 2132 950 2180 et
998 2124 1386 2179 ministrabant
1416 2125 1468 2178 ei
1516 2125 1534 2194 (
1600 2125 1739 2179 atth.
1782 2140 1861 2192 1v,
1899 2125 2002 2195 lt).
2046 2124 2107 2179 Hi
2155 2140 2296 2193 ergo

645 2195 854 2277 dicunt
901 2197 977 2277 ad
1018 2196 1318 2277 principes
1357 2201 1418 2277 et
1460 2202 1777 2277 potestates
1808 2195 2294 2277 ad‘VE‘BI‘SU‘S-‘qIIIOS

646 2269 823 2323 nobis
852 2266 1328 2323 colluctationem
1362 2266 1503 2321 dicit
1542 2282 1672 2321 esse
1712 2267 2030 2338 Apostolus
2061 2266 2285 2337 (Ephes.

644 2354 725 2405 vi,
746 2340 932 2410 l2),ut
958 2339 1160 2394 tollant
1180 2344 1380 2409 portas
1410 2339 1693 2410 principis
1725 2339 1910 2403 sui,id
1935 2344 2022 2393 est
2046 2338 2291 2402 diaboli,

646 2412 850 2482 quiest
872 2412 1151 2481 princeps
1175 2410 1512 2481 principum
1528 2410 1585 2464 in
1600 2426 1795 2464 errore
1817 2411 2292 2482 constitutorum,

643 2480 751 2553 per
780 2480 931 2552 quas
962 2480 1159 2553 ituriin
1192 2482 1551 2550 gehennam.
1581 2482 1680 2535 Hae
1712 2488 1915 2553 porta;
1932 2480 2182 2553 perfidia
2202 2488 2295 2553 est

644 2551 701 2607 et
730 2551 963 2608 fallacia
998 2552 1366 2624 idololatriae.
1404 2555 1467 2607 Et
1510 2551 1776 2624 sequitur
1808 2572 1836 2624 :4
1868 2552 1946 2624 Et
1987 2551 2290 2616 elevamini,

641 2630 816 2694 porta:
845 2624 1146 2680 eternales.
1181 2623 1346 2679 Fides
1376 2630 1433 2677 et
1467 2622 1612 2695 spes
1632 2640 1766 2676 cum
1792 2622 2076 2677 charitate
2108 2630 2292 2692 portae

646 2702 786 2751 sunt
810 2696 1139 2762 aaternales,
1174 2695 1316 2765 quia
1348 2710 1465 2749 non
1513 2700 1707 2765 potest
1738 2695 1959 2748 aboleri
1991 2694 2153 2763 quod
2190 2710 2293 2765 per

643 2769 953 2822 veritatem
986 2764 1361 2833 praedicatur.
1400 2764 1737 2820 lllaa'autem
1767 2771 2141 2835 portte,qnas
2169 2764 2289 2818 dixi

642 2838 956 2908 perﬁdiam
991 2853 1118 2891 esse
1156 2842 1213 2891 et
1251 2836 1545 2908 fallaciam
1582 2836 1895 2901 idolorum,
1931 2837 2289 2906 temporales

640 2907 799 2981 sunt,
831 2911 975 2981 quia
1002 2924 1179 2981 omne
1212 2907 1593 2981 mendacium
1624 2922 1743 2961 non
1772 2908 2292 2981 permanet.Mani-

640 2978 1030 3036 festata'enim
1055 2979 1296 3035 veritate
1316 2978 1595 3033 interibit.
1616 2981 1907 3033 Docentur
1928 2994 2069 3047 ergo
2100 2985 2160 3033 ut
2188 2978 2289 3033 tol-

638 3050 765 3107 lant
778 3058 978 3124 portas
991 3050 1275 3123 principis
1296 3050 1389 3104 sui
1409 3051 1810 3124 tenebrarum,
1828 3051 1883 3124 id
1900 3054 2289 3124 est,utamoto

639 3120 966 3178 multorum
992 3120 1248 3179 deorum
1274 3137 1489 3187 errore,
1514 3120 1693 3176 unius
1720 3122 1817 3176 Dei
1847 3121 1994 3175 ﬁdes
2027 3121 2290 3176 introdu-

638 3199 808 3249 catur
828 3195 888 3250 in
917 3195 1166 3251 Christo.
1186 3196 1302 3249 Hoc
1323 3198 1407 3249 est
1428 3193 1592 3265 quod
1620 3209 1682 3247 se
1704 3192 2019 3265 Apostolus
2040 3194 2288 3265 edocere

638 3266 890 3322 missum
912 3271 1179 3331 testatur,
1197 3271 1257 3320 ut
1278 3280 1396 3320 non
1416 3264 1609 3319 solum
1629 3264 1903 3319 ostendat
1922 3264 2285 3327 hominibus,

640 3338 746 3419 sed
774 3338 1144 3419 priqcipibus
1172 3342 1229 3415 et
1254 3335 1649 3419 pqt‘esta-tiblu's'
1672 3334 1729 3388 in
1757 3335 2094 3419 caelestibus
2129 3351 2286 3419 mys-

638 3405 849 3465 terium
888 3405 983 3464 Dei
1014 3409 1189 3463 unius
1221 3405 1277 3461 in
1307 3406 1535 3461 Christo
1563 3405 1669 3468 (Id.
1704 3421 1780 3468 in,
1815 3407 1981 3473 8-12).
2004 3409 2068 3459 Et
2094 3407 2289 3476 subje-

639 3480 719 3536 cit
747 3496 759 3535 :
792 3481 864 3535 Et
892 3480 1142 3535 introibit
1169 3494 1267 3531 rex
1290 3478 1507 3547 gloriae.
1527 3476 1840 3531 Tollendas
1871 3477 2013 3531 dicit
2040 3476 2283 3531 fallaces

638 3558 842 3623 portas
860 3552 1083 3607 diaboli
1098 3549 1420 3623 subtilitate
1438 3548 1820 3623 compositas,
1836 3564 1972 3623 qua:
1991 3554 2129 3623 sunt
2148 3564 2292 3619 pra:-

641 3618 927 3694 sumptio,
945 3639 1049 3694 per
1068 3637 1251 3692 quam
1276 3620 1455 3694 deum
1485 3635 1545 3673 se
1566 3618 1943 3694 existimavit,
1961 3626 2022 3673 ut
2040 3618 2292 3674 introeat

640 3709 743 3748 rex
776 3690 998 3762 gloriae,
1020 3690 1121 3764 qui
1153 3696 1241 3746 est
1271 3690 1726 3764 ChristusJesus
1758 3691 2287 3764 Dominusnoster.

638 3764 863 3819 Nullius
881 3762 1322 3818 enim'mentem
1345 3764 1441 3817 Dei
1470 3762 1619 3816 fides
1645 3762 1993 3830 ingreditur,
2013 3762 2125 3815 nisi
2150 3762 2292 3816 tule-

636 3836 713 3889 rit
739 3852 775 3890 a
805 3850 866 3889 se
897 3851 1154 3889 errorem
1185 3834 1405 3889 diaboli
1440 3834 1929 3903 prawaricatione
1960 3834 2287 3887 inventum.

638 3907 705 3976 Et
734 3906 1037 3976 principes
1065 3920 1244 3976 supra
1269 3905 1579 3959 memorati
1608 3920 1723 3959 non
1760 3908 2011 3976 possunt
2033 3906 2089 3958 in
2116 3906 2289 3959 unius

635 3975 736 4029 Dei
768 3975 947 4031 fidem
980 3975 1271 4031 Christum
1318 3991 1519 4041 regem
1567 3978 1844 4045 recipere,
1881 3975 1989 4029 nisi
2025 3976 2291 4045 projece-

634 4046 755 4102 rint
776 4062 811 4101 a
840 4063 902 4102 se
931 4048 1304 4102 traditionem
1335 4062 1438 4117 per
1464 4062 1645 4115 quam
1679 4048 1775 4099 uni
1796 4047 1905 4117 Dei
1936 4047 2291 4116 importatur

639 4118 987 4190 calumnia;
1024 4134 1141 4173 non
1183 4116 1372 4172 solum
1414 4124 1664 4180 terrena,
1708 4116 1811 4171 sed
1851 4122 1908 4190 et
1936 4134 2007 4190 ea
2044 4133 2180 4188 quae
2230 4118 2287 4172 in

636 4188 977 4246 coelestibus
1007 4195 1292 4259 usurpata
1324 4194 1410 4243 est
1449 4204 1485 4242 a
1526 4189 1791 4259 principe
1825 4188 2161 4258 principum
2195 4206 2291 4244 sa-

636 4265 775 4318 tana
801 4263 977 4334 :quia
1006 4262 1119 4317 illic
1152 4258 1410 4334 errorem
1439 4258 1619 4334 quem
1653 4258 1802 4334 inter
1828 4274 1889 4313 se
1912 4260 2290 4334 conspirave-

636 4339 789 4397 runt,
810 4330 871 4389 ut
891 4340 1129 4388 auctore
1153 4331 1393 4386 diabolo
1416 4332 1562 4385 deos
1600 4346 1660 4384 se
1683 4330 1966 4395 dicerent,
1985 4331 2159 4384 etiam
2192 4331 2290 4386 hic

638 4406 697 4460 in
730 4410 883 4461 terra
912 4405 1435 4476 disposuerunt,_ut
1463 4402 1559 4456 hic
1589 4417 1757 4476 error;
1778 4401 1933 4476 illius
1959 4402 2169 4470 imago
2194 4404 2286 4458 sit.

640 4478 707 4532 Et
738 4473 1050 4547 sequitur:
1087 4474 1219 4540 Quis
1248 4481 1321 4529 est
1352 4474 1457 4528 iste
1487 4490 1585 4527 res;
1612 4473 1804 4547 gloriae
1827 4474 1854 4527 ?
1886 4475 1963 4527 Ne
2005 4489 2292 4544 superva-

638 4563 746 4603 cue
772 4545 915 4603 forte
945 4547 1241 4602 Christum
1273 4561 1473 4614 regem
1505 4545 1705 4611 gloriae
1738 4545 1931 4597 dicere
1962 4552 2287 4613 putaretur,

638 4618 1061 4698 interrogantis
1092 4620 1261 4698 ponit
1307 4632 1625 4698 personam
1661 4622 1714 4670 et
1753 4616 2024 4698 dicentis,
2057 4617 2187 4682 Quis
2212 4624 2289 4698 est

638 4688 740 4743 iste
770 4707 869 4744 rex
885 4690 1074 4760 gloriae
1098 4692 1124 4745 ?
1144 4687 1326 4753 Quasi
1352 4688 1679 4760 admiretur
1703 4687 2025 4760 autdoceri
2051 4705 2111 4741 se
2134 4689 2291 4754 velit,

638 4774 717 4813 an
743 4758 949 4814 verum
967 4767 1057 4815 est
1086 4766 1140 4815 et
1162 4761 1528 4826 condignum
1553 4759 1747 4812 dicere
1769 4758 2067 4813 Christum
2089 4775 2287 4824 regem

637 4830 859 4900 gloriae.
896 4833 960 4886 Et
992 4832 1125 4886 ideo
1152 4831 1589 4899 responderunt
1622 4830 1671 4882 ei
1706 4846 1717 4882 :
1756 4828 2017 4883 Dominus
2047 4831 2212 4898 [ortis
2241 4838 2287 4884 et

632 4899 838 4974 potens,
866 4902 1128 4958 Dominus
1149 4910 1330 4972 potens
1351 4904 1409 4955 in
1429 4900 1639 4974 praelia,
1658 4905 1718 4954 ut
1743 4901 1855 4974 hoc
1872 4899 2140 4974 subjecto
2168 4917 2287 4974 non

637 4972 819 5030 nudis
862 4974 1083 5039 verbis,
1133 4975 1235 5028 sed
1284 4989 1419 5028 cum
1464 4972 1800 5027 testimonio
1840 4987 2037 5042 regem
2090 4972 2288 5039 gloriae

640 5047 937 5103 Christum
969 5046 1320 5101 addisceret.
1350 5044 1546 5097 Virtus
1584 5044 1741 5097 enim
1775 5048 1829 5097 et
1863 5042 2125 5113 potentia
2167 5059 2289 5114 qua

634 5120 871 5189 subegit
903 5125 957 5173 et
987 5118 1199 5189 pressit
1243 5114 1551 5170 diabolum
1584 5130 1719 5189 cum
1754 5114 2118 5189 satellitibus
2138 5116 2285 5189 ejus,

634 5190 762 5246 htec
788 5186 1046 5246 ostendit
1078 5189 1242 5243 illum
1276 5203 1475 5255 regem
1505 5202 1633 5240 esse
1664 5186 1885 5257 gloriai.
1934 5188 1993 5240 Et
2026 5186 2233 5257 adjecit
2274 5204 2285 5240 :

635 5262 823 5317 Tollite
855 5268 1058 5330 portas,
1091 5260 1388 5330 principes,
1422 5264 1646 5330 vestras,
1682 5256 2073 5330 et_elevamini,
2118 5264 2286 5330 parte

637 5280 823 5317 ιοιιιιε
890 5280 1058 5324 ortas,
1091 5280 1388 5330 prmotpes,
1422 5280 1646 5320 vestras,
1682 5280 1727 5311 ει
1769 5280 2073 5320 ειευαπιιηι,
2118 5280 2286 5327 ροηδε

634 5280 949 5401 κίενηαῖἑιπ
970 5334 1083 5388 hoc
1108 5337 1214 5397 est,
1242 5331 1528 5401 quoniam
1560 5327 1787 5401 virtutis
1816 5328 2287 5401 testimonio,cni

634 5399 960 5461 contradiéi
1008 5399 1303 5458 nefarium
1353 5407 1461 5466 est,
1508 5400 1799 5454 didicistis
1852 5399 2100 5468 dignum
2156 5415 2288 5454 esse

637 5476 933 5531 Christum
984 5475 1097 5530 dici
1140 5489 1342 5541 regem
1382 5472 1601 5541 gloriae,
1645 5471 1887 5541 auferte,
1915 5487 2173 5526 errorem
2212 5471 2287 5525 de

632 5546 936 5601 mentibus
962 5545 1195 5602 vestris.
1214 5540 1294 5600 Et
1322 5543 1485 5616 quod
1519 5544 1617 5609 ait,
1652 5540 1913 5597 Introibit
1947 5559 2047 5597 rex
2073 5541 2285 5614 gloriae,

656 5736 665 5744 .
698 5693 773 5755 (a)
800 5693 973 5747 Forte,
1005 5693 1417 5755 exspectandum.

1667 146 2123 216 QUESTIONES
2160 142 2252 204 EX
2296 142 2634 218 UTROQUE
2674 148 2963 208 MIXTIM.
3862 158 3951 217 Ἑὶῦ

2409 276 2740 350 ostenditur
2768 278 2911 350 quia
2938 291 3061 350 non
3086 278 3348 350 possunt
3369 277 3714 350 participare
3739 296 3851 338 cum
3875 286 3953 342 ﬁde

2411 348 2644 414 Christi,
2661 350 2771 403 nisi
2788 348 2872 405 ab
2894 349 3061 405 omni
3086 348 3462 404 immunditia
3482 348 3795 408 idololatriae
3813 371 3957 413 emun-

2409 421 2682 475 daverint
2709 421 2892 476 corda
2923 437 3152 475 eorum.
3196 420 3311 475 Nisi
3343 421 3500 475 enim
3540 422 3817 479 innovatus
3842 426 3958 484 fuerit

2409 491 2610 555 homo,
2645 508 2763 547 non
2792 493 3034 547 intrabit
3062 491 3312 563 Spiritus
3344 498 3582 563 sanctus
3605 495 3659 547 in
3679 499 3876 551 eum.Et
3899 516 3957 554 se-

2408 563 2610 633 quitur
2640 580 2653 617 :
2687 564 2818 628 Quis
2844 570 2919 617 est
2950 567 3046 618 iste
3075 580 3175 617 rex
3198 562 3426 633 gloriae?
3451 566 3668 618 lteratio
3691 565 3785 620 ista
3811 571 3959 626 conﬂi--

2409 637 2731 688 mationem
2769 634 3133 690 facit.0mne
3160 638 3319 689 enim
3344 636 3505 706 quod
3539 652 3742 691 novum
3768 642 3956 706 auditur,

2408 721 2529 760 non
2562 707 2891 776 concipitur
2937 707 3116 760 corde
3148 706 3258 760 nisi
3304 708 3557 761 iteretur.
3584 708 3958 765 Admirationem

2409 784 2607 831 autem
2636 784 2690 832 et
2708 784 3010 848 stuporem
3035 778 3190 841 facit,
3207 793 3341 831 cum
3364 776 3577 831 dicitur
3596 779 3741 848 quod
3762 782 3959 838 auditum

2409 853 2494 901 est
2522 864 2854 921 nunquam.
2898 851 2959 921 Et
2990 849 3233 918 adjecit:
3253 850 3514 921 Dominus
3540 849 3786 904 virtutum
3809 853 3889 921 ipsi
3911 864 3959 908 est

2408 935 2509 973 rea:
2550 919 2761 990 gloria.
2799 919 3014 974 Eadem
3050 920 3370 990 repetendo
3402 920 3570 974 docet
3600 922 3696 974 rite
3725 919 3834 976 dici
3852 924 3958 977 hunc

2409 1005 2607 1058 regem
2633 991 2854 1059 gloriae,
2870 992 2970 1061 qui
2992 992 3067 1044 sit
3084 992 3365 1045 Dominus
3385 992 3678 1045 virtutum.
3694 993 3801 1047 Non
3820 998 3961 1049 imme

2408 1063 2518 1115 rito
2541 1062 2697 1116 enim
2730 1079 2829 1116 rex
2863 1062 3066 1129 glorias
3097 1061 3432 1132 appellatur
3476 1062 3575 1132 qui
3603 1064 3867 1118 virtutibus
3889 1067 3961 1119 du-

2408 1132 2691 1187 minatur.
2724 1133 2885 1187 Unde
2909 1134 3224 1203 Apostolus
3250 1153 3262 1190 :
3287 1133 3350 1187 Si
3373 1135 3514 1186 enim
3530 1133 3959 1201 intellexissentait.

2409 1221 2679 1275 nunquam
2704 1203 2990 1258 Dominum
3009 1206 3305 1274 majestatis
3322 1204 3703 1271 cruciﬁxissent
3718 1205 3752 1274 (1
3767 1206 3960 1275 Cor.u,8).

2836 1292 2901 1329 DE
2934 1292 3142 1330 PSALMO
3173 1292 3623 1338 QUINQUAGESIMO.

2480 1346 2607 1400 CXII
2647 1346 2743 1417 (a).
2776 1377 2845 1385 —
2886 1347 3432 1417 Quinquagesimus
3470 1348 3721 1401 Psalmus
3746 1346 3824 1401 hic
3848 1348 3959 1418 posi-

2410 1419 2504 1488 tus
2534 1423 2642 1483 est,
2677 1433 2792 1471 non
2840 1434 2949 1486 pro
2982 1419 3261 1488 temporis
3305 1418 3537 1482 ordine,
3566 1418 3663 1471 sed
3690 1420 3889 1474 ratione.
3908 1421 3964 1473 Ti-

2409 1487 2565 1541 tulus
2592 1490 2749 1542 enim
2772 1489 2903 1556 ejus
2934 1504 3052 1543 non
3082 1487 3352 1551 numero,
3379 1490 3483 1542 sed
3512 1488 3713 1544 rationi
3733 1490 3959 1558 subjectus

2408 1564 2513 1612 est.
2549 1560 2845 1623 Quantum
2879 1562 3036 1614 enim
3062 1561 3137 1614 ad
3162 1560 3475 1615 historiam
3502 1562 3748 1631 pertinet,
3777 1563 3963 1615 anterior

2408 1636 2497 1702 est
2538 1646 2724 1701 quam
2778 1632 2997 1685 tertius.
3047 1633 3209 1685 Prius
3252 1633 3412 1686 enim
3442 1647 3477 1687 a
3509 1632 3773 1702 propheta
3799 1632 3962 1685 Natliau

2408 1699 2602 1774 delicti
2634 1717 2817 1774 causa
2847 1710 3156 1774 correptus
3197 1708 3303 1768 est,
3339 1699 3524 1774 quani
3565 1699 3851 1770 insurgeret
3872 1718 3963 1756 con-

2408 1775 2499 1826 tra
2526 1772 2691 1827 illum
2725 1773 2882 1827 ﬁlius
2914 1772 3043 1843 ejus
3078 1772 3377 1843 Absalon,
3399 1780 3459 1828 ut
3481 1789 3613 1828 eum
3651 1773 3801 1828 vellet
3821 1779 3865 1827 et
3889 1773 3963 1827 vita

2408 1849 2463 1897 et
2494 1859 2677 1912 regno
2706 1846 2955 1913 privare.
2994 1847 3123 1900 Haec
3166 1860 3306 1912 ergo
3338 1860 3521 1899 causa
3551 1849 3635 1898 est
3662 1850 3716 1898 ut
3740 1845 3964 1915 quinqua-

2407 1918 2673 1987 gesimus
2703 1920 3041 1984 poneretur,
3067 1932 3252 1987 quam
3286 1921 3518 1971 constat
3546 1931 3615 1969 ex
3632 1915 3766 1983 Lege
3791 1915 3963 1969 descen-

2406 1990 2571 2041 dere.
2616 1985 2731 2040 lllic
2758 1987 2915 2041 enim
2958 1985 3201 2042 cautum
3232 1992 3313 2040 est
3346 1987 3870 2058 quinquagesimum
3896 2002 3963 2039 nu-

2408 2072 2637 2111 merum
2671 2058 3081 2112 remissionem
3109 2058 3352 2113 habere.
3374 2061 3465 2113 Est
3484 2059 3636 2113 enim
3661 2064 3775 2127 post
3796 2062 3961 2127 septem

2409 2128 2780 2197 septimanas
2814 2130 3044 2199 primus
3076 2136 3281 2200 typum
3315 2129 3543 2184 habens
3573 2128 3821 2183 dominici
3846 2128 3958 2181 dici:

2405 2200 2548 2269 quia
2581 2202 2731 2271 sicut
2775 2207 2908 2270 post
2941 2201 3164 2271 septem
3208 2202 3356 2265 dies,
3394 2201 3614 2271 primus
3645 2200 3758 2253 dies
3791 2200 3963 2271 ipserest

2404 2268 2679 2340 quiinitio
2696 2268 3133 2342 factusestfqui
3148 2268 3565 2342 semper'ﬁnita
3578 2268 3961 2341 septimaaadies

2407 2343 2633 2413 primus
2657 2347 2742 2396 est
2766 2360 2777 2407 ;
2801 2344 2882 2397 ita
2900 2349 2955 2397 et
2975 2350 3106 2413 post
3128 2350 3358 2413 septem
3379 2345 3724 2413 septimanas
3744 2342 3960 2413 quinque;

2405 2412 2669 2485 gesimus
2703 2410 3073 2478 numeratus,
3109 2415 3165 2468 in
3199 2410 3488 2485 mysterio
3528 2415 3738 2485 primus
3761 2410 3860 2485 'est,
3893 2410 3961 2479 qui

2405 2484 2626 2555 duplici
2646 2500 2858 2556 genere
2881 2485 3221 2539 dominicus
3251 2484 3377 2539 dies
3398 2484 3717 2556 appellatur
3739 2504 3749 2537 :
3771 2484 3960 2556 primum

2402 2554 2545 2626 quia
2576 2556 2741 2609 initio
2773 2554 2962 2610 factus
2988 2573 3022 2610 a
3050 2556 3302 2610 Domino
3349 2554 3460 2621 est,
3483 2554 3593 2626 'qui
3634 2571 3837 2624 semper
3855 2554 3899 2626 in
3921 2566 3960 2604 se

2404 2624 2729 2698 conversus
2754 2642 2857 2697 per
2879 2628 3172 2682 curricula
3198 2628 3443 2698 impleta
3466 2624 3779 2696 septimana
3797 2624 3960 2698 primus

2402 2702 2492 2751 est
2520 2713 2533 2761 ;
2558 2695 2773 2751 deinde
2802 2700 2944 2768 quia
2972 2700 3028 2751 in
3070 2715 3139 2753 eo
3164 2695 3486 2753 resurrexit
3517 2695 3794 2758 Dominus,
3817 2695 3959 2749 trium-

2406 2769 2584 2838 phata
2635 2774 2840 2832 morte,
2874 2769 3214 2824 dominicus
3260 2772 3449 2825 etiam
3481 2770 3602 2824 dies
3647 2771 3956 2836 nuncupatur.

2404 2842 2519 2894 Non
2581 2840 2876 2894 immerito
2925 2856 3068 2910 ergo
3116 2842 3175 2894 in
3220 2840 3713 2911 quinquagesimo
3757 2849 3955 2911 uulnere,

2400 2926 2581 2981 quem
2616 2913 2673 2965 in
2718 2908 3015 2982 mysterio
3047 2908 3303 2982 primum
3351 2908 3737 2982 signiﬁcatum
3776 2908 3955 2963 adverti-

2400 2997 2557 3055 mus,
2582 2983 2853 3055 remissio
2875 2989 3227 3038 continetur.
3250 2986 3516 3055 Denique
3540 2983 3647 3038 Lex
3671 2982 3957 3055 quinquage

2402 3054 2568 3125 simo
2605 3054 2701 3107 die
2748 3055 2889 3109 data
2922 3061 3028 3109 est.
3075 3058 3119 3107 A
3169 3051 3535 3125 profectione
3580 3051 3725 3109 enim
3768 3051 3955 3125 tilionini

2403 3123 2593 3197 Israel
2622 3140 2695 3179 ex
2746 3125 3020 3197 JEgypto,
3073 3117 3544 3196 quadragesimo
3590 3130 3641 3180 et
3678 3127 3857 3197 octavo
3893 3117 3955 3197 die

2400 3193 2880 3268 abluijubentur,
2902 3193 2968 3252 'ut
2989 3193 3176 3251 biduo
3205 3193 3517 3268 puriﬁcati,
3549 3198 3704 3251 tertia
3725 3193 3805 3248 die
3823 3194 3955 3268 parati

2399 3261 2699 3339 essentad
2733 3261 2946 3335 Legem
2979 3261 3393 3337 accipiendam
3426 3268 3618 3339 (Exod.
3650 3282 3758 3339 XIX,
3791 3268 3855 3339 lt),
3883 3261 3955 3321 ll).

2401 3339 2541 3411 Quae
2568 3338 2791 3393 ablutio
2813 3339 2956 3409 quid
2981 3335 3141 3393 aliud
3163 3340 3412 3409 indicat,
3435 3335 3612 3411 quam
3632 3335 3957 3411 remissionem

2400 3409 2619 3463 factam
2643 3411 2698 3481 in
2727 3408 3233 3481 quinquagesimo
3263 3408 3401 3476 die,
3422 3408 3481 3465 ut
3511 3408 3779 3481 puriﬁcali
3805 3408 3956 3481 μεθείη

2401 3476 2781 3554 acceperint?
2807 3476 3034 3552 Ex'quo
3060 3481 3134 3536 de
3165 3488 3383 3554 caetero
3410 3476 3700 3554 praiteritis
3734 3476 3958 3554 oblittera-

2401 3551 2496 3619 tis,
2531 3556 2696 3605 actus
2730 3553 2818 3605 sui
2853 3551 3168 3607 redderent
3207 3551 3503 3609 rationem
3552 3551 3841 3608 secundum
3872 3558 3957 3598 cre-

2400 3622 2586 3676 ditam
2611 3623 2719 3676 sibi
2746 3625 2978 3695 Legem.
3003 3626 3115 3678 Hac
3141 3625 3317 3679 etiam
3344 3626 3571 3680 ratione
3600 3619 3957 3695 possessionem

2401 3701 2662 3763 emptam
2692 3694 3196 3765 quinquagesimo
3228 3711 3394 3751 anno
3421 3691 3627 3751 remitti
3656 3691 3839 3748 debere
3857 3698 3958 3765 pm:

2401 3758 2556 3837 cepit
2590 3758 2925 3831 Lex-(Levii.
2968 3758 3098 3825 ixv,
3141 3766 3243 3837 lO).
3293 3767 3440 3821 Hinc
3480 3774 3560 3821 est
3603 3780 3731 3833 ergo
3771 3761 3892 3837 unde
3922 3758 3958 3805 el

2400 3827 2673 3908 Psalmus
2704 3827 3245 3908 q‘uinquagesimu's
3286 3838 3615 3893 intitulatus
3657 3827 3752 3890 εει.
3802 3827 3957 3908 ln-hoc

2400 3907 2691 3983 enim‘rex
2724 3900 2910 3963 David
2957 3900 3374 3983 {amissionem
3408 3908 3656 3983 postulat
3685 3900 3955 3983 secundante.

2401 3978 2746 4047 praedictum
2790 3995 3037 4033 sensum
3066 3996 3079 4043 ;
3110 3981 3266 4034 unde
3295 3981 3376 4035 ait
3411 3970 3427 4036 Ξ
3460 3980 3695 4035 Miserere
3720 3974 3820 4037 mei,
3845 3970 3956 4025 Dm,

2399 4048 2683 4103 secundum
2722 4067 2972 4119 magnam
3008 4051 3438 4105 misericordiam
3497 4058 3655 4105 tuam.
3687 4048 3855 4119 Sciens
3888 4050 3958 4091 f9!

2403 4120 2587 4193 David
2633 4116 2885 4188 graviter
2933 4137 2997 4175 se
3039 4139 3344 4191 peccasse,
3380 4126 3465 4177 sic
3508 4121 3747 4193 postulat
3770 4116 3955 4193 dicens:

2400 4181 2664 4265 Miserere
2699 4193 2824 4258 mei,
2845 4193 2984 4247 Deus
3004 4181 3287 4248 secundum
3327 4181 3573 4265 magnam
3617 4181 3955 4265 misci-{corde}?l

2402 4262 2789 4334 tuam.Magna
2806 4250 2953 4318 enim
2970 4266 3367 4319 misericordia
3385 4250 3519 4320 tunc
3534 4269 3761 4334 est,cum
3774 4250 3956 4334 επδρςξὶδ

2400 4335 2651 4402 ignoscit
2672 4325 2951 4406 "peccata.
2989 4339 3050 4390 Et
3089 4337 3305 4405 adjecit
3335 4354 3348 4391 :
3382 4338 3453 4392 Et
3482 4325 3747 4391 secundum
3776 4325 3957 4382 multitu-

2400 4406 2579 4460 dinem
2609 4406 3021 4461 miserationum
3061 4414 3301 4475 tuarum,
3324 4408 3442 4463 dele
3483 4407 3794 4477 iniquitatem
3821 4406 3954 4477 meimi-

2407 4479 2471 4531 Ut
2522 4478 2925 4550 manifestaret
2973 4478 3185 4533 acerbe
3234 4474 3295 4533 se
3346 4474 3673 4550 deliquisse,
3719 4474 3955 4550 peccalull}

2403 4564 2574 4601 suum
2601 4548 2972 4618 iniquitatem
2998 4550 3277 4622 appellat,
3302 4550 3448 4622 quia
3474 4536 3737 4622 iniquitas
3756 4555 3849 4622 non
3870 4536 3956 4622 let]?

2401 4605 2721 4692 peccatum
2755 4628 2883 4685 est;
2921 4626 2973 4674 et
3012 4605 3115 4692 qui
3152 4605 3851 4692 delet‘iniquitatemme
3880 4605 3951 4692 es}:

2402 4686 2518 4743 non
2555 4690 2828 4759 imputat,
2874 4686 3251 4748 miseratione
3286 4686 3573 4748 abundat.
3617 4686 3749 4745 Nihil
3781 4696 3889 4749 ergo
3917 4687 3953 4752 ιβ

2401 4775 2584 4813 causa
2614 4776 2902 4815 excusare
2934 4763 3157 4827 nititur,
3194 4769 3255 4818 ut
3281 4781 3404 4819 non
3437 4764 3623 4819 solum
3656 4759 3879 4814 animum
3908 4760 3954 4797 δι’

2401 4830 2458 4885 bi
2482 4830 2698 4901 judicis
2725 4833 2971 4901 mitiget,
3006 4834 3109 4889 sed
3132 4840 3185 4889 et
3209 4835 3383 4890 faciat
3414 4833 3731 4890 condolere.
3757 4830 3954 4901 Comm?-

2402 4885 2569 4957 vetuur
2629 4904 2784 4957 enim
2834 4885 3073 4959 animus
3122 4906 3196 4960 ad
3254 4905 3729 4967 misericordiam,
3781 4885 3952 4967 quandi}

2403 4973 2557 5048 videt
2592 4990 2757 5048 reum
2802 4957 3027 5048 sicisua
3055 4957 3637 5048 ὀόῇξιιᾶἵρἔέείιέέ
3663 4957 3729 5026 ιη’
3753 4957 3951 5048 ‘os'ltentln

2400 5044 2599 5098 dolere
2631 5045 2741 5099 sibi
2775 5047 2915 5115 quia
2948 5049 3234 5115 peccavit.
3268 5038 3387 5113 Qui
3413 5048 3571 5102 enim
3597 5038 3705 5098 non
3734 5038 3875 5115 dolet,
3906 5040 3950 5115 ιζ·

2400 5063 2599 5098 timere
2631 5063 2741 5099 sun
2775 5063 2915 5115 quia
2989 5063 3234 5103 eccavu.
3268 5063 3376 5113 uni
3413 5064 3571 5102 emm
3597 5063 3705 5098 non
3734 5063 3875 5095 υυιει,
3906 5063 3929 5079 ιι

2398 5114 2591 5189 ridere
2624 5063 3127 5184 videturjugicem
3156 5137 3168 5185 ;
3194 5122 3337 5189 quia
3358 5120 3491 5173 ideo
3516 5111 3951 5189 precatur,utf-f§'

2400 5186 2504 5240 dat
2526 5188 2734 5241 iterum
2762 5182 2972 5257 postea
2993 5182 3604 5244 eadem-facturtistt
3626 5182 3952 5257 sequtltll‘P‘l?‘

2400 5262 2491 5312 tea
2522 5275 2535 5312 :
2570 5252 2970 5330 Usqueguaque,
3011 5260 3223 5331 inquit,
3259 5263 3379 5315 lava
3410 5258 3568 5314 meab
3596 5252 3834 5331 injustitia
3858 5252 3951 5331 ρςίξε

2399 5336 2446 5383 et
2478 5346 2509 5382 α
2540 5321 2883 5399 pact-litamen
2909 5321 3111 5385 munda
3140 5321 3238 5386 me.
3270 5333 3557 5397 Quoniam
3588 5321 3805 5399 multam
3830 5321 3954 5399 ωιὲῗ·

2401 5392 2819 5477 rationemDei
2850 5403 3159 5477 praedicat,
3187 5392 3421 5477 penitus
3451 5418 3523 5477 se
3544 5393 3790 5477 [ιιυιξᾴᾃτί

2401 5476 2510 5536 tur,
2547 5478 2607 5526 ut
2650 5473 2791 5526 nihil
2845 5463 3089 5529 maneat
3128 5463 3321 5530 delicti
3366 5479 3469 5528 aut
3512 5466 3782 5541 injustitiae
3814 5463 3859 5512 in
3889 5463 3949 5541 £9;

2400 5520 3113 5615 ίι“ιίέιθ“ἐιιέῐεέὸιιῖἑὲἰίἷῖι
3352 5520 3805 5617 mihifastum
3823 5520 3953 5599 p05Sit

2461 5694 2532 5756 (a)
2564 5693 2722 5745 Deest
2750 5697 2807 5746 in
2834 5696 2960 5747 Mss.
2988 5696 3215 5773 secundi
3239 5695 3463 5763 generis.
