4158 6204
267 169 302 227 2
313 169 415 231 337

264 298 365 354 vel
392 297 733 369 impetrare,
776 298 1035 371 adjecit:
1066 299 1329 365 Quoniam
1367 298 1711 371 iniquitatem
1748 316 1917 355 meam

263 386 362 450 ego
391 386 656 450 cognosco,
687 370 1017 450 etdetictum
1041 389 1212 427 meum
1239 388 1418 426 coram
1449 370 1565 450 me}
1594 379 1668 450 est
1688 388 1913 442 semper.

265 442 569 505 Quoniam
601 443 856 515 graviter
884 445 991 498 scit
1018 459 1079 498 se
1120 460 1388 515 peccase,
1422 443 1708 498 sollicitus
1737 451 1823 497 est
1850 458 1922 498 ne

264 527 390 585 non
425 518 611 566 totum
640 514 690 566 ei
715 513 1063 569 remittatur.
1090 513 1488 571 considerans
1508 516 1667 568 enim
1692 516 1921 585 magni-

268 582 537 638 tudinem
566 591 950 654 peccatorum
980 602 1248 654 suorum,
1280 588 1460 651 timet,
1494 588 1690 640 sciens
1713 582 1922 656 gravia

266 660 514 729 peccata
544 671 665 709 non
691 656 859 711 facile
882 658 1110 726 ignosci
1136 675 1149 722 ;
1175 675 1244 713 ac
1266 674 1369 729 per
1391 658 1505 729 hoc
1526 674 1671 729 cum
1684 655 1923 712 ﬂetibus

263 726 604 790 conﬁtetur,
639 732 949 797 peccatum
980 745 1156 783 suum
1186 726 1321 783 ante
1348 728 1549 783 oculos
1580 728 1825 792 habens,
1860 732 1922 781 ut

264 813 358 870 ex_
381 798 546 852 omni
571 806 749 870 parte
782 801 1100 870 propitium
1144 800 1255 855 sibi
1290 800 1464 854 faciat
1488 799 1772 868 judicem.
1806 800 1923 854 Scit

263 867 437 942 enim;
468 867 755 942 scriptum
784 867 927 925 esse
961 886 972 923 :
1018 872 1110 925 Dic
1140 872 1297 942 prior
1338 867 1655 941 iniquitates
1686 878 1825 942 tuas,
1861 877 1920 942 ut

252 939 600 1011 justiﬁeeris’
638 940 795 1012 (Isai.
842 958 996 1007 XLIII,
1048 939 1161 1011 26))
1213 944 1275 997 Et
1318 939 1585 1012 sequitur
1618 957 1628 993 :
1668 941 1788 996 Tibi
1821 940 1919 995 soli

260 1011 496 1082 peccavi,
526 1018 575 1066 et
608 1011 811 1066 malum
852 1029 1038 1067 coram
1068 1020 1115 1068 te
1138 1013 1266 1083 feci.
1299 1011 1464 1068 Nunc
1492 1028 1563 1067 ex
1606 1012 1722 1067 alia
1753 1018 1918 1083 parte

261 1083 456 1152 culpae
481 1098 603 1137 suae
633 1083 926 1139 medelam
951 1085 1261 1155 prospicit,
1288 1090 1348 1138 ul
1373 1084 1449 1139 ad
1476 1083 1751 1155 effectum
1783 1100 1918 1153 pos-

264 1154 619 1209 tulationem
641 1155 925 1227 deducat.
954 1156 1073 1210 Hac
1098 1154 1257 1211 enim
1284 1154 1701 1227 prosecutioue
1722 1156 1918 1227 inprig

264 1241 369 1280 ma
411 1241 596 1280 causa
636 1225 1013 1281 innocentem
1050 1232 1069 1261 ²
1107 1243 1169 1281 se
1209 1225 1388 1281 dicit:
1422 1242 1565 1281 nam
1607 1226 1709 1295 qui
1752 1225 1915 1280 alteri

265 1298 385 1351 Deo
435 1301 663 1367 peccat,
696 1298 972 1351 inimicus
1019 1304 1103 1352 est
1143 1298 1401 1352 auctoris
1452 1296 1572 1351 Dei.
1610 1298 1672 1351 ln
1718 1296 1917 1351 locum

263 1367 425 1423 enim
451 1367 584 1438 ejus
612 1368 858 1439 alterum
893 1367 1072 1437 eligit,
1098 1371 1190 1423 cui
1223 1368 1639 1423 auctoritatem
1663 1368 1787 1439 ejus
1815 1368 1917 1422 ad-

263 1440 510 1512 scribat.
547 1438 708 1512 Unde
737 1439 833 1494 hic
864 1441 941 1495 ab
970 1442 1081 1512 hac
1113 1457 1173 1494 se
1205 1441 1514 1512 iniquitate
1540 1438 1798 1493 alienum
1828 1456 1918 1493 os-

265 1510 539 1577 tendens,
578 1510 721 1575 Tibi,
766 1511 865 1575 ait,
916 1511 1019 1565 soli
1054 1517 1286 1581 peccavi,
1310 1510 1367 1566 et
1406 1511 1613 1565 malum
1650 1526 1827 1564 coram
1868 1518 1916 1565 te

265 1581 546 1648 feci:hoc
592 1583 884 1653 est,quia
921 1582 1043 1644 tibi,
1084 1591 1140 1636 et
1176 1584 1317 1637 nulli
1358 1583 1453 1637 alii
1501 1598 1681 1652 quem
1728 1581 1914 1653 Deum

268 1669 376 1723 per
406 1668 663 1707 errorem
696 1652 974 1718 dieerem,
1026 1654 1286 1725 peccavi,
1322 1654 1516 1725 minor
1558 1668 1696 1725 mea
1738 1652 1915 1725 culpa

267 1730 564 1797 estquam
596 1731 967 1797 cmterorum,
995 1723 1096 1797 qui
1129 1732 1264 1797 sunt
1296 1723 1911 1797 perditioniobnoxii.

265 1797 395 1850 Non
423 1796 581 1867 enim
613 1794 837 1867 impius
869 1794 1048 1863 sum‘;
1078 1796 1181 1851 sed
1212 1794 1507 1867 peccator,
1541 1795 1683 1866 quia
1708 1810 1827 1867 non
1858 1795 1914 1867 in

264 1871 342 1931 te,
376 1866 480 1920 sed
508 1866 565 1920 in
598 1865 787 1933 legem
817 1874 981 1923 tuam
1014 1865 1291 1939 peccavi:
1318 1872 1508 1939 necte
1540 1865 1775 1936 negavi,
1810 1865 1914 1919 sed

259 1942 318 1991 te
350 1940 532 1992 Deum
562 1943 618 1992 et
647 1939 968 1993 Dominum
995 1938 1306 2002 conﬁtens,
1345 1940 1403 1993 in
1445 1938 1751 1992 hominem
1783 1952 1915 2007 pec-

261 2011 415 2062 cavi.
447 2010 595 2077 Ergo
626 2009 854 2082 quiain
884 2010 983 2065 illa
1016 2025 1151 2082 qua:
1184 2018 1282 2065 tua
1312 2008 1554 2080 propria
1592 2024 1773 2063 causa
1805 2013 1910 2072 est,

260 2094 398 2133 reus
429 2095 549 2152 non
579 2096 737 2152 sum,
766 2080 1009 2151 ignosce
1034 2080 1197 2152 quod
1229 2083 1284 2135 in
1319 2097 1673 2136 conservum
1702 2095 1914 2150 pecca-

260 2152 339 2204 vi.
385 2151 477 2206 Sic
507 2150 666 2206 enim
702 2154 967 2222 peccavi,
997 2150 1074 2206 ut
1102 2152 1618 2207 honoriﬁcentiam
1655 2151 1914 2206 nominis

262 2222 347 2276 tui
380 2237 488 2276 nec
516 2238 819 2291 negarem,
845 2239 954 2278 nec
984 2224 1150 2278 alteri
1178 2225 1402 2279 darem.
1436 2224 1559 2278 Fuit
1588 2224 1787 2293 itaque
1812 2238 1915 2276 un-

258 2293 335 2348 de
377 2300 855 2349 commoveretur
895 2295 971 2350 ad
1015 2295 1486 2350 misericordiam
1526 2294 1734 2364 judex.
1769 2296 1912 2348 Cum

257 2364 417 2438 enim
461 2366 629 2419 multi
659 2366 911 2438 initium
947 2372 1210 2437 peccent,
1242 2382 1395 2438 quos
1425 2366 1601 2438 etiam
1643 2365 1914 2419 hortatur

259 2434 341 2491 ad
382 2436 755 2509 seuconverti,
790 2434 1005 2493 dum'ii
1035 2439 1143 2509 qui
1177 2434 1298 2492 non
1342 2438 1398 2491 in
1441 2435 1605 2509 illum
1639 2442 1911 2509 peccant,

259 2523 337 2580 ex
383 2506 511 2561 aliis
544 2514 740 2580 tamen
775 2508 974 2580 causis
1023 2506 1258 2563 veniam
1304 2506 1915 2580 postulant,’libenter

257 2577 538 2633 admittit.
559 2579 803 2648 Semper
824 2579 984 2634 enim
1013 2577 1391 2635 Dominus'ad
1414 2578 1697 2633 auxilium
1732 2594 1910 2631 suum

256 2648 377 2722 vult
408 2649 728 2722 confugere
760 2666 965 2722 servos
998 2668 1158 2705 suos.
1195 2651 1356 2705 Unde
1387 2650 1607 2722 adjecit
1640 2666 1651 2704 :
1698 2649 1766 2705 Ut
1793 2650 1911 2719 jus-

255 2720 489 2791 tiﬁceris
532 2721 592 2773 in
630 2721 960 2776 sermonibus
1002 2724 1134 2786 tuis,
1167 2729 1215 2776 et
1257 2722 1436 2776 vincas
1465 2720 1590 2776 cum
1622 2722 1910 2789 iudicaris,

257 2792 717 2863 Misericordiam
778 2793 1111 2863 postulans.
1164 2796 1345 2847 Deum
1397 2793 1688 2862 justitiam
1740 2808 1912 2847 suam

255 2877 387 2935 non,
426 2862 748 2935 immutare
784 2862 1087 2935 precatur,
1125 2880 1260 2919 cum
1316 2864 1500 2919 soleat
1546 2863 1743 2917 media
1786 2878 1913 2935 esse

249 2933 566 3004 justitia,ut
581 2951 690 2989 non
711 2933 1092 3006 peccantibus
1112 2933 1912 3006 etpeccantibusmquasit,id

254 3010 364 3070 est,
383 3005 737 3076 utnicuique
752 3008 959 3061 reddat
974 3005 1303 3061 secundum
1323 3020 1506 3075 opera
1521 3021 1630 3059 sua
1649 3005 1774 3059 :sed
1790 3019 1908 3059 non

252 3077 483 3145 ignorat
499 3077 645 3147 quid
664 3079 917 3147 postulet
934 3078 1321 3132 virinnocens
1338 3078 1394 3131 in
1415 3076 1513 3130 Dei
1528 3080 1910 3147 sacramento.

257 3148 464 3219 Sciens
488 3146 647 3203 enim
665 3146 861 3204 Deum
885 3149 1223 3219 frequenter
1243 3149 1300 3202 in
1326 3148 1478 3217 Lege
1501 3147 1743 3211 dixisse,
1768 3146 1914 3219 quia

257 3218 585 3284 misericors,
604 3221 819 3291 inquit,
834 3237 951 3276 sum
970 3217 1062 3291 ego
1084 3220 1349 3275 Dominus
1369 3220 1504 3273 Deus
1524 3226 1695 3273 vester
1709 3217 1909 3291 (Exod.

257 3237 585 3284 misericors,
604 3237 661 3274 in
716 3237 819 3284 uit,
834 3237 951 3276 sum
970 3237 1062 3291 ego
1084 3237 1349 3275 uominus
1369 3237 1504 3273 ueus
1524 3237 1695 3273 veswt'
1709 3237 1909 3286 turma.

252 3306 398 3356 xxii,
434 3292 523 3357 27)
559 3308 572 3357 ;
605 3237 743 3347 inde
788 3298 958 3361 rogat
993 3298 1053 3346 ut
1103 3292 1226 3347 haec
1257 3291 1408 3346 tides
1455 3295 1716 3359 maneat,
1761 3295 1817 3343 et
1854 3290 1913 3343 in

253 3362 638 3417 sermonibus
675 3364 796 3417 suis
824 3364 976 3419 Deus
1003 3363 1379 3434 justiticetur,
1408 3362 1555 3434 dum
1585 3361 1643 3434 in
1679 3376 1755 3434 eo
1780 3375 1912 3431 per-

254 3439 463 3489 manet
510 3434 673 3505 quod
722 3436 953 3490 locutus
1002 3432 1108 3501 est,
1142 3450 1251 3489 nec
1292 3433 1551 3504 peccatis
1595 3432 1911 3488 hominum

256 3505 535 3573 vincitur,
560 3511 621 3561 ut
646 3521 766 3561 non
790 3506 1153 3561 misereatur.
1179 3506 1440 3561 Scientes
1464 3505 1619 3559 enim
1652 3505 1751 3576 qui
1779 3519 1913 3576 pec-

257 3581 419 3641 cant,
452 3592 586 3646 qua:
637 3578 907 3647 promisit
936 3578 1087 3632 Deus
1121 3579 1272 3633 bene
1306 3574 1743 3640 viventibus,’et
1768 3574 1912 3646 quia

257 3647 321 3702 in
367 3663 440 3701 eo
474 3647 822 3717 perdurant,
873 3649 1141 3703 'udicant
1173 3649 1340 3704 illum
1378 3648 1751 3703 mendacem.
1784 3650 1910 3702 Non

257 3719 419 3773 enim
470 3718 719 3774 credunt
766 3665 920 3774 maie
956 3721 1209 3774 vivendo
1242 3735 1380 3774 vera
1425 3735 1553 3773 esse
1598 3734 1733 3774 ause
1780 3733 1910 3774 nro-

256 3719 419 3773 enim
470 3718 719 3774 credunt
766 3718 920 3774 male
956 3721 1209 3775 vivendo
1242 3735 1380 3774 vera
1425 3735 1553 3773 esse
1598 3734 1733 3788 quae
1780 3733 1912 3788 pro-

256 3790 446 3862 misit.
479 3789 705 3846 Idcirco
752 3793 893 3862 petit
924 3807 1022 3845 rex
1056 3791 1241 3845 David
1289 3796 1352 3845 ut
1380 3790 1576 3845 vincat
1612 3789 1731 3862 hoc
1758 3790 1912 3843 Deus

254 3860 423 3933 quod
468 3867 682 3931 putant
729 3859 1023 3927 homines,
1063 3867 1119 3916 et
1161 3863 1260 3916 det
1307 3877 1442 3933 qua:
1487 3859 1804 3933 promisit;
1852 3865 1913 3914 ut

251 3931 613 3987 erubescant
633 3933 731 4002 qui
751 3936 898 3988 dum
913 3949 1031 3988 non
1048 3938 1288 3988 servant
1312 3931 1616 3993 mandata,
1637 3931 1914 4000 judicant

251 4003 425 4075 illum
456 4018 575 4075 non
608 4004 911 4059 daturum.
947 4007 1010 4059 Et
1037 4007 1302 4075 sequitur
1330 4022 1342 4058 :
1376 4005 1508 4059 Ecce
1551 4006 1691 4057 enim
1718 4002 1776 4055 in
1808 4002 1914 4055 ini-

248 4074 553 4157 qvitatib‘us
569 4083 852 4157 conceptus
881 4092 1018 4157 sum.
1049 4074 1214 4156 Nu'nc
1246 4076 1357 4130 hoc
1390 4075 1625 4157 adjecto
1648 4089 1908 4157 causam

250 4144 614 4219 inﬁrmitatis
652 4144 901 4202 humani
943 4147 1179 4219 generis
1213 4144 1526 4219 memorat,
1559 4145 1703 4219 quia
1733 4144 1911 4219 tacite

251 4223 343 4272 est
368 4217 595 4272 homini
630 4234 896 4288 peccare,
925 4215 986 4273 u't
1013 4234 1264 4273 examen
1287 4218 1444 4271 circa
1469 4233 1530 4271 se
1557 4215 1777 4286 judicis
1802 4215 1913 4269 mi-

252 4289 416 4357 tiget.
450 4289 651 4344 Primae
683 4290 841 4344 enim
867 4290 1057 4360 culpae
1083 4290 1104 4324 ³
1134 4288 1274 4346 facit
1301 4289 1682 4360 mentionem,
1701 4303 1771 4341 ex
1789 4302 1912 4360 qua

301 4356 717 4415 rmvaricando
751 4360 937 4415 Adam
967 4356 1169 4432 genus
1199 4360 1537 4432 humanum
1577 4356 1909 4432 obnoxium

277 4433 391 4486 ecit
421 4439 685 4500 peccato.
714 4433 907 4487 Suasu
934 4428 1093 4487 edim
1120 4438 1176 4487 et
1200 4430 1673 4486 fallaciainimici
1698 4428 1911 4500 iniqui7

251 4499 438 4557 tatem
475 4503 889 4572 concipiendo,
924 4519 1103 4557 omne
1146 4519 1350 4557 semen
1392 4516 1567 4555 suum
1614 4499 1910 4572 iniquitati

251 4573 528 4642 subjecit,
560 4580 622 4628 ut
651 4571 723 4629 ex
752 4591 821 4629 eo
853 4590 1062 4629 omnes
1098 4590 1201 4644 per
1230 4573 1535 4629 traducem
1562 4571 1913 4696 genitifec-

252 4649 391 4696 cato
422 4650 627 4696 essent
658 4645 924 4696 obnoxii.
961 4649 1273 4696 Pronterea
1305 4645 1540 4696 adiecit.
1578 4646 1638 4696 Et
1670 4646 1727 4696 in
1793 4643 1913 4696 elic-

252 4649 391 4700 cato
422 4650 627 4700 essent
658 4645 924 4701 obnoxii.
961 4649 1273 4715 Propterea
1305 4645 1540 4715 adjecit,
1578 4646 1727 4715 Etin
1755 4643 1916 4697 delic-

251 4718 329 4771 tis
358 4718 596 4786 concepit
648 4734 726 4771 me
755 4724 929 4771 mater
971 4714 1086 4772 mea
1112 4737 1131 4773 :
1163 4722 1225 4770 ut
1266 4717 1344 4771 ab
1386 4714 1584 4769 ’Adam
1626 4714 1913 4769 derivatio

251 4787 415 4859 facta
442 4790 692 4858 peccati,
718 4790 1021 4859 conceptis
1043 4794 1098 4842 et
1124 4788 1277 4843 natis
1302 4787 1732 4859 impedimento
1754 4790 1915 4859 esset

253 4858 335 4914 ad
358 4856 584 4914 bonam
612 4861 797 4915 vitam
823 4856 1111 4930 agendam
1141 4876 1153 4921 ;
1178 4875 1246 4913 ac
1271 4875 1375 4929 per
1401 4859 1512 4930 hoc
1536 4856 1767 4930 suppici
1792 4872 1913 4930 non

254 4930 601 4996 negandam
648 4928 1144 4995 misericordiam,
1190 4928 1332 5001 quia
1369 4928 1649 4983 infestum
1685 4929 1703 4961 ‘
1732 4928 1916 5001 habet

252 5001 515 5081 hostem,
533 5002 631 5073 qui
654 5003 710 5081 ei
731 5002 945 5081 suadet
968 5008 1026 5081 ut
1052 4998 1273 5081 peccet.
1291 5001 1392 5054 Per
1412 4998 1910 5081 peccatumenim

252 5072 849 5143 diabolus’subjecto
882 5074 991 5127 sibi
1027 5074 1220 5143 primo
1262 5072 1504 5127 homine
1560 5075 1909 5143 potestatem

254 5145 488 5213 accepit
540 5141 705 5199 carni
752 5146 883 5213 ejus
933 5161 995 5199 se
1029 5141 1404 5211 immiscere,
1456 5147 1512 5196 et
1559 5141 1912 5196 delictorum

251 5216 528 5286 quadam
564 5216 884 5271 subtilitate
926 5216 1365 5271 oblectamenta
1399 5228 1750 5286 suggerere,
1809 5226 1913 5281 per

253 5285 421 5357 quod
462 5293 705 5357 captum
753 5286 1061 5342 hominem
1102 5286 1315 5358 spoliat
1354 5285 1495 5340 vita.
1552 5286 1742 5349 Quam
1788 5298 1914 5337 rem

322 5412 335 5438 ¹
370 5409 500 5463 Mss.
546 5410 807 5467 Colbert.,
833 5416 1012 5461 contra
1059 5424 1160 5463 me.

319 5472 337 5500 ²
363 5472 520 5529 Editi,
544 5478 802 5522 nocentem
831 5489 841 5531 ;
871 5477 922 5522 et
952 5472 1106 5529 infra,
1140 5471 1343 5521 atteria
1370 5470 1486 5519 Deo.
1511 5469 1763 5533 Sequitur
1788 5468 1914 5518 Mss.

318 5535 480 5583 3Mss.
519 5535 781 5585 Colbert..
818 5550 999 5584 causan

322 5598 339 5624 ⁴
374 5597 477 5666 Ms.
520 5572 781 5666 Colberi:
808 5599 1074 5666 insertum:
1114 5597 1178 5646 Et
1218 5610 1341 5666 mox
1371 5595 1513 5666 idem
1547 5597 1697 5644 vetus
1726 5592 1916 5666 codex,

252 5664 515 5725 peccatum
536 5660 674 5708 enim
690 5662 785 5725 qui
800 5665 873 5725 est
895 5661 1189 5709 diabolus...
1203 5696 1216 5709 .
1247 5662 1545 5722 potestatem
1563 5660 1753 5721 accepit
1767 5660 1917 5706 carni

257 5722 367 5786 ejus
396 5723 639 5783 inserere,
666 5722 713 5775 et
735 5724 1053 5783 dilectarum,
1086 5725 1184 5773 etc.

1796 168 2159 232 APPENDIX
2174 220 2186 233 .

3548 182 3691 240 2338

2030 300 2314 379 magister
2344 300 3004 379 gentiummemorans,
3046 302 3208 360 Video
3236 313 3438 373 autem,
3470 307 3685 379 inquit,

2031 373 2203 449 aliam
2216 372 2376 449 l‘egem
2392 372 2452 427 in
2470 371 2717 449 membris
2746 374 2892 449 meis,
2922 384 3319 449 repugnantem
3345 371 3450 449 tegi
3486 371 3685 435 mentis

2028 461 2155 499 mem
2186 444 2360 515 (Rom.
2394 460 2486 507 vu,
2519 444 2629 514 23),
2665 449 2725 499 ut
2752 445 2864 499 hoc
2895 444 3184 501 contuens
3210 444 3419 516 judex',
3461 450 3686 508 dolenti

2030 516 2433 590 circumvento
2487 517 2750 590 porrigat
2785 533 3056 590 manum.
3102 520 3167 573 Et
3206 519 3520 590 sequitur:
3556 523 3687 578 Ecce

2027 586 2474 661 enimveritatem
2495 586 2773 661 dilexisti.
2795 587 2947 652 Quia
2970 605 3111 656 ergo
3137 586 3440 645 veritatem
3468 592 3683 661 diligis,

2029 658 2239 732 inquit,
2270 659 2799 732 subveniroganti,
2825 667 2880 713 et
2904 675 3083 730 quem
3121 662 3232 715 scis
3256 677 3398 716 vera
3430 658 3685 732 pectoris

2028 730 2115 783 sui
2147 729 2577 803 impedimenta
2602 729 3078 803 exponereﬁque
3101 748 3278 787 cureo
3307 729 3449 787 olim
3487 740 3685 789 motus

2032 799 2441 854 misericordia
2486 799 2804 854 subvenire
2840 799 3169 871 decrevisti,
3208 810 3267 858 ut
3293 819 3553 859 errorem
3585 805 3687 860 ad-

2030 873 2283 925 missum
2322 873 2381 925 in
2420 877 2588 943 tarra,
2621 871 2873 926 caelestis
2907 874 3281 943 providentia
3316 876 3681 932 emendaret.

2028 943 2269 1013 Propter
2298 941 2460 1013 quod
2496 943 2747 1013 subjecit
2781 957 2793 994 :
2818 941 3038 997 Inc—crta
3075 952 3123 999 et
3146 945 3352 1000 occulta
3375 947 3554 1001 cordis
3573 963 3686 1002 ma-

2026 1014 2274 1089 nifestati
2316 1013 2475 1089 mihi.
2511 1014 2738 1089 Incerta
2766 1020 2821 1068 et
2845 1016 3078 1089 occulta
3107 1018 3303 1089 cordis
3334 1018 3461 1073 haec
3500 1019 3685 1089 signi-

2025 1085 2183 1150 ﬁcat,
2235 1101 2363 1155 quin
2431 1085 2584 1158 Deus
2634 1084 2711 1139 ad
2762 1087 3107 1158 praesidium
3143 1087 3393 1143 humani
3452 1084 3685 1158 gen'eris

2027 1159 2389 1232 procuravit,
2432 1156 2661 1232 sicutet
2686 1157 3028 1232 Apostolus,
3056 1157 3204 1232 Quod
3231 1160 3432 1222 oculus,
3459 1156 3679 1232 inquit,

2025 1226 2136 1282 non
2164 1226 2316 1291 vidit,
2353 1243 2444 1280 nec
2473 1228 2631 1281 auris
2668 1227 2901 1291 audivit,
2950 1244 3041 1282 nec
3084 1230 3144 1283 in
3182 1247 3272 1285 cor
3325 1226 3570 1285 hominis"
3596 1226 3683 1286 as?-

2023 1298 2219 1361 cendit,
2260 1314 2377 1370 qua:
2416 1298 2758 1370 praeparavit
2793 1300 2939 1353 Deus
2976 1299 3325 1370 diligentibus
3367 1319 3426 1356 se
3464 1304 3505 1369 (Ι
3551 1303 3678 1357 Cor.

2027 1374 2177 1435 11,9).
2208 1369 2315 1443 Qui
2346 1369 2598 1440 suntqui
2627 1368 2881 1443 diligunt
2906 1368 3111 1443 Deum,
3144 1373 3253 1426 nisi
3291 1376 3387 1443 qui
3418 1374 3531 1443 legi
3554 1375 3683 1443 ejus

2025 1442 2423 1524 consentiunt,
2452 1455 2569 1524 non
2600 1440 2851 1524 celando
2882 1440 3626 1524 velnexcusandopec'cata
3654 1446 3681 1499 ?

2028 1512 2159 1584 Haec
2185 1527 2325 1581 ergo
2341 1511 2574 1584 occulta
2591 1512 2785 1566 cordis
2807 1514 3120 1567 manifesta
3144 1511 3681 1584 suntdiligentibus

2027 1583 2236 1646 Deum,
2266 1590 2325 1636 ut
2354 1583 2500 1652 quia
2530 1583 2813 1637 dolebant
2856 1600 2917 1637 se
2976 1584 3207 1639 delictis
3240 1583 3678 1651 circumveniri,

2024 1669 2097 1727 ne
2112 1656 2361 1723 correpti
2380 1662 2664 1727 negarent
2680 1656 2719 1721 ί,
2739 1654 3141 1727 sibietorigini
3158 1674 3182 1709 s
3195 1673 3281 1711 um
3297 1656 3679 1727 imputantes,

2024 1726 2080 1778 in
2113 1731 2416 1799 auctorem
2447 1724 3086 1799 Deumtransferentes
3114 1744 3249 1796 quea
3298 1724 3631 1799 peccabant
3665 1746 3678 1784 :

2023 1796 2205 1851 corda
2228 1811 2431 1849 eorum
2462 1795 2799 1849 illuminata
2822 1802 2961 1850 sunt
2992 1795 3589 1866 spirituali'corusco,
3620 1807 3685 1855 ut

2022 1867 2286 1939 viderent
2309 1866 2402 1920 Dei
2426 1866 2929 1939 providentiamin
2951 1868 3204 1936 Christo,
3232 1871 3369 1939 quia
3395 1876 3681 1925 venturus

2023 1944 2147 2012 erat
2171 1937 2245 2012 ad
2269 1937 2685 2012 damnandum
2709 1943 3038 2007 peccatum,
3058 1940 3221 2012 quod
3236 1937 3305 1995 ex
3334 1943 3683 2012 praevarica-

2023 2008 2181 2063 tione
2202 2008 2343 2082 Adee
2366 2008 2633 2082 humano
2656 2011 2853 2077 generi
2876 2010 3230 2082 imperabat.
3263 2008 3377 2066 Ηοό
3394 2028 3535 2082 ergo
3554 2016 3683 2068 orat

2020 2096 2121 2134 rex
2155 2079 2357 2144 David,
2394 2086 2455 2133 ut
2475 2080 2637 2151 quod
2665 2079 3006 2135 decreverat
3029 2080 3183 2135 Deus
3210 2082 3269 2136 in
3296 2079 3578 2148 futurum,
3598 2086 3680 2139 vi-

2021 2152 2170 2205 dens
2198 2167 2390 2223 genus
2406 2151 2741 2205 humanum
2764 2150 3061 2216 laborare,
3079 2151 3190 2206 sibi
3211 2155 3376 2223 prius
3401 2155 3681 2210 subveni-

2022 2223 2185 2296 retin
2204 2222 2414 2277 eadem
2440 2224 2792 2296 necessitate
2820 2224 3158 2296 constricto,
3181 2222 3236 2279 in
3261 2241 3382 2296 qua
3399 2226 3681 2280 omnibus

2023 2310 2083 2347 se
2108 2293 2451 2366 decreverat
2469 2293 2902 2347 subventurum
2928 2295 3258 2359 ;utdonum
3280 2293 3443 2366 quod
3462 2296 3677 2365 gratui-

2022 2371 2147 2438 tum
2176 2363 2441 2420 futurum
2469 2372 2614 2438 erat,
2634 2369 2687 2418 et
2712 2371 2845 2438 ante
2862 2368 3097 2438 tempus
3125 2366 3252 2421 dari
3278 2363 3397 2421 non
3426 2363 3675 2438 pbterat,

2023 2436 2160 2510 huic
2174 2451 2283 2510 pro
2310 2451 2482 2506 prece
2495 2441 2550 2489 et
2573 2436 2854 2510 lacrymis
2877 2437 3318 2510 concederetur.
3338 2436 3509 2510 Quod
3533 2454 3682 2510 quo-

2021 2506 2206 2580 modo
2231 2507 2359 2580 ‘ﬁat,
2394 2522 2512 2561 non
2548 2512 2700 2561 tacet
2720 2507 2925 2561 dicens
2949 2525 2962 2580 ξ
2989 2507 3249 2579 Asperges
3274 2526 3353 2563 me
3379 2506 3613 2580 hyssopo,
3631 2516 3684 2565 et

2022 2577 2337 2651 mundabor.
2374 2580 2544 2651 Recte
2577 2577 3200 2651 aspersionehyssopi
3234 2582 3376 2651 petit
3413 2577 3474 2635 se
3507 2577 3684 2636 mun-

2021 2650 2169 2703 dari.
2202 2652 2275 2703 De
2304 2648 2417 2703 hoc
2448 2649 2603 2703 enim
2631 2648 2729 2702 ﬁlii
2765 2649 2943 2704 Israel
2989 2648 3187 2721 postes
3219 2648 3358 2707 suos
3388 2652 3681 2721 sanguine

2023 2721 2358 2793 liniverunt,
2396 2726 2454 2773 ut
2478 2721 2578 2793 tuti
2609 2726 3027 2793 praestarentur
3059 2739 3094 2776 a
3127 2730 3311 2777 morte
3342 2723 3546 2793 (Exod.
3578 2739 3678 2790 xu,

2020 2795 2110 2857 22,
2145 2794 2235 2862 23)
2262 2808 2273 2845 :
2308 2792 2387 2845 ita
2411 2796 2467 2845 et
2490 2790 2587 2844 hic
2611 2791 2955 2862 aspersione
2976 2792 3222 2863 hyssopi
3246 2790 3375 2848 orat
3400 2794 3682 2849 mandari

2024 2878 2143 2935 sea
2174 2864 2455 2932 peccatis,
2480 2876 2554 2916 ne
2579 2868 2854 2935 tangatur
2874 2870 3136 2935 amorte.
3164 2867 3225 2918 Et
3251 2866 3550 2935 sequitur:
3576 2867 3683 2919 La-

2023 2932 2169 2987 vabis
2198 2951 2294 2997 me,
2330 2940 2377 2987 et
2407 2949 2571 3001 super
2600 2932 2771 2987 nivem
2814 2934 3119 2989 dealbabor.
3158 2932 3526 2991 Manifestum
3568 2942 3677 3000 est,

2023 3006 2165 3078 quia
2197 3005 2421 3078 factum
2451 3004 2547 3078 Dei
2574 3005 2752 3078 distat
2781 3022 2815 3058 a
2842 3005 2996 3059 facto
3025 3006 3324 3078 hominis:
3354 3007 3489 3063 ideo
3515 3024 3680 3078 super

2022 3075 2218 3138 nivem,
2245 3075 2453 3145 inquit,
2475 3074 2778 3138 deatbabor,
2805 3078 2945 3145 quia
2964 3077 3129 3146 quod
3146 3077 3463 3141 Deusfecit.
3490 3074 3680 3136 multo

2025 3146 2238 3221 melius
2258 3153 2344 3200 est
2360 3161 2545 3221 quam
2566 3146 2728 3221 quod
2758 3146 3120 3221 fecithomo.
3146 3152 3459 3221 Propterea
3480 3166 3681 3221 asper-

2025 3217 2189 3273 sione
2216 3216 2467 3288 hyssopi
2486 3218 2629 3288 petit
2649 3231 2709 3270 se
2726 3216 3025 3281 mundari,
3044 3223 3103 3272 ut
3121 3216 3273 3275 sicut
3289 3220 3529 3275 carnale
3553 3216 3683 3277 cor-

2024 3304 2136 3359 pus
2150 3287 3130 3362 aquaabluitur,itaetperhyssopi
3154 3290 3672 3362 signiﬁcationem,

2025 3359 2316 3431 spirituali
2368 3359 2593 3431 ratione
2639 3359 2979 3431 animarum
3016 3361 3264 3431 maculae
3321 3359 3668 3417 abluantur.

2026 3430 2307 3502 Aspersio
2336 3432 2495 3486 enim
2528 3430 2799 3502 hyssopi,
2836 3430 3106 3485 lustratio
3138 3431 3419 3502 quaedam
3449 3436 3541 3487 est
3574 3448 3586 3496 ;
3617 3437 3682 3488 ut

2022 3501 2126 3573 per
2149 3503 2207 3558 id
2236 3503 2397 3574 quod
2426 3501 2652 3574 visibile
2675 3506 2786 3565 est,
2816 3501 3188 3574 invisibiliter
3212 3503 3589 3574 emundetur.
3616 3506 3680 3559 Et

2022 3572 2324 3645 sequitur:
2384 3573 2627 3628 Auditui
2661 3590 2768 3627 meo
2806 3572 2959 3627 dabis
2987 3574 3246 3645 gaudium
3301 3579 3351 3628 et
3407 3572 3674 3628 laetitiam.

2019 3645 2278 3700 Dubium
2294 3661 2413 3699 non
2429 3650 2535 3708 est,
2552 3646 2696 3714 quia
2712 3660 2819 3699 vox
2844 3646 3221 3715 praedicantis
3236 3645 3676 3712 remissionem,

2022 3717 2303 3786 gaudium
2337 3723 2578 3786 praestat
2610 3717 3042 3785 peccatoribus.
3078 3717 3218 3781 Quis
3250 3717 3406 3771 enim
3432 3732 3551 3771 non
3582 3716 3677 3772 lm-

2020 3795 2193 3850 tetur,
2212 3804 2346 3841 cum
2364 3786 2669 3840 auditdari
2685 3786 3118 3857 indulgentiam
3140 3786 3323 3843 ‘tCum
3349 3788 3505 3842 enim
3526 3790 3676 3843 Deus

2021 3858 2276 3921 remittit,
2296 3858 2418 3931 etin
2434 3858 2713 3931 praesenti
2736 3858 2861 3931 etin
2878 3858 3081 3931 afuturo
3104 3875 3346 3931 securus
3369 3864 3475 3914 est.
3495 3858 3673 3931 Prop-

2021 3938 2143 3985 tera
2171 3928 2514 4001 exsultabant
2543 3944 2659 3983 ossa
2685 3928 2995 3984 humiliata.
3032 3930 3260 4001 Duplici
3292 3946 3506 4001 genere
3537 3928 3677 3986 sunt

2018 4018 2153 4057 ossa
2186 3999 2528 4056 humiliata:
2554 4002 2698 4071 quia
2722 4006 2776 4054 et
2806 4006 2865 4054 ut
2895 3999 3163 4071 peccaret
3187 3999 3531 4057 humiliatus
3555 4007 3672 4067 est;

2020 4089 2198 4128 nemo
2225 4073 2377 4126 enim
2408 4087 2659 4196 peccans
2673 4071 2994 4139 exaltatur;
3025 4078 3080 4127 et
3108 4079 3170 4127 ut
3196 4078 3398 4143 postea
3424 4072 3677 4144 supplex

2023 4144 2254 4196 veniam
2282 4144 2405 4196 imo
2432 4149 2643 4196 oraret.
2677 4146 2823 4196 Nam
2860 4144 3059 4196 utique
3084 4144 3142 4196 in
3175 4144 3368 4196 cilicio
3396 4149 3451 4196 et
3482 4145 3676 4196 cinere

2023 4144 2254 4215 veniam
2282 4144 2643 4214 imploraret.
2677 4146 2823 4198 Nam
2860 4144 3059 4215 utique
3084 4144 3142 4199 in
3175 4144 3368 4202 cilicio
3396 4149 3451 4198 et
3482 4145 3676 4215 cinere

2019 4214 2320 4270 volutatus
2338 4215 2800 4269 misericordiam
2819 4214 3382 4285 precabatur,quam
3398 4214 3676 4285 obtinens

2020 4286 2278 4340 elevatus
2308 4294 2397 4340 est
2429 4285 2641 4340 mentis
2690 4283 3080 4340 exsultatione
3112 4291 3167 4340 et
3198 4283 3462 4355 corporis
3492 4283 3675 4340 refec-

2020 4359 2197 4413 tione.
2229 4358 2293 4411 Et
2317 4357 2605 4426 subjecit:
2635 4356 2830 4409 Averte
2846 4356 3037 4423 faciem
3058 4363 3206 4427 tuam
3230 4355 3504 4427 apeccatis
3519 4355 3673 4421 meis,

2020 4435 2068 4483 et
2088 4445 2263 4483 omnes
2283 4425 2597 4498 iniquitates
2611 4443 2748 4481 meas
2765 4426 2895 4481 dele.
2921 4430 3034 4481 Hac
3048 4425 3240 4482 forma
3258 4425 3673 4498 remissionem

2023 4501 2300 4569 postulat,
2319 4499 2865 4569 sicutconstitutum
2881 4498 3071 4551 eratin
3099 4498 3361 4552 futurum
3380 4513 3484 4567 per
3496 4497 3674 4569 ﬁdem

2023 4567 2251 4633 Christi,
2270 4577 2326 4623 ut
2344 4570 2610 4625 Salvator
2631 4570 2731 4637 qui
2752 4568 2799 4621 ei
2821 4569 3198 4638 spiritualiter
3216 4574 3301 4623 est
3320 4567 3672 4640 promissus,

2021 4642 2098 4696 ab
2130 4644 2258 4711 ipso
2280 4640 2564 4709 inciperet
2585 4646 2797 4694 cuncta
2825 4640 3126 4694 conversis
3153 4640 3380 4694 donare
3408 4644 3674 4711 peccata.

2023 4710 2201 4781 Cujus
2222 4712 2379 4765 enim
2404 4726 2522 4764 non
2552 4711 2947 4780 respiciuntur
2972 4718 3237 4781 peccata,
3268 4717 3325 4766 et
3340 4710 3551 4766 omnes
3577 4710 3677 4765 de-

2021 4780 2215 4837 lentur
2246 4782 2604 4852 iniquitates,
2636 4797 2754 4836 non
2788 4780 2967 4836 habet
2994 4782 3151 4836 unde
3182 4798 3317 4837 reus
3348 4783 3675 4838 constitua-

2024 4861 2135 4917 tur,
2164 4857 2221 4908 et
2244 4853 2622 4907 inimicorum
2669 4854 2799 4924 ejus
2829 4869 2932 4907 ora
2964 4853 3340 4908 clauduntur.
3371 4855 3480 4919 Qui
3516 4854 3674 4909 enim

2022 4941 2139 4980 non
2159 4924 2393 4996 respicit
2418 4929 2684 4993 peccata,
2703 4923 2821 4979 non
2840 4923 2937 4979 illa
2961 4926 3233 4996 imputat.
3260 4925 3382 4979 Hoc
3404 4931 3494 4980 est
3515 4925 3676 4979 enim

2022 5002 2285 5051 avertere
2315 4996 2525 5050 faciem
2558 5012 2592 5050 a
2633 4996 2889 5067 peccatis
2923 4997 3195 5067 alicujus,
3229 4996 3674 5052 accusationem

2023 5075 2231 5123 contra
2262 5083 2399 5121 eum
2433 5082 2551 5121 non
2581 5066 2869 5137 accipere.
2897 5069 2958 5121 Et
2987 5066 3132 5138 quid
3165 5073 3253 5122 est.
3279 5068 3412 5129 hoc,
3445 5070 3508 5138 ut
3534 5082 3673 5138 cum

2022 5138 2096 5193 de
2118 5138 2356 5193 duobus
2384 5137 2643 5208 peccatis
2670 5144 2974 5207 correptus
3000 5136 3202 5203 sit,hic
3223 5137 3497 5192 addatde
3523 5136 3679 5208 mul-

2022 5210 2094 5264 tis
2108 5226 2167 5264 se
2182 5207 2525 5265 accusando
2539 5208 2566 5262 ?
2579 5213 2634 5263 et
2652 5224 2788 5263 cum
2811 5208 3064 5263 audierit
3084 5226 3119 5280 a
3138 5208 3427 5280 propheta
3441 5207 3676 5263 Nathan

2022 5282 2164 5353 quia
2186 5282 2454 5353 ignotum
2472 5280 2680 5353 eratei,
2696 5295 2882 5351 quare
2897 5280 2980 5353 sic
2994 5279 3247 5353 postulat
3259 5279 3465 5353 sedula
3479 5294 3672 5350 prece,

2026 5350 2086 5406 ut
2114 5355 2300 5424 possit
2329 5350 2407 5405 ad
2436 5351 2664 5424 veniam
2690 5350 3016 5424 pervenire,
3046 5351 3159 5404 nisi
3187 5351 3325 5424 quia
3359 5367 3477 5405 non
3502 5366 3676 5424 suam

2025 5420 2210 5478 solius
2241 5438 2487 5477 causam
2519 5421 2658 5494 agit,
2683 5420 2807 5494 sed
2848 5422 2961 5475 sub
2992 5421 3372 5494 accusatione
3400 5427 3418 5457 ²
3451 5422 3678 5494 peccati

2024 5493 2136 5557 sui,
2164 5495 2342 5549 totius
2376 5492 2579 5565 populi
2614 5492 2883 5546 miserias
2908 5494 3151 5565 narrat?
3170 5493 3291 5565 Sibi
3312 5492 3470 5548 enim
3493 5494 3679 5549 refor-

2027 5565 2351 5621 mationem
2375 5563 2671 5636 precatur,
2688 5566 2831 5634 quia
2845 5564 2937 5618 cui
2954 5563 3301 5634 ignoscitur,
3316 5580 3436 5621 non
3452 5570 3539 5621 est
3550 5566 3678 5624 sine

2083 5656 2099 5685 ί
2136 5654 2230 5702 Ms.
2266 5653 2511 5708 Colbert.,
2539 5666 2628 5700 nec
2657 5652 2879 5712 correpti
2901 5652 3174 5714 negabant.

2084 5716 2102 5745 ²
2135 5716 2239 5767 Ms.
2282 5716 2635 5773 Colbertinus,
2670 5714 2946 5765 occasione.
