4140 6208
599 144 740 206 2339

598 271 838 336 rubore,
862 271 972 328 nisi
993 270 1126 327 loco
1143 285 1252 326 suo
1274 268 1449 325 fuerit
1466 269 1749 333 redditus,
1781 277 1839 325 ut
1855 269 2115 337 dignitas
2129 268 2241 323 loci

598 345 880 400 ruborem
909 346 1186 399 excuset:
1222 343 1448 397 caeteris
1480 348 1679 397 autem
1730 340 2084 396 beneﬁcium
2122 342 2239 404 Dei,

642 416 760 471 uod
789 417 865 471 ad
888 420 1104 469 cuncta
1132 419 1374 485 peccata
1404 413 1706 468 abluenda
1731 411 2004 485 futurum,
2028 418 2153 467 erat
2181 412 2241 466 in

642 431 760 471 uoa
789 431 865 471 au
888 431 1104 469 cuncta
1132 431 1374 485 peccata
1404 431 1706 468 aniuenoa
1731 431 1996 467 iuturum
2028 431 2153 467 erat
2181 431 2241 466 in

597 431 826 543 ghristo
858 486 1232 555 signiﬁcavit.
1282 491 1344 538 Et
1373 485 1641 555 sequitur
1664 500 1676 537 :
1696 484 1812 555 Cor
1840 484 2097 537 mundum
2122 500 2242 537 crea

600 559 660 612 in
691 575 786 622 me,
822 554 1049 623 Deus,et
1073 557 1328 627 spiritum
1361 554 1572 625 justum
1608 554 1833 608 dedica1
1870 557 1929 608 in
1955 554 2244 609 visceribus

596 631 747 686 meis.
784 632 900 684 Hoc
922 634 1011 684 est
1034 627 1189 682 bona
1211 636 1406 681 mente
1426 627 1892 681 misericordiam
1912 627 2238 697 deprecari.

598 703 726 756 Non
756 700 951 755 solum
973 705 1170 754 autem
1200 699 1274 753 de
1297 698 1601 768 praeteritis
1628 704 1815 766 rogat,
1841 698 1946 752 sed
1969 698 2149 752 etiam
2170 697 2244 751 de

597 771 808 827 futuris
841 771 1123 826 sollicitus
1156 774 1263 832 est,
1301 777 1363 823 ut
1391 776 1667 840 peccator
1697 771 2012 823 intendens
2043 769 2245 823 odisse

598 857 844 924 peccare
876 857 948 895 ue
982 843 1244 924 peccet”,
1275 840 1589 924 adjuvetur
1624 857 1657 895 a
1679 840 1805 920 .Deo
1836 855 1941 924 per
1971 840 2244 924 spiritum

590 910 830 984 iustitiae
861 910 1041 983 quem
1086 917 1215 984 orat
1252 911 1515 966 dedicari
1548 910 1958 984 invisceribus
1991 912 2113 964 suis
2138 928 2157 984 ;‘
2186 911 2245 964 id

596 982 703 1047 est,
738 990 795 1037 ut
819 982 1008 1038 novus
1056 984 1133 1038 ad
1189 983 1301 1037 hoc
1331 986 1591 1054 ponatur
1622 982 1677 1037 in
1719 998 1809 1045 eo,
1847 988 1907 1035 ut
1953 982 2246 1054 custodiat

597 1071 735 1110 eum
757 1070 793 1109 a
810 1055 1088 1125 peccatis,
1116 1070 1189 1109 ne
1215 1052 1459 1121 cogatur
1481 1053 1671 1125 facere
1687 1056 1851 1124 quod
1875 1054 2053 1107 scitur
2071 1052 2243 1108 nolle.

599 1127 707 1181 Cor
737 1124 934 1181 autem
956 1126 1247 1180 mundum
1279 1126 1361 1179 sic
1386 1131 1576 1195 potest
1607 1124 1842 1193 habere,
1870 1126 1915 1178 si
1947 1140 2140 1195 neque
2164 1126 2247 1178 in-

596 1200 919 1267 tus,neque
935 1196 1073 1251 foris
1094 1196 1401 1266 delinquat
1426 1213 1438 1259 ;
1461 1196 1566 1251 hoc
1591 1201 1699 1259 est,
1736 1212 1928 1267 neque
1954 1198 2011 1249 iu
2044 1212 2244 1266 Opere,

594 1284 789 1340 neque
822 1266 877 1323 in
906 1270 1279 1338 cogitatione.
1306 1267 1477 1332 Quod
1497 1268 1640 1340 quia
1664 1266 1846 1337 prope
1877 1266 2248 1337 impossibile

594 1338 770 1394 est—ut
788 1341 845 1393 in
869 1340 1153 1393 omnibus
1174 1346 1460 1402 servetur,
1486 1338 1575 1392 vel
1600 1342 1655 1393 in
1684 1340 1779 1392 Dei
1803 1354 1985 1392 causa
2007 1354 2246 1392 servan-

593 1410 740 1465 dum
771 1416 878 1478 est,
937 1426 1069 1481 quae
1112 1409 1457 1481 principalis
1488 1416 1573 1463 est
1622 1415 1681 1462 ut
1710 1410 2007 1481 mundum
2040 1425 2141 1464 cor
2165 1410 2245 1481 fin

596 1480 973 1537 sacramento
1008 1480 1125 1535 Dei
1150 1487 1206 1535 et
1237 1481 1443 1536 Christi
1488 1481 1875 1543 custodiatur,
1922 1480 2067 1534 dum
2099 1480 2247 1535 ﬁdes

593 1568 802 1607 eorum
833 1553 1110 1606 inviolata
1141 1559 1445 1615 servatur;
1478 1551 1621 1622 quia
1650 1552 1782 1622 etin
1810 1550 1927 1605 alio
1956 1552 2084 1607 loco
2106 1552 2248 1605 dici-

595 1631 708 1687 tur,
743 1622 878 1689 Quis
901 1622 1239 1693 gloriabitur
1264 1621 1520 1677 mundum
1552 1638 1604 1675 se
1650 1621 1842 1676 habere
1869 1639 1983 1688 cor,
2015 1631 2110 1677 aut
2140 1623 2247 1677 im-

596 1711 805 1749 munem
846 1711 951 1749 esse
988 1712 1020 1748 a
1067 1697 1293 1764 peccatis
1324 1694 1511 1761 (Prov.
1568 1710 1664 1757 xx,
1696 1696 1748 1756 9)
1780 1694 1807 1749 Ῡ
1840 1695 2102 1765 Denique
2147 1711 2246 1749 rex

595 1766 782 1821 David
805 1766 1097 1819 mundum
1121 1782 1221 1820 cor
1238 1765 1451 1819 habuit
1473 1766 1531 1818 in
1554 1781 1740 1819 causa
1763 1765 1879 1829 Dei,
1896 1766 2037 1835 quia
2055 1782 2247 1836 neque

592 1836 882 1908 auxilium
921 1837 1247 1908 aliquando
1280 1852 1313 1890 a
1364 1837 1624 1908 vanitate
1652 1836 1961 1908 quaesivit,
1994 1853 2129 1908 quae
2162 1842 2249 1892 est

592 1907 1170 1979 idololatria,rneque
1198 1907 1357 1961 aliud
1383 1922 1418 1961 a
1448 1907 1565 1979 Deo
1596 1907 1705 1979 sibi
1736 1907 2096 1979 prseceptum
2127 1924 2244 1962 non

592 1979 879 2049 implevit.
914 1978 1051 2032 [deo
1078 1978 1152 2033 de
1178 1980 1404 2033 caeteris
1426 1978 1643 2048 adjecit
1667 1978 1721 2031 δε
1756 1978 1837 2032 Ne
1866 1978 2126 2048 projicias
2166 1997 2247 2033 me

591 2067 626 2104 a
648 2050 789 2118 facie
816 2057 932 2115 tua,
965 2057 1013 2104 et
1026 2049 1297 2119 Spiritum
1322 2055 1562 2103 sanctum
1584 2057 1731 2103 tuum
1759 2065 1828 2103 ne
1851 2054 2070 2119 auferas
2090 2067 2122 2103 a
2144 2068 2245 2107 me.

593 2121 693 2176 Hic
715 2136 926 2176 sensus
941 2128 1243 2192 est.quem
1266 2136 1447 2191 supra
1467 2122 1811 2185 memoravi,
1841 2123 1981 2192 quia
2004 2137 2245 2177 securus

592 2193 666 2247 de
694 2194 887 2256 venia,
940 2193 1226 2247 sollicitus
1259 2192 1441 2246 estde
1475 2192 1914 2247 reformatione.
1948 2192 2046 2247 Cui
2084 2193 2243 2248 enim

594 2264 919 2333 ignoscitur
971 2263 1186 2329 solum,
1242 2262 1389 2318 solet
1441 2278 1477 2316 a
1520 2263 1668 2317 facie
1714 2264 1944 2318 Domini
1995 2266 2239 2318 secerni.

592 2335 873 2399 Quamvis
898 2336 1054 2389 enim
1090 2350 1211 2390 non
1273 2336 1332 2389 in
1364 2334 1527 2388 illum
1570 2334 1919 2397 vindicetur,
1952 2335 2008 2389 in
2040 2337 2242 2391 animo

594 2411 789 2462 tamen
816 2406 1049 2461 Domini
1076 2408 1164 2460 vel
1188 2406 1405 2476 judicis
1436 2405 1667 2460 facinus
1684 2406 1812 2476 ejus
1836 2407 2093 2461 deletum
2123 2423 2239 2462 non

589 2483 694 2533 est.
730 2478 868 2533 Ideo
896 2484 1043 2541 orat,
1076 2483 1138 2532 ut
1166 2478 1401 2548 penitus
1438 2486 1746 2545 peccatum
1796 2478 1923 2545 ejus
1953 2477 2239 2543 deleatur,

590 2553 646 2603 et
674 2548 893 2617 dignus
916 2549 987 2603 sit
1010 2553 1290 2604 accedere
1317 2548 1391 2602 ad
1418 2548 1629 2602 faciem
1663 2549 1914 2613 Domini,
1945 2554 1998 2602 et
2027 2551 2238 2604 iterum

589 2620 978 2691 prophetare;
1003 2620 1163 2690 quod
1191 2626 1246 2675 et
1267 2619 1489 2673 factum
1513 2627 1616 2673 est.
1643 2620 1761 2672 Hoc
1784 2627 1869 2673 est
1892 2620 2046 2673 enim
2075 2622 2236 2691 quod

587 2690 728 2746 dicit
751 2707 764 2745 ε
792 2692 866 2745 Et
892 2691 1163 2761 Spiritum
1192 2698 1433 2744 sanctum
1456 2697 1606 2761 tuum
1626 2705 1692 2742 ne
1713 2690 1932 2758 auferas
1951 2708 1984 2743 a
2012 2690 2110 2745 me;
2140 2692 2237 2746 Hic

587 2768 674 2815 est
704 2760 943 2831 spiritus
975 2762 1425 2828 Prophetarum.
1456 2760 1519 2813 Et
1551 2761 1856 2830 sequitur:
1892 2762 2069 2815 Redde
2100 2763 2240 2817 mihi

589 2832 842 2885 laetitiam
863 2831 1125 2885 salutaris
1140 2833 1243 2895 tui,
1259 2838 1309 2885 et
1322 2831 1537 2902 Spiritu
1545 2831 1853 2901 principali
1864 2834 2123 2902 conﬁrma
2135 2850 2233 2887 me.

586 2902 875 2974 Lmtitiam
906 2904 1033 2957 dari
1063 2903 1175 2957 sibi
1218 2901 1497 2974 postulat,
1531 2918 1665 2973 quae
1693 2901 1991 2972 promissa
2022 2912 2146 2959 erat
2176 2906 2235 2959 in

584 2972 838 3046 Christo,
874 2978 936 3028 ut
965 2972 1249 3046 omnibus
1280 2972 1531 3028 maculis
1554 2972 1796 3028 ablutus
1822 2980 1877 3029 et
1899 2982 2233 3046 reparatus,

582 3044 753 3100 laetus
782 3050 938 3101 esset
958 3045 1015 3099 in
1040 3045 1225 3099 salute
1241 3046 1523 3116 quaesita;
1553 3061 1660 3099 nec
1678 3061 1712 3100 a
1730 3050 1948 3113 motus,
1968 3044 2077 3101 sed
2090 3064 2232 3102 con-

581 3115 854 3189 ﬁrmatus
875 3117 933 3189 in
966 3131 1212 3189 regnoa
1227 3115 1443 3187 spiritu
1471 3122 1695 3172 sancto.
1724 3118 1909 3181 Quem
1933 3118 2067 3173 ideo
2082 3119 2235 3189 prin-

582 3187 835 3258 cipalem
869 3187 1037 3253 dixit,
1068 3187 1210 3259 quia
1256 3204 1707 3259 superiomnem
1756 3187 2098 3244 creaturam
2120 3196 2229 3255 est,

580 3274 688 3331 per
715 3274 894 3330 quem
922 3258 1102 3328 reges
1119 3258 1390 3328 regnant.
1425 3258 1490 3315 Et
1517 3259 1712 3314 subdit
1740 3274 1751 3312 :
1782 3262 2001 3315 Doceam
2024 3262 2235 3331 iniquos

583 3329 697 3385 vias
725 3329 867 3395 tuas,
895 3338 942 3386 et
963 3331 1121 3401 impii
1145 3331 1216 3385 ad
1247 3337 1292 3385 te
1315 3338 1717 3386 convertentur.
1757 3332 1873 3385 Hoc
1894 3334 2051 3396 dicit,
2079 3329 2140 3386 ut
2170 3334 2230 3388 in

581 3417 652 3457 eo
682 3402 916 3475 discant
944 3402 1128 3475 iniqui
1160 3404 1437 3474 pietatem
1465 3402 1581 3467 Dei,
1611 3402 1715 3473 qui
1741 3404 2089 3458 conﬁtentes
2114 3404 2230 3459 sibi

582 3474 827 3545 suscipit
857 3482 1199 3545 peccatores
1226 3481 1279 3528 et
1304 3479 1650 3544 promovet;
1693 3489 1801 3545 nec
1832 3474 2046 3544 impios
2087 3491 2231 3530 con-

579 3544 782 3601 versOs
812 3544 1076 3614 negligit,
1113 3545 1219 3599 sed
1249 3545 1517 3599 hortatur
1546 3545 1687 3599 dum
1721 3544 1851 3598 aliis
1883 3546 2218 3602 miseretur.

579 3617 971 3688 Etsequitur:
1007 3616 1203 3671 Libera
1246 3633 1325 3670 me
1354 3616 1415 3670 de
1455 3616 1841 3688 sanguinibus.
1878 3617 2036 3685 Deus,
2088 3619 2229 3672 Deus

576 3686 911 3741 salutismeav
926 3732 937 3743 .
952 3688 1070 3743 Hoc
1084 3688 1242 3742 dicto
1254 3687 1513 3742 ostendit
1529 3686 1835 3757 peccatum
1850 3705 2024 3742 suum
2044 3695 2229 3744 morte

577 3758 853 3830 dignum,
884 3766 943 3813 ut
974 3760 1071 3813 Dei
1105 3760 1511 3814 misericordia
1541 3766 1768 3829 quanta
1795 3759 1886 3822 sit,
1916 3761 2217 3830 praedicet.

576 3828 685 3899 Per
709 3830 822 3883 hoc
839 3832 997 3883 enim
1025 3831 1201 3885 etiam
1230 3830 1377 3884 alios
1398 3828 1676 3899 provdcat
1694 3828 2011 3899 confugere
2035 3832 2109 3886 ad
2130 3831 2227 3885 Dei

575 3898 973 3972 clementiam.
1004 3901 1167 3955 Unde
1212 3898 1499 3969 subjeCit:
1546 3901 1866 3955 Exsultabit
1897 3902 2081 3972 lingua
2112 3919 2227 3957 mea

588 3970 855 4043 iustitiam
885 3978 1053 4033 tuam,
1086 3972 1330 4025 Domine.
1364 3972 1641 4029 Gaudere
1669 3989 1729 4025 se
1755 3973 1896 4027 dicit
1921 3970 2227 4043 inijustitia

626 4042 1057 4114 omini,quiain
1077 4059 1147 4096 eo
1176 4043 1663 4114 permanetquod
1691 4046 1961 4112 promisit
1981 4042 2221 4098 dicens:

575 4113 641 4167 Μ
644 4112 1015 4185 isericordiam
1043 4121 1220 4167 autem
1251 4130 1417 4167 meam
1450 4112 1553 4185 non
1598 4114 1805 4167 movebo
1833 4114 1899 4167 ab
1938 4116 2012 4168 eis
2048 4115 2222 4185 (Psal.

578 4199 854 4249 Lxxxvni,
877 4184 989 4252 34).
1010 4188 1195 4240 Laitus
1212 4200 1352 4255 ergo
1374 4184 1554 4238 David
1577 4202 1676 4239 rex
1699 4192 1753 4238 et
1771 4200 2014 4239 securus
2037 4186 2095 4240 in
2114 4188 2225 4241 hac

572 4262 760 4326 parte,
784 4256 879 4310 Dei
905 4256 1300 4326 suijustitiam
1323 4255 1625 4327 praedicat.
1656 4256 2024 4325 Etsequitur:
2056 4257 2225 4312 Labia

572 4343 687 4380 mea
710 4328 939 4397 aperies,
968 4334 1018 4382 et
1045 4344 1100 4382 os
1126 4343 1297 4382 meum
1325 4326 1674 4382 annuntiabz't
1708 4326 1916 4381 laudem
1938 4335 2104 4383 tuam.
2135 4331 2224 4385 Sic

570 4397 735 4470 labia
785 4399 916 4467 ejus
947 4400 1155 4470 aperit,
1188 4400 1327 4452 dum
1380 4400 1715 4467 subjectum
1750 4399 1914 4453 illum
1944 4415 2071 4454 esse
2105 4416 2223 4455 non

571 4469 711 4541 sinit
740 4485 925 4525 causa
956 4469 1201 4541 peccati.
1229 4470 1476 4525 Liberati
1509 4472 1666 4524 enim
1697 4488 1763 4525 os
1796 4477 1988 4541 patet;
2021 4487 2221 4540 pecca.

568 4540 711 4595 toris
745 4540 1253 4597 autem’clausum
1287 4547 1371 4597 est
1404 4557 1502 4595 os:
1534 4542 1758 4612 pudore
1781 4540 1942 4596 enim
1974 4548 2030 4596 et
2063 4549 2223 4597 metu

567 4618 877 4684 correptus
911 4612 1075 4684 loqui
1133 4629 1251 4668 non
1279 4613 1504 4675 audet;
1555 4613 1868 4667 absolutus
1919 4620 2115 4668 autem
2168 4620 2224 4669 et

569 4679 859 4736 liberatus
888 4679 1223 4754 tripudians
1247 4684 1530 4754 praedicat
1554 4684 1794 4739 laudem
1815 4684 2051 4753 judicis.
2079 4689 2223 4740 Nam

570 4758 625 4834 et
663 4753 1009 4834 Apostolus__
1036 4756 1186 4810 sicut
1220 4753 1644 4834 ipseﬁtestatur,
1679 4762 1920 4834 propter
1950 4756 2113 4834 quod
2147 4756 2225 4812 ab

569 4822 919 4895 hominibus
953 4825 1101 4880 liber
1130 4822 1307 4891 esset,
1340 4826 1407 4880 Os
1433 4822 1695 4890 nostrum,
1722 4822 1820 4891 ait,
1853 4822 1996 4895 patet
2017 4827 2087 4880 ad
2115 4844 2221 4892 vos,

572 4912 603 4950 ο
624 4894 899 4951 Corinthii
925 4896 991 4966 (ll
1017 4897 1141 4952 Cor.
1168 4913 1246 4961 Vl,
1286 4900 1393 4967 lt).
1423 4900 1484 4951 Et
1515 4898 1757 4967 adjecit:
1790 4894 2058 4962 Quoniam
2073 4901 2121 4952 si
2140 4917 2227 4953 vo-

574 4966 767 5039 luisses
783 4968 1129 5037 sacrificium,
1158 4969 1412 5022 dedissem
1438 4966 1639 5039 utique.
1677 4971 1791 5023 Hoc
1818 4971 1891 5022 de
1918 4977 2224 5039 comperto

571 5038 852 5111 loquitur,
887 5041 1080 5094 sciens
1136 5047 1407 5093 sanctum
1465 5038 1702 5095 Samuel
1732 5040 1951 5094 dixisse
1982 5038 2225 5095 ad’Saul

571 5111 914 5181 regem,qui
937 5127 1070 5165 cum
1096 5117 1406 5181 peccatum
1427 5127 1599 5164 suum
1619 5126 1736 5165 non
1760 5111 1964 5165 dolore
1989 5113 2220 5176 mentis,

568 5196 765 5254 neque
782 5183 1189 5254 lacrymarum
1215 5181 1750 5254 miseratione,ised
1774 5183 2042 5237 sacriﬁcii
2062 5183 2225 5238 obla-

571 5252 729 5307 tione
760 5252 1083 5309 oblitterari
1114 5259 1365 5322 putaret,
1396 5253 1519 5307 Non
1545 5253 1678 5317 vult,
1713 5253 1923 5323 inquit,
1967 5254 2108 5308 Deus
2140 5271 2221 5308 sa.

568 5324 834 5396 criﬁcium
883 5326 1055 5396 magis
1082 5342 1240 5395 quam
1268 5323 1463 5379 audiri
1492 5341 1661 5379 vocem
1707 5342 1857 5379 suam
1890 5326 1935 5393 (Ι
1962 5327 2091 5396 Reg.
2125 5342 2220 5391 xv,

571 5393 703 5461 22);
757 5396 902 5467 quia
934 5393 1276 5468 hujusmodi
1306 5396 1596 5451 sacriﬁcia
1639 5397 1931 5452 damnum
1973 5393 2221 5468 possunt

638 5504 651 5531 ¹
688 5503 771 5552 Sic
805 5504 901 5552 Ms.
933 5506 999 5552 At
1028 5504 1175 5563 editi,
1203 5507 1415 5553 innova.

579 5565 667 5672 ad’.
687 5565 785 5673 Mai
821 5566 1175 5622 Colbertinus,
1203 5582 1267 5615 ne
1293 5572 1525 5628 peccator
1555 5566 1759 5615 tendens
1781 5566 1943 5615 odisse
1958 5581 2159 5629 peccare
2174 5580 2224 5615 se

648 5640 764 5685 juve
790 5640 869 5672 ur.

623 5684 653 5719 "
678 5684 781 5740 Ms.
817 5685 1182 5737 Colbertinus:
1214 5690 1331 5739 Ideo
1361 5691 1547 5741 videris
1572 5691 1631 5740 de
1662 5692 1871 5741 cateris.
1906 5690 1971 5740 Et
2006 5691 2213 5755 adjecit.

1632 143 2087 213 QU/ESTIONES
2124 141 2216 199 EX
2258 139 2599 212 UTROQUE
2641 138 2931 203 MIXTIM.

3795 156 3895 218 2350

2350 268 2543 353 facere
2558 284 2677 351 non
2707 274 2908 350 tamen
2930 270 3117 353 Deum
3139 268 3394 349 placare.
3419 272 3561 353 Deus
3575 275 3711 353 enirn
3726 279 3794 335 sic
3808 284 3895 353 pla.

2348 347 2533 404 catur,
2562 342 2608 395 si
2639 342 2846 396 anima
2872 342 3096 411 peccati
3126 340 3216 394 sui
3264 356 3485 397 memor
3512 345 3564 398 in
3603 340 3895 412 tribulatione

2349 416 2407 466 et
2437 428 2689 467 maerore
2719 412 2937 477 cordis,
2961 412 3178 466 deﬂeat
3252 414 3369 466 uod
3403 418 3658 480 peccavit.
3686 422 3738 475 Et
3758 439 3808 477 se
3844 430 3899 481 ui.

2353 490 2476 536 tur:
2514 483 2844 536 Holocaustis
2871 500 2975 536 non
3006 428 3374 536 delectatgeris.
3406 485 3512 536 Nec
3540 441 3899 536 delectauit-(lin.

2353 490 2476 541 tur:
2514 483 2844 538 Holocaustis
2871 500 2975 538 non
3006 483 3374 538 delectaberis.
3406 485 3512 540 Nec
3540 483 3899 552 delectaturiio-

2350 554 2633 631 locaustis
2668 557 2840 620 Deus,
2862 556 2973 631 sed
2997 557 3053 631 in
3082 555 3430 631 hujusmodi
3450 560 3646 612 causis.
3670 562 3770 631 ipse
3784 567 3899 623 enim

2352 626 2592 698 animus
2628 642 2734 698 pro
2768 642 2831 680 se
2865 625 3207 698 satisfacere
3238 626 3431 698 debet,
3479 644 3587 683 non
3621 625 3776 687 se'de
3797 636 3898 692 foris

2351 696 2663 773 redimere.
2694 700 2840 773 Nam
2875 698 2990 773 ista
3033 697 3395 773 adjutorium
3422 707 3673 769 praestare
3699 716 3899 773 possunt.

2353 768 2614 841 Animus
2648 770 2806 841 enim
2840 771 2989 823 sicut
3025 767 3355 824 oblectatus
3386 767 3465 824 est
3512 772 3564 824 in
3592 767 3818 841 peccatis,
3844 780 3899 834 sic

2354 839 2619 894 tribulari
2633 839 2808 894 debet
2822 841 2877 893 in
2895 841 3322 910 poenitentia,et
3337 839 3898 904 tuncdele‘ctabitDeum

2352 910 2548 983 delere
2579 912 2702 981 ejus
2726 916 2992 983 peccata.
3025 910 3186 966 Unde
3214 912 3489 980 subjecit:
3516 913 3809 983 Sacriﬁcium
3828 920 3900 973 Deo

2350 982 2584 1051 spiritus
2594 982 3016 1037 contribulatus:
3027 998 3119 1035 cor
3129 983 3421 1037 contritum
3433 990 3478 1037 et
3489 982 3789 1042 humiliation
3803 989 3899 1045 Deus

2354 1069 2455 1128 non
2484 1053 2709 1124 spernit.
2737 1054 3002 1128 Ostendit
3026 1054 3203 1124 quale
3226 1055 3569 1128 sacriﬁcium
3599 1073 3691 1126 pro
3714 1066 3901 1128 peccatis

2357 1127 2508 1199 Deus
2541 1125 2820 1195 suscipit;
2850 1125 2991 1195 quia
3020 1140 3137 1180 non
3157 1126 3370 1199 poterit
3398 1128 3571 1181 Deum
3596 1125 3899 1199 placarenisi

2352 1198 2453 1266 qui
2482 1195 2711 1251 laetatus
2734 1205 2820 1251 est
2847 1202 3052 1249 contra
3083 1195 3356 1259 salutem,
3376 1195 3765 1253 contribulatus
3781 1200 3901 1257 fuerit

2353 1268 2547 1340 corde,
2572 1275 2627 1321 et
2645 1269 2729 1340 sic
2753 1268 3149 1340 repareturad
3175 1267 3380 1340 vitam.
3416 1267 3659 1340 Denique
3674 1273 3901 1326 omnisin-

2351 1339 2606 1407 quietus,
2638 1338 2726 1392 vel
2759 1337 3228 1408 indisciplinatus
3256 1337 3591 1409 frequenter
3621 1341 3838 1407 incurrit,
3861 1352 3902 1399 ut

2355 1408 2625 1481 membra
2655 1411 2935 1481 corporis
2969 1410 3163 1471 laedat,
3195 1426 3331 1479 quae
3365 1408 3555 1481 utique
3586 1427 3690 1467 non
3717 1415 3816 1467 sine
3835 1416 3904 1469 do-

2352 1480 2471 1534 lore
2505 1485 2755 1551 possunt
2810 1480 3076 1535 sanitatis
3108 1482 3367 1551 recipere
3402 1480 3758 1537 medicinam:
3786 1486 3848 1538 sic
3868 1493 3905 1538 et

2352 1555 2696 1623 peccatores
2720 1567 2837 1605 non
2871 1557 3125 1623 possunt
3155 1558 3396 1623 peccata
3415 1569 3518 1607 sua
3543 1554 3808 1617 redimere,
3828 1556 3905 1609 nisi

2351 1621 2619 1677 dolorem
2652 1624 2902 1676 senserit
2926 1621 3283 1693 animusqui
3308 1624 3644 1692 peccaverit.
3677 1625 3774 1679 Hoc
3794 1628 3905 1681 enim

2346 1693 2571 1766 justum
2603 1700 2709 1757 est,
2746 1700 2818 1766 ut
2845 1696 2987 1764 quia
3024 1701 3229 1748 contra
3267 1698 3551 1749 rationem
3601 1696 3805 1766 gavisus
3833 1704 3905 1760 est,

2351 1765 2683 1838 secundum
2718 1765 3006 1838 rationem
3054 1766 3310 1838 patiatur
3349 1765 3665 1838 maerorem.
3693 1770 3745 1821 Et
3770 1770 3909 1838 sequi-

2352 1840 2445 1890 tur
2468 1852 2480 1890 :
2515 1836 2753 1906 Benigne
2777 1836 2884 1905 fac,
2920 1836 3165 1899 Domine,
3182 1837 3245 1890 in
3263 1836 3396 1890 bona
3424 1837 3677 1892 voluntate
3698 1845 3777 1891 tua
3798 1836 3905 1892 Sion.

2352 1908 2487 1961 Sion
2521 1908 2724 1962 dicens
2758 1907 3092 1979 Ecclesium
3116 1908 3434 1976 signiﬁcat,
3466 1916 3523 1962 ut
3547 1911 3905 1979 perseveratio'

2351 1984 2553 2033 nostra
2584 1976 3151 2050 nonimprobabilis
3183 1979 3471 2043 videatur,
3505 1976 3593 2034 cui
3626 1987 3680 2034 ut
3725 1981 3909 2049 impleat

2351 2050 2500 2103 Deus
2533 2049 2898 2120 promissum
2960 2066 3159 2115 suum,
3192 2052 3478 2119 suggerit,
3538 2050 3711 2105 sciens
3738 2068 3787 2105 se
3812 2058 3908 2105 tunc

2349 2121 2591 2190 plenam
2622 2121 3037 2193 remissionem
3070 2128 3473 2193 accepturam,
3498 2137 3649 2193 cum
3678 2121 3812 2193 quod
3835 2124 3907 2175 de-

2347 2193 2529 2246 crevit
2560 2195 2709 2247 Deus
2728 2192 2784 2246 in
2812 2192 3042 2247 Christo
3065 2192 3393 2263 impleverit
3417 2213 3428 2251 :
3457 2192 3623 2260 idest,
3641 2192 3772 2247 ut’ab
3789 2194 3905 2247 omni

2348 2268 2593 2331 peccato
2640 2263 2962 2318 liberentur
3006 2270 3315 2333 sperantes
3349 2265 3406 2317 in
3438 2264 3616 2318 salute
3647 2265 3904 2334 promissa;

2346 2336 2485 2405 quia
2545 2350 2665 2389 non
2697 2334 2891 2389 solum
2940 2352 2990 2388 a-
3009 2336 3286 2405 propriis,
3325 2334 3432 2389 sed
3467 2336 3541 2389 ab
3570 2335 3697 2390 Adae
3723 2344 3904 2405 peccato

2345 2405 2509 2475 quod
2538 2405 3031 2475 pertraducemin
3050 2422 3262 2460 omnes
3285 2407 3564 2475 pervenit,
3579 2407 3907 2460 liberabuntur

2345 2492 2451 2547 per
2482 2478 2797 2531 Christum.
2827 2480 2889 2531 Et
2920 2476 3162 2547 adjecit:
3190 2478 3267 2531 Et
3294 2477 3697 2547 asdi/icabuntur
3716 2475 3903 2529 muriJe-

2344 2548 2595 2602 rusalem.
2620 2548 2917 2619 Numquid
2945 2549 3223 2602 destructi
3246 2548 3517 2603 inierant?
3544 2549 3647 2605 Sed
3669 2550 3902 2619 murosle'

2344 2617 2834 2694 rusalemdicens,
2858 2619 3177 2694 Ecclesiam
3202 2619 3652 2694 signiﬁcatque
3680 2636 3765 2694 per
3781 2617 3903 2694 ﬁdem

2343 2690 2399 2744 in
2433 2691 2662 2745 Christo
2692 2691 2985 2760 disposita
3014 2697 3139 2745 erat
3170 2692 3588 2746 construenda.
3621 2690 3774 2759 Cujus
3799 2690 3902 2742 muri

2343 2777 2470 2815 esse
2486 2762 2679 2816 sancti
2705 2761 3423 2831 hominesintelliguntur,
3447 2763 3680 2817 docente
3704 2767 3904 2826 nosqu

2342 2833 2569 2903 calypsi
2599 2833 2845 2887 Joannis
2874 2833 3122 2903 apostoli
3148 2851 3161 2899 ;
3190 2834 3334 2904 quia
3356 2843 3412 2888 et
3437 2834 3734 2888 Jerusalem
3753 2833 3903 2885 civitas

2343 2910 2403 2960 et
2432 2905 2581 2959 muri
2616 2905 2743 2973 ejus
2772 2907 2924 2959 servi
2956 2904 3051 2958 Dei
3087 2912 3223 2975 sunt
3257 2905 3616 2973 intelligendi
3637 2906 3801 2975 (Apoc.
3825 2916 3901 2975 xtl.

2346 2976 2458 3045 12).
2502 2972 2702 3031 Sciens
2724 2978 2898 3030 etiam
2933 2991 3036 3046 per
3062 2974 3360 3031 Christum
3393 2972 3488 3031 rex
3523 2972 3687 3030 David
3708 2972 3901 3044 promis-

2341 3046 2666 3118 sum,quod
2683 3046 2947 3101 futurum
2963 3053 3086 3101 erat
3099 3047 3473 3117 implendum
3489 3048 3561 3102 ad
3575 3047 3903 3118 liberationem

2340 3114 2649 3172 servorum
2669 3118 2788 3183 Dei,
2804 3125 2930 3173 orat
2946 3124 3007 3173 ut
3034 3114 3382 3188 impleatur;
3411 3119 3467 3173 id
3483 3126 3583 3183 est,
3600 3114 3903 3188 utperrﬁdem

2340 3188 2662 3261 aediﬁcetur
2696 3189 2970 3253 Ecclesia,
3005 3197 3060 3244 et
3092 3186 3419 3245 liberentur
3440 3186 3724 3261 sperantes
3747 3187 3806 3261 de
3830 3186 3905 3261 hac

2340 3260 2451 3315 fide
2479 3260 2754 3315 salutem.
2786 3263 2846 3316 Et
2878 3261 3171 3331 sequitur:
3194 3262 3343 3316 Tunc
3358 3257 3903 3331 acceptabissacriﬁcum

2338 3332 2589 3403 iustitiae,
2616 3331 2907 3403 oblationes
2922 3327 3306 3387 et'holocausta.
3341 3336 3458 3388 Hoc
3477 3327 3628 3395 dicit,
3648 3332 3766 3403 quia
3783 3327 3903 3383 obla-

2338 3406 2530 3458 tiones
2556 3402 2981 3474 etrholocausta
3004 3410 3143 3458 tunc
3162 3412 3411 3474 accepta
3438 3404 3546 3458 sibi
3564 3402 3791 3463 haberet,
3806 3412 3903 3474 cum

2336 3482 2489 3528 esset
2507 3473 2760 3529 Ecclesia
2772 3474 3083 3540 aediﬁcata;
3100 3482 3154 3529 et
3168 3491 3285 3529 non
3304 3473 3526 3546 passim
3540 3473 3901 3546 autsecundum

2336 3561 2579 3600 omnem
2608 3548 3126 3617 consuetudinem,
3146 3547 3245 3601 sed
3263 3544 3607 3617 sacriﬁcium,
3636 3544 3902 3617 inquiunt;-

2336 3617 2478 3671 titiaz
2504 3616 2825 3686 acceptabis.
2854 3619 2882 3670 J
2891 3625 3085 3672 ustum
3109 3609 3193 3673 est
3212 3609 3590 3681 sacriﬁcium,
3619 3609 3738 3670 cum
3760 3609 3901 3667 condi-

2336 3703 2519 3763 gnum
2559 3704 2783 3763 munus
2803 3687 3047 3744 offertur
3081 3705 3093 3740 :
3131 3705 3307 3763 porro
3341 3697 3536 3763 autem
3574 3687 3706 3763 nihil
3730 3687 3900 3763 esttam

2328 3760 2560 3830 justum
2596 3760 2951 3815 sacrificium
2985 3766 3039 3815 et
3060 3760 3452 3826 condignum,
3481 3761 3584 3815 nisi
3612 3760 3902 3830 utnosipsos

2335 3824 2658 3903 offeramus
2694 3831 2830 3886 Deo.
2867 3832 3017 3903 Quia
3044 3832 3203 3903 enim
3232 3832 3387 3886 Deus
3416 3824 3645 3903 spiritus
3671 3835 3749 3903 est
3772 3824 3899 3903 (loci;

2334 3916 2408 3967 ιν,
2440 3902 2553 3973 24),
2609 3903 2933 3973 spiritualia
2968 3902 3043 3956 illi
3079 3901 3391 3959 offerenda
3422 3897 3558 3957 sunt
3586 3897 3840 3956 sacriﬁcia,
3864 3898 3902 3970 ill

2335 3974 2469 4027 vivo
2500 3972 2653 4027 viva
2685 3974 2879 4028 hostia
2909 3972 3207 4047 oti‘eratur.
3263 3975 3416 4047 Quia
3449 3975 3601 4029 enim
3639 3974 3838 4047 dixerat,
3862 3978 3900 4047 Ill

2332 4061 2512 4099 causa
2543 4048 2763 4115 peccati
2796 4045 3099 4100 sacriﬁciis
3148 4046 3492 4100 carnalibus
3527 4045 3900 4115 Denmhminlme

2332 4112 2629 4180 delectari,
2661 4117 2914 4171 ostendit
2965 4116 3253 4179 futurum,
3284 4118 3426 4186 quia
3463 4112 3899 4186 spiritualiterlleo

2331 4186 2704 4259 offerendum
2728 4194 2870 4259 erat,
2898 4194 2954 4242 et
2974 4180 3345 4257 acceptaret;
3362 4180 3505 4259 quia
3525 4188 3642 4241 haec
3660 4188 3756 4259 Deo
3774 4180 3901 4259 dign‘a

2332 4264 2467 4330 sunt
2484 4258 2771 4330 sacriﬁcia
2792 4276 2803 4313 :
2834 4258 2947 4313 hoc
2960 4264 3068 4319 est,
3088 4252 3146 4330 in
3169 4252 3466 4330 praeterito
3483 4260 3697 4330 minora
3713 4252 3901 4330 {uetuit}.

2331 4329 2474 4399 quia
2492 4329 2784 4396 carnalia;
2812 4345 2969 4384 nunc
2992 4316 3407 4401 majora,quia
3433 4328 3753 4401 spiritualia.
3832 4316 3898 4370 ad-

2326 4396 2463 4471 jecit
2491 4401 2668 4455 :Tunc
2696 4403 2969 4469 imponent
2989 4396 3153 4470 super
3172 4396 3354 4455 altare
3378 4396 3527 4455 tuum
3554 4398 3745 4453 vitulos.
3770 4396 3886 4447 Sices

2332 4472 2601 4525 santibus
2636 4474 2895 4542 pristinis
2928 4472 3255 4535 sacriﬁciis,
3284 4472 3610 4543 spiritualia
3634 4472 3901 4543 successum

2331 4543 2623 4597 sacriﬁcia
2638 4538 3025 4612 signiﬁcavit,
3055 4543 3201 4613 quid
3231 4538 3331 4597 est
3349 4550 3412 4598 ut
3442 4544 3667 4605 diceret,
3703 4538 3898 4613 TIMqu

2330 4622 2525 4684 ponent
2554 4602 2737 4684 sape;
2750 4615 2924 4668 altare
2958 4602 3109 4669 tuum
3143 4615 3343 4668 vitulos
3366 4635 3385 4671 :
3418 4615 3524 4669 nisi
3551 4602 3683 4684 quia
3706 4602 3897 4684 perllec

2332 4675 2666 4755 corporalia
2698 4686 3030 4755 spiritualia
3051 4686 3345 4755 signiﬁcat
3372 4703 3385 4751 ;
3414 4675 3764 4756 quippe‘cum
3787 4675 3898 4756 dixe-

2331 4756 2423 4819 rit,
2442 4750 2599 4827 'quia
2632 4750 2975 4812 carnalibus
3025 4750 3142 4811 non
3178 4750 3499 4811 delectatur
3524 4750 3895 4827 "P‘Vitulosefﬁ?

2332 4810 2557 4891 dicens,
2595 4810 2881 4898 populum
2908 4810 3210 4883 novellum
3230 4810 3607 4897 signiﬁcavit,
3626 4817 3799 4898 Christi
3819 4810 3893 4898 fidit

2332 4895 2628 4963 renatum,
2645 4895 2815 4968 cujus
2829 4899 3065 4953 devotio
3079 4895 3343 4970 quotidie
3361 4915 3540 4970 super
3551 4898 3722 4970 altare
3734 4895 3894 4970 Domit"

2332 4915 2628 4963 renatum,
2645 4916 2815 4968 cujus
2829 4915 3065 4953 aevouo
3125 4915 3343 4954 uouuie
3361 4915 3540 4970 super
3551 4915 3715 4953 altare
3734 4915 3891 4946 υυωιυι

2331 4970 2647 5026 delibatur.
2675 4971 2782 5036 Qui
2806 4970 2965 5025 enim
2986 4970 3060 5025 de
3079 4915 3345 5025 %cclesia
3369 4964 3891 5037 intelligiturloculpsz

2335 5041 2624 5165 satcrlilﬁcia
2645 5026 2886 5115 quoque
2910 5043 3040 5112 ejus
3061 5041 3393 5110 spiritualia
3418 5026 3761 5110 signiﬁcasse
3777 5026 3892 5084 ἀεὶ)εὲ

2336 5128 2395 5165 in
2428 5129 2457 5165 e
2510 5127 2610 5165 im.

2336 5113 2610 5167 intelligi.

2374 5127 2697 5311 :Ellll'flfla)
2760 5213 2823 5223 —
2858 5184 2969 5238 Cur
3013 5183 3186 5238 Filius
3217 5183 3313 5238 Dei
3366 5182 3586 5237 missus
3629 5179 3710 5239 sit,
3737 5177 3781 5228 et
3815 5174 3890 5221 non

2398 5271 2487 5309 ius
3883 5306 3889 5311 .

2333 5270 2487 5310 alius

2403 5306 2770 5398 Quanquam;
2784 5341 2962 5380 omne
2976 5326 3139 5395 quod
3157 5325 3292 5379 facit
3310 5306 3893 5398 Deus,ratioiiabililf‘l‘:l

2332 5388 2710 5468 providenter
2749 5395 2968 5451 factum
2997 5388 3366 5452 credendum
3400 5398 3473 5449 sit
3507 5410 3522 5459 ;
3555 5390 3736 5468 melius
3754 5388 3890 5468 [ΒΨ-εξ

2332 5454 2493 5539 puto,
2520 5468 2565 5521 si
2593 5474 2724 5538 post
2742 5468 2933 5539 ﬁdem
2956 5468 3133 5523 etiam
3163 5483 3344 5523 causa
3368 5454 3889 5539 facti'pgssitadvéff'g

2334 5522 2394 5594 ίιῖ
2417 5522 2577 5610 (μίοά
2594 5522 2870 5605 ξἓνθάίῑιιν,
2898 5554 3018 5594 non
3037 5522 3360 5609 ignoretur.
3378 5522 3541 5593 Unde
3559 5522 3886 5588 Dominusait:

2390 5629 2404 5660 ¹
2440 5628 2536 5676 Ms.
2568 5626 2920 5685 Colbertinus,
2956 5628 3282 5677 asseveratio.
3737 5677 3745 5686 ,

2393 5691 2467 5752 (α)
2498 5689 2730 5749 Quaestio
2765 5690 2877 5742 haec
2913 5691 3064 5741 deest
3095 5692 3151 5740 in
3176 5690 3305 5745 Mss.
3347 5686 3568 5739 secundi
3590 5689 3787 5748 genens.
