4158 6204
224 177 369 235 2345

225 301 356 355 Hac
385 309 458 356 est
487 308 664 357 autem
692 302 806 355 vita
826 306 1051 363 aeterna,
1078 305 1139 355 ut
1170 308 1489 371 cegnoscant
1516 308 1564 356 te
1585 303 1759 357 solum
1791 319 1873 357 ve-

223 388 351 426 rum
380 373 569 437 Deum,
591 380 642 427 et
663 388 809 444 quem
825 371 1024 425 misisti
1034 371 1215 426 Iesum
1236 372 1511 444 Christum
1529 373 1708 444 (Joan.
1730 390 1871 439 xvn,

222 443 299 513 3).
328 446 587 498 Primum
621 443 780 515 enim
810 444 970 499 credi
1001 444 1196 509 debet,
1230 443 1383 499 sicut
1407 460 1442 499 a
1468 443 1759 515 PrOpheta
1790 447 1875 500 di-

222 520 386 586 ctum
418 521 523 586 est,
552 513 923 586 deindesciri
944 515 1109 585 quod
1139 513 1713 586 crediturzquiajam
1732 516 1877 571 ﬁde-

220 585 337 639 lem
362 586 490 639 etin
508 585 620 640 hac
633 600 693 639 re
711 584 1058 657 diligentem
1080 584 1871 657 adjuvatb‘piritus‘sanctus,

224 664 283 710 ut
316 671 684 724 cognoscens
718 656 1495 726 intelligatﬁdei’rationem.
1520 657 1682 713 Tunc
1714 658 1875 715 enim

220 727 467 801 plenum
498 728 679 801 habet
706 728 997 796 gaudium
1050 728 1410 801 credulitatis
1446 744 1590 793 suae,
1624 730 1670 783 si
1708 730 1875 801 quod

220 798 727 867 creditintelligat.
748 801 864 853 Hoc
877 804 967 855 est
983 802 1141 854 enim
1157 800 1508 862 ﬁdeirobur,
1524 800 1636 855 hoc
1661 798 1877 856 im'mo-

219 870 337 925 bile
352 870 811 925 fundamentum
826 871 961 925 cred
972 870 1525 940 ulitatis,addiscere
1539 887 1875 927 sacramen-

222 948 368 997 tum.
402 941 507 996 Ubi
531 943 690 997 enim
719 941 848 997 sola
867 942 1016 997 fides
1040 947 1147 1010 est,
1172 958 1291 997 non
1317 947 1407 997 est
1433 948 1552 998 tam
1577 959 1741 998 mera
1775 944 1875 998 de-

226 1015 399 1068 votio.
424 1017 690 1084 etpotest
718 1011 952 1068 aditum
981 1014 1202 1069 habere
1228 1013 1550 1084 subreptio.
1583 1016 1745 1069 Unde
1769 1030 1875 1069 vas

218 1084 523 1139 electionis
548 1084 684 1139 ideo
701 1084 958 1151 laborat,
976 1090 1036 1138 ut
1058 1084 1365 1139 credentes
1391 1084 1527 1139 fidei
1547 1101 1670 1139 sua:
1697 1087 1875 1140 ratio-

220 1172 357 1210 nem
391 1156 674 1227 ediscant.
706 1157 854 1227 Cum
880 1156 1040 1209 enim
1094 1158 1478 1224 cognoverint
1509 1163 1770 1227 quantus
1803 1159 1875 1212 sit

219 1228 314 1281 cui
340 1244 402 1281 se
432 1225 807 1293 crediderint,
851 1232 907 1281 et
935 1241 1064 1295 quae
1099 1227 1173 1281 sit
1202 1227 1330 1295 ejus
1359 1225 1619 1296 potentia
1653 1249 1663 1288 ;
1711 1227 1873 1283 nullo

220 1306 420 1368 pacto,
452 1298 734 1368 nullaque
755 1298 985 1351 ratione
1005 1296 1094 1368 ab
1124 1298 1252 1366 ejus
1284 1312 1390 1367 spe
1419 1298 1644 1352 traduci
1679 1314 1739 1353 se
1767 1316 1875 1368 pa-

220 1367 456 1424 tientur.
478 1369 639 1423 Unde
656 1367 876 1440 dictum
902 1367 1176 1440 legimus,
1205 1368 1448 1435 Gustate,
1472 1377 1519 1424 et
1542 1368 1732 1433 videte,
1749 1367 1874 1440 quo-

218 1442 372 1494 m'am
384 1441 564 1494 suavis
576 1439 928 1512 est_Dominus
942 1438 1113 1512 (Psal.
1134 1455 1327 1504 χχχιιι,
1346 1443 1397 1507 9)
1418 1457 1429 1493 :
1453 1446 1511 1495 ut
1525 1440 1662 1512 data
1690 1438 1874 1512 opera

217 1517 592 1580 cognoscant
632 1510 957 1565 divinitatis
984 1509 1115 1579 ejus
1144 1527 1444 1581 saporem,
1478 1509 1871 1581 intelligentes

218 1583 370 1637 nihil
403 1582 727 1652 sapientius
766 1597 891 1635 esse
925 1596 1109 1651 quam
1166 1581 1227 1636 in
1286 1582 1575 1637 Christum
1609 1585 1869 1638 credere.

218 1655 625 1718 Quamobrem
650 1653 776 1723 ipse
806 1653 1070 1723 Magister
1092 1653 1367 1708 Gentium
1384 1656 1758 1710 intercaetera
1771 1657 1871 1722 ait,

218 1726 407 1795 Inquo
424 1731 549 1778 sunt
574 1723 1301 1794 omnesthesaurisapientiaz
1313 1726 1609 1780 etscientiaa
1640 1727 1741 1781 Dei
1760 1726 1875 1780 abs-

216 1796 433 1868 conditi
487 1795 704 1865 (Coloss.
740 1810 797 1859 ιι,
824 1797 921 1868 3)]
955 1800 1011 1850 et
1049 1798 1294 1868 iterum,
1339 1797 1479 1861 Scio,
1526 1798 1734 1868 inquit,
1787 1801 1876 1852 cui

213 1866 449 1931 credidi,
463 1869 591 1936 quia
596 1874 781 1936 potens
792 1867 1171 1938 estdepositum
1180 1884 1352 1922 meum
1363 1866 1710 1938 custodirem
1732 1869 1870 1923 Tim.

216 1954 258 1999 ι,
282 1941 388 2007 t2).
420 1941 598 2006 Igitur
620 1938 712 1991 hic
728 1937 1449 2003 scitﬁdeisuaarationem,
1482 1948 1674 1994 etnon
1702 1941 1875 1995 dubi-

218 2015 303 2065 tat
327 2010 402 2064 de
428 2008 693 2080 potentia
719 2009 872 2079 ejus,
905 2011 1006 2080 qui
1035 2009 1302 2078 intelligit
1327 2027 1537 2065 omnes
1565 2011 1875 2066 thesauros

218 2081 526 2153 sapientiae
540 2080 867 2135 etscientiaa
879 2080 939 2153 in
953 2087 1319 2153 sacramento
1335 2083 1654 2137 nativitatis
1668 2089 1724 2138 et
1736 2099 1876 2153 pas-

217 2152 451 2207 sionnis
497 2155 555 2205 et
595 2152 1039 2207 resurrectionis
1071 2151 1280 2207 Christi
1307 2169 1437 2207 esse
1467 2151 1871 2209 absconditos.

217 2227 485 2280 Manente
502 2236 643 2291 ergo
658 2221 790 2291 ﬁde,
816 2223 1171 2278 diumecum
1193 2224 1435 2288 contuli,
1460 2230 1517 2279 ut
1540 2226 1750 2279 scirem
1771 2241 1876 2280 cur

222 2296 510 2350 Dominus
540 2298 743 2348 noster
771 2293 844 2348 de
878 2295 1062 2348 sacris
1079 2301 1136 2349 et
1164 2294 1233 2349 de
1263 2294 1602 2350 caelestibus
1633 2297 1874 2351 sedibus

216 2366 295 2421 ad
321 2372 537 2421 terram
562 2365 942 2420 incarnatus1
980 2365 1255 2432 venisset,
1276 2372 1330 2421 et
1356 2381 1477 2421 non
1503 2367 1673 2432 alius,
1699 2384 1768 2422 ex
1792 2368 1874 2422 eis

216 2453 373 2508 quos
402 2435 843 2508 ipseDominus
876 2442 1115 2491 sanctos
1146 2436 1401 2505 Angelos
1431 2441 1635 2494 vocat.
1667 2439 1874 2493 Incon-

218 2506 438 2577 gruum
452 2507 611 2563 enim
628 2506 855 2580 videtur
877 2523 1141 2577 personae
1156 2508 1283 2578 ejus
1296 2510 1409 2563 hoc
1426 2524 1580 2580 Opus
1596 2509 1871 2575 subiisse,

216 2580 533 2652 nisicausa
547 2578 905 2634 factinoscat
934 2594 1019 2652 ur.
1049 2582 1310 2652 Denique
1325 2580 1437 2634 hoc
1454 2578 1717 2652 estquod
1746 2596 1875 2634 mo-

216 2657 315 2705 vet
344 2650 587 2705 multos.
620 2651 991 2723 Nampotuit
1022 2650 1120 2705 Dei
1152 2650 1338 2706 Patris
1368 2650 1630 2723 provisio
1662 2668 1767 2722 per
1789 2652 1875 2706 al-

218 2730 408 2776 teram
438 2736 754 2793 personam
780 2721 894 2775 hoc
926 2723 1228 2790 negotium
1260 2721 1482 2793 gerere,
1510 2730 1570 2776 ut
1595 2721 1872 2778 et’homi-

216 2795 398 2849 nibus
420 2794 479 2846 in
496 2807 691 2847 errore
717 2793 1054 2847 constitutis
1086 2795 1429 2849 ostenderet
1458 2794 1788 2858 veritatem,
1819 2799 1876 2850 et

214 2864 530 2920 diabolum
580 2870 1074 2933 praesnmptorem
1114 2869 1171 2919 et
1200 2864 1405 2919 salutis
1435 2864 1702 2919 invidum
1735 2881 1873 2919 cum

216 2936 569 2991 satellitibus
598 2934 728 3005 ejus
751 2936 1191 3005 comprimeret,
1220 2936 1651 3003 etexspoliaret
1678 2936 1875 2990 devic-

216 3005 1340 3078 tum.0uiapervicaciaetirreverentia
1360 3007 1873 3078 nequissimorum

217 3077 849 3141 servorum,ministris
865 3076 1108 3132 famulis
1137 3076 1797 3148 fueratcom'pescenda,
1816 3082 1876 3132 ut

218 3165 346 3206 non
378 3150 663 3203 Dominus
693 3149 968 3203 omnium
999 3164 1124 3203 rem
1157 3149 1270 3204 sibi
1301 3148 1619 3219 indignam
1650 3148 1877 3219 experi-

216 3228 403 3276 retur.
438 3223 636 3290 Neque
652 3220 812 3273 enim
836 3225 999 3275 tanta
1021 3220 1108 3274 vis
1135 3225 1191 3275 et
1222 3222 1484 3291 potentia
1511 3226 1601 3275 est
1623 3226 1871 3285 satanas,

214 3298 283 3348 ut
310 3308 415 3363 per
446 3291 693 3363 alteram
715 3296 1067 3361 potestatem
1097 3291 1369 3360 ejusdem
1397 3292 1755 3346 conditionis
1774 3300 1875 3345 Su-

217 3361 415 3447 perari
449 3361 696 3447 minime
724 3363 1029 3447 potuisset,
1065 3378 1203 3444 cum
1234 3368 1464 3447 constet
1519 3364 1615 3417 Dei
1649 3362 1873 3444 auxilio

215 3433 420 3507 ipsum
442 3435 619 3488 etiam
647 3433 722 3487 ab
744 3433 1091 3507 hominibus
1111 3435 1283 3489 vinci.
1304 3437 1447 3489 Nam
1473 3435 1875 3505 quamvisim-

215 3506 329 3577 par
354 3506 446 3569 sit,
475 3507 521 3559 si
549 3521 619 3560 ex
643 3506 885 3577 terrenis
915 3520 1231 3559 sumamus
1257 3507 1551 3576 exempla,
1582 3512 1777 3561 tamen
1799 3521 1870 3560 ex

216 3575 420 3648 aliqua
435 3583 599 3647 parte
613 3575 965 3648 convenient
980 3576 1213 3632 rationi.
1232 3575 1480 3632 Servum
1494 3577 1650 3631 enim
1668 3582 1873 3632 contra

217 3647 408 3704 David
430 3663 630 3717 regem
651 3647 1055 3712 rebellantem,
1079 3648 1226 3703 Joab
1242 3663 1568 3703 conversus
1593 3649 1718 3717 ejus
1732 3650 1871 3702 mis-

216 3737 321 3775 sus
352 3726 437 3774 est
468 3718 746 3790 persequi
767 3724 823 3773 et
848 3719 1176 3785 trucidare;
1208 3725 1262 3774 et
1294 3727 1500 3773 contra
1526 3717 1785 3773 Absalon
1813 3719 1872 3772 in

216 3796 452 3864 patrem
486 3790 741 3864 impium
774 3792 960 3845 servis
990 3790 1257 3860 injuncta
1284 3806 1377 3844 res
1407 3796 1492 3864 est
1511 3790 1587 3864 (ΙΙ
1614 3791 1871 3864 Reg._xx,

216 3861 274 3925 6,
308 3868 358 3916 et
390 3878 481 3924 xv,
520 3863 605 3932 14)
634 3879 644 3915 ;
674 3866 903 3933 quanto
936 3864 1126 3931 magis
1160 3867 1215 3917 et
1248 3861 1875 3933 tyrannidemgdiaboli

213 3933 581 3989 vincendam
624 3931 801 3987 unius
849 3932 923 3986 de
953 3933 1151 3987 multis
1202 3931 1514 3988 suffecerat
1560 3931 1873 3999 efﬁcacia;

214 4007 447 4077 quippe
503 4020 641 4077 cum
671 4004 943 4077 legamus
982 4004 1125 4077 quia
1154 4019 1502 4075 repugnans
1526 4010 1741 4077 contra
1772 4004 1876 4058 Mi-

216 4074 393 4132 chael
425 4074 852 4146 archangelum
876 4075 1201 4144 perdurare
1227 4074 1345 4130 non
1374 4074 1583 4146 potuit,
1610 4076 1715 4130 sed
1746 4090 1877 4146 pro-

213 4147 485 4218 jectusin
503 4154 717 4201 terram
732 4144 1024 4218 est(Apoc.
1053 4147 1280 4216 xn,’i-9)
1295 4146 1322 4201 ‘I
1340 4144 1458 4202 Hoc
1478 4162 1621 4215 ergo
1642 4144 1878 4218 mecum

218 4216 385 4288 saepe
415 4223 720 4289 reputans,
754 4216 869 4271 hoc
891 4216 1089 4289 solum,
1118 4218 1402 4281 sciebam,
1427 4220 1567 4289 quia
1590 4218 1723 4272 ideo
1752 4217 1878 4288 ipse

224 4306 262 4345 a
295 4292 462 4344 Patre
486 4288 718 4343 missus
740 4292 851 4353 est,
874 4303 945 4342 ne
974 4289 1049 4343 ad
1078 4288 1361 4359 injuriam
1386 4288 1514 4359 ejus
1537 4289 1875 4359 pertineret,

225 4361 274 4415 si
308 4376 462 4430 opus
511 4375 617 4430 per
662 4376 801 4414 eum
834 4358 1075 4423 factum,
1111 4358 1217 4430 per
1246 4358 1495 4415 alterum
1526 4358 1879 4415 reformare-

227 4438 323 4487 tur
340 4434 361 4466 ²
386 4447 397 4483 :
434 4430 536 4486 sed
554 4432 667 4486 hoc
692 4432 841 4486 scire
864 4431 1182 4485 minimum
1204 4439 1349 4485 erat.
1378 4431 1506 4486 Non
1530 4431 1689 4484 enim
1715 4430 1881 4485 satis-

224 4502 482 4574 faciebat
506 4502 584 4574 ad
611 4507 731 4557 tam
760 4518 1041 4574 magnam
1073 4506 1127 4557 et
1165 4502 1880 4574 admirabilemﬁcausam,

226 4573 344 4629 nisi
377 4577 434 4627 et
463 4573 625 4645 aliud
654 4572 1261 4645 comprehenderetur
1285 4573 1449 4645 quod
1471 4573 1784 4645 proﬁceret
1805 4572 1883 4628 ad

224 4661 519 4701 arcanum
577 4643 961 4699 intellectum.
998 4646 1088 4701 Sic
1119 4643 1339 4701 factum
1374 4643 1488 4711 est,
1516 4651 1575 4699 ut
1607 4645 1876 4700 animad-

225 4723 523 4772 verterem
547 4731 795 4771 causam
814 4716 927 4771 hoc
954 4718 1319 4787 poposcisse.
1346 4722 1407 4771 ut
1433 4718 1516 4771 sic
1541 4718 1762 4771 veniret
1781 4715 1885 4787 qui

226 4789 415 4843 venit.
448 4787 649 4857 Ipsum
684 4787 840 4841 enim
872 4787 1024 4842 ratio
1056 4787 1357 4856 tangebat,
1393 4794 1453 4842 ut
1476 4788 1552 4842 ad
1574 4804 1711 4843 eum
1731 4804 1888 4842 com-

228 4859 618 4931 primendum
635 4858 882 4931 veniret,
901 4860 1001 4929 qui
1020 4858 1374 4931 dignitatem
1388 4861 1516 4931 ejus
1530 4865 1585 4931 et
1611 4860 1889 4931 meritum

231 4929 608 5001 usurpasset.
634 4932 766 5001 Post
792 4930 974 4983 Deum
1000 4932 1157 4985 enim
1182 4930 1413 4985 Patrem
1446 4929 1719 4985 diabolus
1740 4930 1889 5001 deus

229 5002 350 5056 dici
386 4999 773 5073 voluit,quod
804 5006 858 5054 et
888 5016 1048 5073 nunc
1076 5001 1597 5073 usquecontendit,
1622 4999 1890 5073 cumiutij

280 5087 353 5126 ue
389 5088 507 5127 non
540 5070 708 5126 illum
741 5087 832 5126 res
862 5070 1246 5141 contingeret,
1298 5072 1401 5126 sed
1434 5078 1591 5127 esset
1621 5073 1732 5126 hoc
1763 5070 1890 5125 Filii

280 5090 353 5126 ue
389 5090 507 5127 non
540 5090 708 5126 mum
741 5090 832 5126 res
862 5090 1246 5141 contingeret,
1298 5090 1401 5126 seu
1434 5090 1591 5127 esset
1621 5090 1732 5126 noc
1765 5090 1890 5125 run

230 5090 363 5206 (Dei,
391 5143 498 5215 qui
534 5150 663 5215 post
692 5143 918 5215 Patrem
956 5143 1141 5197 Deum
1172 5143 1472 5198 secundus
1505 5149 1614 5211 est,
1647 5159 1768 5197 non
1792 5158 1890 5197 na-

235 5220 394 5280 tura,
416 5214 527 5286 sed
556 5214 786 5269 ordine.
818 5214 906 5269 Ad
939 5215 1093 5269 hanc
1124 5229 1265 5283 ergo
1298 5230 1547 5270 causam
1592 5214 1887 5286 agendam

234 5302 359 5341 non
393 5285 577 5340 alium
600 5286 860 5354 oportuit
886 5287 1083 5340 venire
1111 5286 1226 5340 nisi
1252 5286 1542 5341 Christum
1574 5285 1889 5340 DOminum

234 5362 511 5437 nostrum
536 5374 552 5410 :
586 5358 687 5437 qui
713 5372 835 5437 non
866 5363 1094 5437 tantum
1120 5357 1193 5437 ad
1218 5357 1741 5437 comprimendum
1770 5356 1892 5411 dia-

234 5428 443 5484 bolum
481 5428 767 5491 venit,sed
787 5432 843 5483 et
867 5428 1241 5483 manifestare
1263 5430 1521 5499 seipsnm
1545 5428 1709 5482 omni
1736 5443 1895 5482 crea-

238 5506 388 5555 turae
413 5515 427 5553 :
463 5505 523 5555 ut
542 5498 861 5570 reprobata
893 5515 1151 5570 persona
1180 5498 1430 5562 diaboli,
1460 5499 1619 5553 hunc
1644 5514 1772 5552 esse
1794 5514 1895 5554 co-

237 5577 615 5641 gnoscerent,
639 5570 812 5641 cujus
838 5571 1245 5642 principatum
1268 5575 1324 5627 et
1353 5570 1727 5640 majestatem
1750 5585 1897 5642 prae-

303 5661 317 5688 ¹
355 5659 452 5707 Ms.
483 5658 838 5715 Colbertinus,
871 5659 1241 5709 incantandi“.

302 5724 322 5755 ³
356 5721 450 5770 Ms.
478 5720 727 5778 Colbert,
760 5723 1089 5785 reformaret.

533 5802 765 5860 PATBOL.
806 5801 1026 5860 XXXV.

1752 170 2137 240 APPENDIX.

1946 4414 1951 4451 l

3502 189 3642 249 2346

1988 313 2331 385 sumpserat
2361 312 2605 364 satanas
2630 326 2646 379 ς
2689 312 2750 367 et
2779 308 2853 366 de
2880 315 3096 385 cmtero
3120 314 3367 385 cognita
3395 317 3641 374 veritate

1985 376 2385 445 relinquerent
2410 376 2692 445 errorem,
2718 396 2825 445 pro
2847 389 3003 438 certo
3030 376 3322 438 habentes
3342 386 3640 445 Christum

1986 462 2113 529 esse
2143 450 2243 531 Dei
2276 450 2501 530 Fili-nm,
2532 453 2635 523 qui
2658 450 2822 507 solus
2843 455 2994 531 Deus
3019 454 3093 508 de
3116 457 3232 531 Deo
3255 456 3342 520 sit,
3375 461 3432 531 et
3459 465 3641 530 caput

1986 526 2115 597 sive
2137 526 2498 597 principium
2530 539 2740 578 eorum
2771 526 3064 597 omnium,
3100 527 3223 580 sive
3249 542 3382 597 quae
3406 529 3465 582 in
3488 526 3639 587 coelo

1987 595 2139 655 sunt,
2158 592 2281 673 sive
2302 608 2438 673 quae
2456 593 2513 648 in
2546 598 2698 649 terra
2722 612 2733 673 ξ
2752 596 2894 665 quia
2918 597 3133 673 virtute
3149 602 3202 673 et
3221 592 3501 667 potentia,
3517 618 3638 673 qua

1986 667 2289 732 superavit
2309 670 2631 734 tyrannum
2653 672 2945 731 satanam,
2973 667 3384 723 manifestatus
3402 676 3492 725 est
3514 667 3604 734 ips

1986 688 2289 732 θυμω-ἀνα
2310 688 2631 734 tyranuum
2653 688 2945 731 satauam,
2973 688 3384 723 manucsralus
3402 688 3527 725 esu
3578 688 3639 727 se

1986 748 2133 809 esse,
2166 734 2338 809 cujus
2358 735 2671 807 imperium
2691 746 3165 809 praesnmpserat
3189 739 3410 809 impius
3433 688 3641 799 diago-

1983 802 2101 882 lus,
2135 802 2354 882 quiest
2383 802 2650 882 satanas.
2687 802 2840 862 Dum
2872 802 3027 882 enim
3060 802 3469 882 voluitinique
3491 815 3640 870 deus

1984 875 2120 954 dici,
2155 875 2219 931 ut
2247 876 2657 954 dominaretur
2686 880 2963 954 potentiis
2996 875 3406 954 spiritualibu's
3456 884 3638 953 (unde

1983 950 2328 1027 increpatur
2369 950 2727 1027 apropheta
2775 950 3045 1027 dicente,
3086 951 3167 1005 Tu
3222 950 3635 1027 eizim,_inquit,

1983 1017 2183 1091 dixisti
2213 1019 2270 1072 in
2299 1017 2454 1073 corde
2487 1017 2602 1087 tuo,
2631 1021 2834 1075 Ponam
2858 1021 3028 1075 sedem
3045 1038 3217 1077 meam
3244 1023 3302 1076 in
3324 1017 3569 1091 nubibus,
3591 1017 3639 1080 et

1983 1103 2075 1165 ero
2094 1090 2600 1146 similisAltissimo
2622 1091 2780 1164 [Isai.
2804 1109 2917 1160 xzv,
2943 1098 3023 1157 {3,
3056 1092 3195 1165 14]),
3228 1096 3443 1149 multos
3465 1090 3639 1152 deae-

1984 1159 2087 1230 pit,
2112 1175 2371 1235 quorum
2399 1159 2838 1235 conspiratione
2871 1159 3392 1235 princeps'erroris
3423 1167 3641 1222 estfac-

1984 1237 2096 1284 tus.
2132 1231 2251 1312 Qui.
2294 1232 2351 1286 in
2405 1231 2635 1312 Psalmo
2676 1231 3249 1312 comm'onentur,_ut
3304 1237 3637 1312 rejicientes

1985 1303 2383 1374 mendacium,
2402 1306 3077 1374 suscipiantveritatem.
3104 1308 3319 1361 Dicitur
3336 1303 3494 1363 enim
3518 1312 3633 1363 eis:

1987 1372 2180 1452 Tollite
2200 1381 2414 1452 portas,
2436 1372 2735 1452 principes,
2782 1384 3016 1452 vestros;
3044 1383 3092 1431 et
3114 1377 3418 1452 elevamim',
3461 1389 3637 1452 portae

1981 1444 2284 1517 aeternarles,
2316 1452 2365 1499 et
2398 1444 2648 1500 introibit
2676 1464 2775 1501 rea:
2795 1447 3007 1517 gloriae.
3062 1449 3180 1503 Nisi
3211 1450 3368 1503 enim
3398 1444 3639 1507 tollatur

1982 1530 2145 1590 error
2161 1516 2240 1590 de
2264 1516 2564 1590 mentibus
2581 1518 3045 1590 incredulorum,
3069 1533 3187 1573 non
3211 1526 3489 1590 poterunt
3511 1540 3638 1576 sus-

1983 1588 2177 1657 cipere
2210 1587 2389 1643 ﬁdem
2423 1590 2602 1643 unius
2652 1589 2751 1643 Dei
2780 1591 2839 1644 in
2873 1591 3124 1644 Christo.
3160 1587 3276 1645 Hoc
3306 1592 3466 1646 enim
3500 1594 3638 1647 edo-

1984 1664 2208 1719 centur,
2230 1665 2291 1712 ut
2318 1659 2567 1714 sublatis
2594 1661 2777 1730 portis
2852 1677 2914 1715 er
2939 1677 3093 1731 quas
3119 1662 3232 1715 itur
3258 1662 3334 1716 ad
3360 1667 3634 1727 mortem,

1984 1729 2316 1784 secundum
2335 1731 2648 1785 perﬁdiam
2664 1676 2953 1785 adiagolo
2967 1738 3227 1785 casntam
3250 1734 3291 1785 ί.
3309 1734 3634 1785 suscipiant

1984 1729 2316 1805 secundum
2335 1729 2648 1800 perfidiam
2664 1729 3227 1805 adiabolocceptam
3250 1734 3291 1798 ¹,
3309 1734 3640 1805 suscipiant

1983 1799 2119 1874 fidei
2149 1799 2525 1874 sacramenta
2556 1817 2662 1874 per
2685 1818 2820 1874 quas
2852 1803 2967 1856 itur
2997 1799 3076 1857 ad
3105 1804 3314 1859 vitam.
3357 1799 3641 1861 lsta‘sunt

1983 1872 2143 1947 enim
2198 1887 2351 1947 quin
2388 1872 2678 1947 signiﬁcat
2708 1872 2786 1927 'in
2818 1874 3197 1947 aeternalibus
3228 1876 3412 1943 portis
3448 1892 3461 1941 ;
3497 1877 3640 1947 quia

1984 1942 2195 2017 veritas
2216 1942 2353 2017 fidei
2370 1942 2671 2017 mternitas
2688 1950 2819 2017 est:
2854 1944 3105 2017 perfidia
3126 1950 3326 2017 autem
3344 1942 3640 2017 tempora-

1982 2013 2056 2067 lis
2087 2021 2193 2085 est,
2225 2014 2372 2085 quia
2424 2015 2807 2070 mendacium
2848 2013 3189 2070 adiuventio
3242 2013 3482 2071 diaboli
3528 2024 3633 2072 est.

1987 2084 2267 2140 Diabolus
2297 2086 2455 2140 enim
2497 2092 2758 2157 coeptam
2784 2086 3335 2157 praevaricationem
3361 2088 3420 2143 in
3452 2089 3635 2154 caelis,

1984 2157 2298 2211 seminavit
2325 2157 2383 2210 in
2408 2157 2599 2223 terris,
2622 2158 2944 2212 multorum
2964 2157 3215 2212 deorum
3240 2159 3500 2214 suadens
3517 2160 3640 2214 cul-

1985 2233 2201 2301 turam,
2218 2229 2369 2301 inter
2386 2229 2954 2301 quosprincipatum
2986 2229 3249 2283 haberet.
3276 2231 3462 2301 Caput
3479 2232 3637 2286 enim

1983 2303 2042 2371 et
2062 2300 2431 2371 principium
2462 2299 2644 2371 voluit
2673 2316 2801 2354 esse
2832 2306 3198 2367 cancrorum,
3236 2299 3399 2371 quod
3431 2317 3553 2356 non
3584 2302 3639 2357 ei

1982 2369 2332 2440 debebatur,
2365 2371 2470 2424 sed
2504 2370 2817 2427 Salvatori.
2860 2371 3022 2426 Unde
3072 2369 3451 2441 persequitur
3499 2388 3639 2428 eum

1985 2456 2174 2512 usque
2204 2442 2278 2495 ad
2312 2450 2547 2506 terram,
2578 2448 2638 2496 ut
2660 2443 3230 2513 comprimenseum
3252 2443 3531 2498 ostendat
3555 2459 3641 2499 er-

1982 2513 2133 2567 roris
2155 2513 2282 2580 ejus
2314 2511 2860 2582 praevaricationem
2890 2511 3267 2567 manifestata
3315 2515 3373 2567 in
3404 2530 3465 2569 se
3492 2516 3639 2569 veri-

1984 2588 2118 2637 tate.
2155 2584 2317 2638 Unde
2344 2584 2571 2638 dictum
2595 2591 2682 2639 est
2708 2603 2720 2639 :
2755 2584 3038 2639 Veritasde
3055 2592 3207 2639 terra
3226 2591 3350 2638 orta
3374 2586 3635 2652 est(Psal.

1982 2670 2211 2719 LXXXIV,
2241 2655 2351 2724 12).
2392 2655 2695 2723 Projectus
2722 2658 2881 2710 enim
2927 2655 3001 2709 de
3050 2656 3233 2719 caelis,
3268 2656 3533 2725 confugit
3563 2657 3640 2711 ad

1981 2730 2293 2797 terras.iut
2320 2725 2664 2797 meditatam
2719 2725 3089 2797 divinitatem
3119 2727 3176 2780 in
3211 2728 3505 2797 supernis,
3540 2744 3642 2783 ex-

1983 2796 2164 2877 pleret
2188 2796 2249 2877 in
2281 2796 2683 2877 inferioribus.
2722 2796 2884 2877 Unde
2914 2797 3057 2850 dicit
3082 2796 3442 2877 AposidlusA:
3468 2799 3556 2852 Ita
3580 2805 3642 2877 ut

1982 2866 2040 2921 in
2065 2866 2259 2938 templo
2288 2868 2393 2921 Dei
2420 2867 2615 2933 sedeat,
2668 2867 2941 2921 ostendens
2966 2883 3071 2921 sese
3100 2866 3255 2938 quasi
3297 2870 3369 2922 sit
3402 2874 3540 2925 Deus
3569 2871 3641 2938 (ll

1992 2939 2170 3010 Thess.
2201 2954 2258 3001 ιι,
2290 2940 2362 3010 li).
2399 2940 2653 3010 Quoquo
2674 2940 2833 3010 enim
2859 2938 3040 2993 modo
3070 2939 3442 2995 desiderium
3461 2957 3639 2996 suum

1983 3009 2230 3080 implere
2253 3008 2377 3062 vult
2404 3008 2779 3064 etdainnari:
2806 3009 3001 3064 furore
3027 3010 3185 3065 enim
3207 3010 3420 3080 plenus
3441 3012 3642 3067 minus

1982 3086 2161 3160 putat.
2183 3095 2313 3135 esse
2341 3080 2638 3144 damnari,
2665 3095 2852 3150 quam
2884 3095 3002 3135 non
3036 3081 3273 3153 explere
3296 3082 3642 3139 aviditatem

1982 3166 2217 3206 eI‘I‘OI'lS.

2526 3236 2811 3275 ADVERSUS
2850 3235 3125 3276 PAGANOS.

2053 3293 2209 3364 CXIV
2247 3292 2349 3364 (a).
2393 3322 2460 3333 —
2501 3293 2631 3364 Qua
2668 3292 2897 3364 ratione
2937 3291 3163 3360 Pagani
3202 3291 3491 3348 adversus
3532 3308 3643 3348 nos

1982 3362 2577 3433 audeant'congredi,
2621 3368 2723 3418 aut
2752 3362 2931 3418 ﬁdem
2966 3368 3228 3418 nostram
3263 3363 3639 3434 impugnare,

1982 3451 2045 3490 se
2068 3440 2264 3490 autem
2295 3440 2504 3507 putent
2525 3433 2832 3489 absolutos
2860 3450 3007 3500 esse,
3043 3449 3163 3489 non
3190 3433 3382 3507 video.
3414 3435 3644 3504 Quippe

1979 3522 2116 3562 cum
2135 3505 2572 3562 nulla’habeant
2591 3507 2987 3561 assertionum
3002 3521 3245 3560 suarum
3259 3505 3642 3574 documenta,

1980 3578 2411 3649 superstitionis
2457 3593 2581 3632 suae
2626 3578 2820 3647 magis
2854 3578 3049 3649 dicam
3082 3592 3267 3647 quam
3318 3576 3640 3649 religionis.

1978 3647 2128 3704 Nam
2145 3665 2280 3719 quae
2299 3654 2473 3703 cauta
2487 3664 2605 3703 non
2623 3649 2867 3713 habent,
2890 3647 3218 3719 proferunt,
3236 3652 3295 3701 ut
3313 3648 3426 3718 ipsi
3446 3649 3643 3718 potius

1981 3718 2274 3775 novarum
2304 3736 2501 3774 rerum
2528 3725 2801 3774 auctores
2834 3726 2887 3773 et
2917 3718 3262 3773 defensores
3285 3720 3637 3774 habeantur.

1982 3793 2173 3872 Primo
2186 3792 2344 3871 enim
2359 3792 2421 3871 in
2442 3791 2575 3872 loco
2595 3790 2741 3872 deos
2761 3806 2820 3872 se
2843 3794 3120 3872 asserunt
3140 3790 3330 3872 colere
3351 3809 3363 3846 :
3384 3806 3644 3872 quorum

1981 3862 2432 3931 nullainsignia.
2454 3862 2617 3916 nulla
2632 3862 2772 3916 dant
2792 3861 3153 3916 testimonia.
3177 3860 3311 3916 Illos
3325 3860 3484 3917 enim
3501 3862 3644 3918 deos

1983 3934 2306 4006 appellant,
2340 3933 2442 4006 qui
2475 3948 2538 4006 se
2569 3934 2696 3988 ausi
2738 3949 2858 3988 non
2891 3938 3031 4006 sunt
3069 3933 3183 3988 hoc
3224 3934 3466 4006 nomine
3498 3950 3647 3989 nun-

1984 4004 2224 4076 cupare,
2275 4010 2339 4059 ut
2368 4004 2644 4060 homines
2676 4012 2948 4060 auctores
2992 4004 3243 4076 deorum
3285 4004 3642 4071 habeantur,

1984 4075 2119 4131 cum
2142 4077 2295 4157 Deus
2317 4076 2754 4157 auctordebeat
2772 4092 2906 4157 esse
2925 4075 3269 4157 hominibus
3288 4093 3301 4131 :
3323 4091 3392 4131 ac
3408 4093 3514 4157 per
3527 4077 3647 4157 hoc

1984 4163 2138 4203 vanu
2155 4147 2422 4203 etinanis
2452 4150 2701 4202 assertio
2724 4154 2828 4203 est.
2851 4148 3153 4217 Quidquid
3179 4147 3336 4201 enim
3372 4147 3500 4201 sine
3527 4148 3645 4201 Deo

1985 4225 2090 4284 est,
2116 4219 2325 4273 stabile
2357 4234 2485 4273 esse
2526 4235 2645 4273 non
2679 4223 2924 4290 postest.
2968 4217 3272 4290 Manifesta
3306 4219 3482 4290 enim
3515 4232 3647 4290 esse

1985 4306 2121 4362 qua:
2148 4290 2587 4413 diophprobant
2605 4284 2738 4345 lib-ri
2768 4305 2996 4369 eorum,
3021 4290 3077 4342 in
3096 4287 3320 4367 quibus
3345 4284 3648 4342 nihildivi-

1986 4378 2154 4413 nnm.
2202 4361 2324 4413 mhi
2402 4364 2517 4413 Deo
2562 4362 2801 4413 iubente
2840 4360 3053 4413 legitur
3083 4362 3508 4413 constitutum:
3542 4359 3645 4412 sed

1986 4358 2154 4426 rium,
2202 4358 2349 4416 nihil
2402 4364 2517 4416 Deo
2554 4361 2801 4430 jubente
2840 4360 3053 4427 legitur
3083 4358 3466 4413 cpnstitutum
3495 4375 3508 4423 ;
3542 4359 3645 4412 sed

1990 4432 2258 4502 singulos
2302 4433 2463 4511 viros
2518 4436 2760 4511 propter
2809 4430 3109 4511 quasdam
3155 4445 3368 4511 causas
3409 4430 3648 4511 diversa

1990 4499 2264 4559 asserunt
2307 4499 2994 4557 institiiisse'munimum
3028 4499 3339 4563 sacrificia,
3376 4504 3436 4555 ut
3474 4500 3512 4554 ii
3542 4500 3644 4571 qui

1991 4575 2212 4630 nullius
2270 4574 2461 4629 meriti
2505 4574 2798 4635 videntur,
2846 4588 2914 4626 ea
2963 4572 3090 4642 ipsa
3138 4586 3272 4642 qua:
3319 4576 3648 4627 statuerant

1991 4646 2170 4715 digne
2227 4646 2509 4699 statuisse
2556 4641 3271 4715 probarentur.’Quando
3318 4657 3458 4715 ergo
3494 4658 3647 4713 quos

1991 4712 2137 4773 deos
2179 4715 2505 4786 appellant,
2548 4712 2695 4770 nihil
2735 4715 2949 4769 horum
3004 4712 3325 4768 mandasse
3347 4712 3645 4786 leguntur;

1993 4804 2114 4861 qua
2146 4784 2495 4861 auctoritate
2524 4786 2582 4840 hi
2624 4786 2878 4861 faciunt,
2922 4791 3024 4861 aut
3065 4788 3311 4853 accepto
3353 4784 3485 4861 ferri
3532 4801 3651 4861 mpu-

1995 4855 2141 4925 (ant,
2180 4860 2343 4929 quod
2364 4873 2482 4912 non
2507 4857 2767 4927 probant
2798 4856 3194 4929 mandatum_;
3220 4871 3355 4909 cum
3392 4855 3442 4929 si
3469 4855 3649 4929 etiam

1994 4927 2354 4986 mandatum
2406 4929 2776 4999 probaretur,
2816 4927 3290 4999 examinandum
3342 4927 3652 4999 priusifue-

1996 5010 2086 5058 rat
2146 5002 2193 5055 si
2252 4998 2504 5069 dignum
2555 5004 2847 5055 essetaut
2904 4999 3174 5053 debitum
3235 4998 3327 5052 his
3385 4998 3649 5065 obedire,

2044 5088 2253 5127 uorum
2289 5072 2451 5127 nulla
2481 5072 2673 5141 signa,
2721 5077 2822 5126 aut
2871 5070 3165 5141 prodigia,
3200 5069 3293 5141 ad
3343 5083 3650 5141 commen:

2042 5144 2303 5198 ationem
2362 5137 2693 5197 divini—tatis
2750 5143 2805 5196 in
2853 5137 3030 5196 rebus
3061 5137 3244 5208 gestis
3291 5137 3654 5194 existerent?

2001 5216 2111 5270 Sed
2146 5214 2338 5269 solent
2378 5214 2455 5268 ab
2480 5212 2574 5267 his
2600 5212 2820 5268 exclusi
2860 5214 2933 5268 ad
2968 5212 3261 5266 elementa
3309 5210 3652 5279 confugere,

1998 5286 2260 5341 dicentes
2293 5286 2419 5340 haec
2450 5301 2512 5338 se
2542 5284 2732 5339 colere
2763 5299 3023 5355 quorum
3057 5281 3477 5355 gubernaculis
3502 5281 3655 5355 regi-

2001 5364 2093 5412 tur
2121 5359 2241 5412 vita
2274 5357 2560 5410 humana.
2600 5361 2644 5409 Α
2682 5353 2923 5426 quibus,
2957 5360 3017 5408 ut
3060 5367 3263 5421 supra,
3295 5353 3655 5426 requirimus

2000 5428 2050 5482 si
2101 5428 2455 5483 mandatum
2506 5432 2595 5481 est
2625 5424 2727 5481 aut
2760 5426 2995 5495 jussum
3027 5440 3060 5480 a
3096 5426 3233 5488 Deo,
3265 5439 3443 5493 quem
3467 5424 3651 5495 etiam

2001 5499 2116 5571 ipsi
2152 5514 2439 5568 magnum
2472 5504 2526 5553 et
2553 5494 2859 5552 summum
2904 5497 3180 5560 fatentur,
3232 5500 3287 5550 et
3346 5494 3655 5564 negligunt

2062 5599 2078 5629 ί
2123 5596 2220 5645 Ms.
2267 5595 2620 5652 Colbertinus,
2677 5594 2745 5643 ad
2778 5598 2989 5643 mortem
3029 5592 3320 5648 secundam,
3371 5606 3481 5655 qua:
3536 5596 3655 5642 sunt

2001 5660 2225 5724 perﬁdia
2255 5673 2287 5707 a
2316 5658 2519 5724 diabolo
2554 5661 2735 5724 empta.

2067 5716 2140 5786 (ὰ)
2169 5721 2400 5783 Quaestio
2435 5720 2548 5773 haec
2580 5716 2732 5774 deest
2757 5720 2813 5769 in
2841 5719 2965 5768 Mss.
3000 5716 3221 5769 secundi
3254 5717 3482 5779 generis.

2705 5797 3367 5879 (Soixante-quatorze.)
