4158 6204
631 145 774 200 2347

626 284 783 325 eum.
819 266 875 322 Si
919 264 1079 322 enim
1126 259 1251 318 ﬁeri
1299 259 1499 323 debet,
1544 258 1623 315 ab
1668 258 1766 313 illo
1802 257 2077 313 mandari
2105 271 2278 327 opor-

626 342 756 405 tuit,
800 339 902 411 qui
948 343 1153 411 auctor
1195 350 1404 389 eorum
1444 332 1678 411 dicitur.
1730 330 1796 411 Si
1836 334 2034 411 autem
2079 328 2277 384 abillo

625 400 857 467 nonest
892 407 1265 470 mandatum,
1297 403 1687 475 prmsumptio
1718 405 1822 475 est,
1858 408 1915 475 et
1934 400 2008 455 ad
2034 415 2274 471 pcenam

669 481 912 545 roliciet,
969 494 1089 533 non
1146 478 1220 531 ad
1272 472 1607 545 praemium;
1660 473 1801 543 quia
1845 472 1919 526 ad
1971 480 2276 545 contume-

645 556 764 609 iam
793 543 1037 623 pertinet
1071 543 1421 623 Conditoris,
1454 551 1515 599 ut
1540 551 1881 623 contempto
1906 543 2152 623 Domino
2184 559 2274 623 co-

624 615 826 680 lantur
849 622 1023 685 servi,
1055 628 1106 673 et
1138 619 1332 673 sbreto
1360 620 1717 687 imperatore
1744 616 2067 687 adorentur
2097 615 2276 670 comi-

628 702 735 750 tes.
772 693 1087 758 Quomodo
1128 692 1275 744 istud
1320 686 1683 759 impunitum
1724 687 1849 750 erit,
1875 686 2055 759 quod
2095 686 2275 759 etiam

623 757 813 822 inhac
848 765 965 817 vita
986 761 1294 824 vindicari,
1343 757 1685 830 etquidem
1734 758 2031 821 acerbius,
2078 757 2273 830 videa-

627 836 791 892 mus?
826 834 939 890 Sed
970 834 1016 887 si
1044 832 1191 887 forte
1208 832 1285 886 ab
1318 828 1781 901 ipsis'elementis
1806 830 2005 883 dicant
2032 828 2278 882 manda-

626 914 772 972 tum,
800 906 1124 960 ostendant
1144 900 1360 958 alicubi
1385 906 1771 973 prmceptuiu,
1792 900 1988 968 legant
2011 901 2279 973 aliquan-

624 980 701 1033 do
742 976 965 1048 aliquid
1013 972 1397 1048 illalocntai
1428 975 1599 1048 Quod
1658 972 1702 1025 si
1756 988 1878 1027 non
1932 972 2277 1037 ostendunt,

623 1065 744 1121 qua
775 1046 955 1119 βὼηᾶ
981 1046 1143 1121 digni
1174 1052 1332 1121 sunt,
1366 1046 1469 1114 qui
1502 1050 1773 1121 auctores
1816 1048 2193 1121 praesumpta;
2225 1048 2279 1095 et

623 1114 893 1177 confictas
922 1118 1217 1183 religionis
1249 1114 1648 1183 deteguutur?
1674 1115 1876 1169 Libera
1908 1122 2045 1168 sunt
2076 1130 2140 1168 ex
2166 1114 2279 1168 hac

623 1194 925 1262 impietate
966 1192 1279 1262 elementa.
1308 1188 1645 1262 Ipsaenim
1666 1186 2020 1262 _lnminaria
2069 1184 2277 1262 mundi

626 1256 997 1319 accusabunt
1024 1261 1153 1314 illos
1180 1256 1628 1330 apudjndicem
1664 1257 1873 1319 Deum,
1907 1257 2047 1327 quia
2078 1257 2140 1330 in
2168 1256 2279 1309 hac

624 1334 856 1389 consilii
896 1334 1154 1386 vanitate
1205 1327 1449 1384 minime
1499 1346 1559 1382 se
1617 1335 1887 1382 auctores
1937 1327 2277 1381 ostendunt.

624 1406 896 1460 Similiter
922 1408 977 1457 et
1007 1402 1091 1455 illi
1135 1417 1285 1471 quos
1326 1416 1460 1453 cum
1503 1406 1728 1454 constet
1756 1399 2031 1453 homines
2064 1398 2276 1471 fuisse,

625 1478 770 1531 deos
804 1470 1175 1542 nuncupant,
1212 1488 1348 1525 cum
1380 1472 1659 1540 coeperint
1698 1486 1806 1541 pro
1852 1470 2112 1542 peccatis,
2156 1472 2278 1542 suis

629 1545 901 1607 cruciari,
935 1546 993 1597 in
1018 1540 1132 1597 hac
1166 1548 1331 1613 parte
1366 1543 1607 1596 minime
1636 1540 1715 1595 se,
1736 1558 1864 1595 reos
1896 1556 2025 1613 esse
2083 1540 2280 1594 defen-

627 1618 787 1680 dent,
819 1616 877 1669 in
904 1615 1013 1669 hos
1043 1615 1264 1667 crimen
1294 1613 1407 1667 hoc
1429 1618 1861 1683 rctorquentes,
1891 1612 2110 1683 quibus
2142 1628 2280 1665 cum

628 1688 744 1743 hoc
779 1701 896 1741 non
929 1686 1333 1746 mandassent,
1368 1690 1431 1739 ut
1474 1684 1619 1738 deos
1669 1684 1796 1738 illos
1842 1685 2030 1738 colere
2090 1699 2281 1753 cmpe-

625 1765 784 1814 runt.
820 1758 1000 1825 Igitur
1030 1772 1151 1880 quo
1187 1758 1411 1825 pudore
1445 1756 1625 1810 fidem
1660 1762 1925 1809 nostram
1966 1756 2278 1823 reprehen-

627 1830 772 1880 dant
803 1835 903 1880 aut
933 1828 1030 1880 irri
1079 1829 1297 1880 endam
1328 1832 1553 1880 nutent.
1596 1843 1854 1880 quorum
1886 1827 2076 1880 lenem
2106 1826 2278 1879 virtu-

627 1830 772 1885 dant
803 1835 903 1884 aut
933 1826 1297 1881 irridendam
1328 1832 1553 1896 putent,
1596 1843 1854 1897 quorum
1886 1827 2076 1894 legem
2106 1826 2278 1879 virtu-

627 1907 751 1956 tum
786 1898 1133 1954 testimoniis
1176 1898 1402 1962 fultam,
1452 1914 1684 1951 necnon
1718 1905 1769 1950 et
1826 1900 2015 1968 ipsius
2052 1897 2279 1951 Domini

627 1988 695 2028 ac
718 1973 811 2025 Dei
837 1971 1021 2025 nostri
1048 1970 1317 2039 relegunt
1339 1985 1546 2022 vocem
1569 1969 1839 2032 dicentis,
1860 1970 2093 2038 Egosum
2122 1969 2279 2030 Deus,

628 2052 677 2097 et
706 2059 812 2096 non
852 2050 924 2096 est
954 2041 1098 2094 alius
1139 2045 1341 2109 praeter
1370 2057 1452 2093 me
1483 2040 1635 2110 (Isai.
1672 2057 1801 2105 xnv,
1833 2044 1921 2102 21,
1948 2041 2036 2109 22)
2059 2040 2086 2094 ‘I
2113 2039 2281 2103 Quod

627 2115 676 2168 si
704 2114 882 2167 nudis
916 2112 1111 2166 verbis
1136 2113 1375 2175 diceret,
1407 2128 1524 2165 non
1557 2117 1681 2166 erat
1712 2113 1762 2164 ei
1791 2112 2181 2177 credendum,
2212 2127 2282 2165 ne

628 2186 848 2240 similes
880 2185 1131 2250 Paganis
1167 2183 1521 2254 videremur,
1546 2183 1646 2254 qui
1675 2182 1839 2237 nulla
1867 2184 2115 2237 deorum
2149 2198 2279 2236 suo:

625 2273 759 2311 rum
790 2256 962 2323 signa
994 2253 1327 2323 majestatis
1366 2253 1653 2315 videntes,
1694 2255 1885 2308 colere
1942 2270 2041 2309 eOs
2083 2270 2281 2322 cmpe-

624 2332 804 2391 ruut;
841 2333 917 2389 et,
959 2326 1121 2397 quod
1154 2326 1324 2395 pejus
1350 2332 1458 2397 est,
1493 2326 1824 2379 inhonesta.
1875 2326 2093 2396 Turpia
2122 2325 2279 2397 enim

626 2399 740 2453 illic
763 2396 1039 2467 aguntur,
1074 2413 1209 2467 quas
1242 2396 1488 2466 pudoris
1511 2404 1597 2452 est
1630 2398 1911 2459 revelare,
1946 2406 2001 2451 et
2026 2396 2287 2467 pruden-

627 2474 714 2524 tes
746 2486 806 2522 se
838 2468 1164 2539 appellant,
1198 2469 1341 2537 quia
1373 2467 1445 2521 de
1492 2468 1619 2536 lege
1655 2484 1767 2522 sua
1799 2469 1950 2521 sicut
1981 2484 2015 2522 a
2048 2470 2281 2521 Samar-

626 2540 779 2595 daco
800 2539 1145 2593 illuduntur.
1178 2541 1356 2593 Porro
1373 2545 1571 2593 autem
1600 2542 1749 2593 Deus
1778 2544 1977 2593 noster
2000 2544 2143 2593 teste
2175 2539 2281 2591 vir-

627 2617 747 2667 tute
782 2610 891 2665 coli
922 2626 984 2664 se
1016 2611 1355 2664 mandavit:
1386 2617 1441 2664 et
1474 2618 1535 2665 ut
1560 2610 1700 2665 nihil
1728 2610 2083 2680 suspicionis
2104 2609 2283 2663 relin-

625 2688 853 2755 queret,
882 2682 1074 2751 legem
1106 2681 1299 2749 ipsam
1332 2682 1646 2755 honestam
1680 2688 1735 2735 et
1779 2687 2072 2755 sanctam,
2118 2686 2189 2755 ut
2229 2685 2284 2734 et

626 2752 746 2809 Deo
804 2754 1050 2823 dignum
1092 2756 1199 2817 est,
1242 2753 1504 2806 tradidit.
1548 2756 1661 2807 Nos
1702 2768 1839 2807 vero
1883 2754 1983 2823 qui
2034 2752 2192 2806 stulti
2248 2767 2283 2805 a

625 2825 880 2895 Paganis
910 2824 1182 2895 dicimur,
1220 2826 1335 2877 Deo
1371 2829 1574 2878 nostro
1634 2839 1753 2878 non
1799 2823 2280 2885 credidissemus,

624 2897 740 2951 nisi
772 2895 946 2950 nobis
978 2894 1356 2949 satisfecisset
1385 2896 1561 2949 etiam
1592 2895 1949 2949 testimoniis
1979 2895 2280 2958 virtutum;

622 2984 733 3023 nec
754 2966 949 3035 legem
973 2965 1103 3035 ejus
1125 2966 1613 3035 suscepissemns,
1646 2968 1693 3021 si
1724 2982 1842 3021 non
1872 2966 2033 3021 illam
2067 2981 2282 3036 puram

624 3043 681 3094 et
717 3040 847 3108 ipsa
878 3036 1248 3108 professione
1279 3038 1521 3099 dignam
1567 3038 2080 3107 cognovissemus.
2136 3036 2282 3108 Hinc

629 3107 904 3165 estnndé
940 3108 1088 3163 nihil
1143 3108 1305 3179 apud
1347 3124 1459 3163 nos
1509 3109 1569 3163 in
1612 3109 1867 3164 tenebris
1924 3109 2014 3163 vel
2054 3107 2282 3164 occulte

623 3180 861 3248 geritur.
895 3181 1081 3235 Omne
1113 3182 1269 3235 enim
1300 3180 1462 3250 quod
1505 3180 1821 3236 honestum
1865 3183 2062 3244 scitur,
2094 3179 2283 3249 publi-

622 3252 745 3307 cari
779 3267 899 3306 nou
935 3252 1168 3307 timetur
1202 3250 1383 3305 :illud
1419 3257 1620 3306 autem
1666 3254 1827 3322 quod
1880 3259 2047 3322 turpe
2096 3256 2186 3305 est
2228 3254 2285 3305 et

620 3323 1026 3388 inhonestum,
1052 3322 1401 3393 prohibente
1423 3323 1651 3394 pudore
1672 3339 1789 3377 non
1811 3328 2000 3393 potest
2023 3322 2285 3392 publica-

620 3395 687 3449 ri.
742 3394 1145 3460 Quamobrem
1188 3396 1407 3462 Pagani
1442 3394 1723 3465 mysteria
1754 3410 1861 3465 sua
1909 3394 1966 3446 in
2027 3394 2284 3465 tenebris

622 3465 944 3533 celebrant,
988 3465 1078 3519 vel
1117 3465 1173 3518 in
1206 3480 1275 3519 eo
1316 3464 1657 3535 prudentes.
1703 3464 2073 3519 Erubescunt
2120 3464 2279 3518 enim

618 3537 819 3608 palam
855 3536 1060 3608 illudi:
1096 3535 1332 3608 piacula
1352 3537 1383 3608 -ί
1420 3537 1573 3591 enim
1617 3551 1751 3605 quae
1784 3536 1895 3590 illic
1960 3537 2082 3608 vice
2136 3536 2278 3605 legis

622 3606 902 3677 aguntur,
933 3607 1142 3678 nolunt
1173 3606 1574 3672 manifestare,
1610 3623 1682 3661 ne
1707 3608 1809 3678 qui
1838 3607 2162 3678 prudentes
2217 3623 2278 3661 se

619 3679 844 3744 dicunt,
862 3679 1104 3751 hebetes
1119 3677 1212 3731 his
1230 3679 1539 3751 videantur
1559 3694 1713 3751 quos
1729 3677 1938 3733 Stultos
1953 3678 2275 3751 appellant.

623 3750 732 3805 Sed
777 3766 850 3804 ne
881 3750 1027 3803 forte
1051 3750 1189 3804 hinc
1232 3750 1342 3803 illis
1391 3750 1547 3804 stulti
1578 3749 1929 3815 Vvideamur,
1987 3752 2130 3820 quia
2185 3749 2278 3803 lex

617 3826 821 3892 nostra
861 3820 1210 3886 castitatem,
1256 3821 1748 3886 misericordiam,
1791 3823 2092 3892 pietatem,
2144 3837 2280 3875 con-

617 3889 930 3962 tinentiam
974 3893 1468 3962 praedicatzapud
1518 3892 1649 3946 illos
1709 3889 1867 3947 enim
1922 3893 2043 3947 hzec
2100 3893 2278 3946 stulta

619 3966 777 4033 sunt,
801 3961 943 4033 quia
964 3964 1161 4015 omnis
1184 3961 1379 4017 bonus
1400 3963 1559 4017 malo
1582 3963 1776 4017 malus
1806 3970 1911 4028 est,
1937 3970 1991 4018 et
2015 3964 2277 4033 prudens

618 4031 793 4085 stulto
843 4032 1180 4086 insensatus
1231 4038 1341 4089 est.
1393 4037 1535 4088 Nam
1572 4034 1629 4087 in
1672 4038 1904 4088 tantum
1949 4031 2275 4089 castitatem

616 4109 1020 4176 exsecrantur,
1066 4108 1131 4176 ut
1160 4103 1335 4159 etiam
1369 4104 1610 4159 ciumdis
1641 4104 2022 4171 delectentur,
2058 4106 2273 4176 magis-

616 4175 762 4229 terio
790 4190 995 4247 eorum
1024 4175 1275 4243 subjecti
1306 4192 1319 4239 ;
1364 4176 1464 4247 qui
1496 4175 1608 4230 uisi
1640 4176 1782 4229 tales
1814 4177 2048 4239 fuerint,
2078 4175 2275 4231 idonei

616 4262 735 4300 non
761 4246 1081 4318 eruntipsi,
1110 4246 1156 4300 si
1178 4246 1500 4301 dicendum
1528 4252 1636 4309 est,
1658 4248 1945 4316 religioni.
1968 4251 2278 4318 Propterea

616 4318 776 4372 enim
820 4318 1276 4383 abscinduntur,
1321 4324 1376 4373 et
1414 4318 1685 4373 habitum
1722 4320 2060 4383 immutant,
2094 4326 2153 4373 ut
2203 4320 2277 4373 de

614 4389 754 4460 viris
794 4390 966 4460 quasi
1008 4389 1240 4443 feminae
1280 4390 1447 4457 fiant,
1481 4396 1534 4444 et
1572 4394 1779 4444 contra
1821 4398 2095 4445 naturam
2140 4391 2276 4445 sub-

608 4459 747 4529 jecti
801 4459 1116 4532 muliebria
1159 4461 1478 4531 patiantur,
1514 4467 1570 4515 et
1611 4468 1749 4516 tunc
1775 4462 2020 4517 demum
2058 4463 2179 4532 apti
2220 4468 2276 4516 et

612 4532 777 4602 digni
808 4531 923 4604 sint
948 4532 1197 4586 ministri
1228 4533 1661 4604 superstitionis
1693 4533 1940 4588 illorum.
1972 4531 2273 4604 Numquid

611 4603 878 4674 accusari
910 4609 1103 4672 potest
1134 4603 1505 4672 hujusmodi,
1540 4620 1719 4674 quem
1752 4604 1843 4659 lex
1873 4605 2011 4659 facit
2044 4603 2220 4659 talem
2245 4604 2272 4659 Ὺ

612 4672 751 4726 Ideo
773 4675 928 4727 enim
956 4676 1179 4728 amisso
1203 4676 1306 4728 viri
1331 4680 1386 4728 et
1408 4681 1540 4729 actu
1562 4672 1619 4729 et
1644 4675 1854 4730 habitu
1880 4678 1934 4730 in
1962 4677 2269 4731 mulierem

613 4742 1096 4809 transformatur,
1133 4746 1452 4801 utlicenter
1476 4746 1789 4800 muliebria
1822 4749 2106 4811 patiatur.
2150 4750 2272 4811 Que

613 4829 756 4883 ergo
789 4820 1072 4888 putantur
1101 4832 1229 4870 esse
1264 4818 1560 4888 mysteria,
1592 4817 1691 4871 tibi
1722 4818 1795 4872 de
1818 4817 2069 4873 honesto
2100 4820 2274 4873 inho-

612 4890 844 4941 nestum
889 4887 973 4959 fit,
1018 4894 1072 4940 et
1116 4888 1190 4941 de
1218 4888 1563 4959 incorrupto
1607 4896 1971 4959 corruptum,
2006 4907 2142 4944 cum
2177 4890 2272 4944 hic

612 4958 688 5030 sit
719 4972 853 5030 vere
879 4957 1073 5011 cultus
1104 4959 1423 5025 religionis,
1456 4957 1555 5029 qui
1590 4960 1663 5014 de
1695 4957 1964 5030 turpibus
1992 4961 2272 5015 honestos

616 5029 771 5093 facit,
806 5028 881 5083 de
918 5029 1381 5098 indisciplinatis
1422 5028 1726 5085 mndestos
1758 5028 2122 5096 iiQuomodo
2154 5032 2274 5086 cul-

609 5104 765 5156 tores
793 5100 1163 5174 ejusaemuli
1191 5108 1448 5171 possunt
1469 5118 1601 5156 esse
1625 5102 1798 5157 bonas
1833 5105 1986 5166 vitae,
2021 5104 2269 5174 quando

613 5172 898 5244 mysteria
940 5172 1084 5241 legis
1123 5188 1328 5227 eorum
1371 5174 1495 5227 sine
1535 5174 1775 5229 cinaedis
1815 5172 2099 5230 celebrari
2150 5190 2268 5230 non

612 5245 914 5313 possunt?
945 5244 1004 5298 Si
1046 5260 1187 5313 ergo
1218 5244 1311 5298 lex
1351 5260 1559 5299 eorum
1610 5246 1701 5299 liis
1741 5245 2088 5313 delectatur,
2133 5262 2266 5316 pec-

611 5322 774 5371 calor
804 5316 912 5387 erit
941 5322 993 5369 et
1021 5315 1233 5370 stultus
1263 5316 1537 5387 quisquis
1569 5332 1688 5371 non
1720 5316 1891 5373 fuerit
1924 5318 2074 5374 talis.
2106 5315 2271 5373 Ideo-

610 5401 726 5454 que
779 5386 1001 5458 stultosi
1045 5402 1155 5441 nos
1216 5386 1542 5458 appellant.
1607 5388 1873 5444 Colentes
1927 5389 2085 5443 enim
2140 5389 2268 5444 haec

613 5458 823 5526 turpia,
852 5457 1178 5528 prudentes
1210 5457 1287 5513 ab
1318 5459 1413 5514 his
1440 5460 1787 5528 judicantur
1812 5476 1824 5526 ;
1853 5461 2139 5516 evitantes
2168 5478 2270 5516 au-

614 5539 707 5579 em
740 5533 793 5582 ct
841 5527 1155 5597 fugientes,
1204 5530 1385 5587 stulti.
1440 5527 1609 5598 Quod
1659 5533 1904 5604 quidem
1950 5532 2159 5589 callide
2213 5536 2271 5588 et

672 5674 689 5711 1
722 5674 820 5726 Ms.
856 5674 1208 5740 Colbcrtinus,
1237 5682 1432 5746 turpia.

1674 130 2139 201 QUASSTIONES
2179 129 2279 187 EX
2312 126 2648 198 UTROQUE
2688 124 2974 184 MIXTIM.

3819 139 3912 195 2348

2386 258 2579 312 astute
2608 253 2859 333 abipsis
2885 253 3122 310 videtur
3147 256 3430 333 aptatum.
3450 255 3660 333 _Idcirco
3686 260 3816 316 enim
3847 262 3922 333 legi

2388 343 2512 382 suae
2560 326 2867 403 applicant
2918 341 3139 403 nomen
3198 326 3533 403 prudentiae,
3579 335 3642 403 _ut
3685 326 3923 403 contegant

2386 397 2876 474 _reprchensibilia
2927 398 3055 474 ejus
3089 417 3100 459 ;
3136 398 3279 469 quia
3318 398 3413 452 ubi
3452 400 3752 474 prudentia,
3790 397 3922 474 revpre-

2384 469 2593 526 hensio
2626 469 2787 524 nulla
2814 474 2929 523 est.
2976 473 3251 523 Nostram
3305 476 3498 525 autem
3551 471 3718 539 legem
3759 469 3924 530 stultam

2385 542 2611 603 dicunt,
2632 541 3063 611 utprohibeant
3082 540 3160 595 ab
3175 556 3267 596 ea.
3294 541 3402 595 Sed
3417 540 3642 597 sublatis
3665 547 3927 603 nominibus

2387 613 2719 683 prudentiae
2755 618 2809 666 et
2845 611 3119 675 stultitiae,
3159 616 3216 667 et
3255 612 3526 668 submota
3576 616 3721 669 omni
3752 616 3927 680 invidia,

2384 700 2566 756 quam
2597 684 2747 753 parit
2774 683 3039 737 defensio
3069 684 3384 737 ambarum
3408 684 3800 756 partium,ipsa2
3819 688 3929 754 leges

2387 755 2535 827 inter
2568 771 2630 808 se
2663 756 3013 827 confligant,
3045 761 3105 807 ut
3131 761 3416 824 appareat
3444 755 3537 809 ubi
3568 758 3633 811 sit
3672 755 3927 827 prudentia,

2385 835 2441 882 et
2476 826 2575 880 ubi
2609 826 2873 880 stultitia.
2909 826 3019 879 Sed
3064 834 3350 895 praesente
3384 828 3549 895 signo
3586 826 3751 883 crucis
3783 830 3931 884 obmu-

2389 900 2551 953 tescit
2568 898 2899 966 Paganitas.
2928 896 3045 951 Etsi
3065 897 3253 960 adest,
3276 914 3458 968 quam
3483 900 3928 965 vocantstultitiam,

2387 969 2699 1041 prudentia
2713 968 2832 1029 illa,
2849 983 3018 1022 sacra
3032 968 3263 1041 illorum
3278 970 3622 1039 respondere
3635 986 3739 1025 non
3755 972 3929 1027 audent.

2390 1040 2810 1111 Reprimuntur
2841 1041 2996 1093 enim
3030 1045 3164 1094 exta
3195 1040 3452 1105 illorum,
3484 1046 3537 1095 et
3563 1041 3868 1096 occultantur
3882 1045 3932 1097 ob

2385 1113 2778 1167 reverentiam
2804 1112 3138 1165 christiana:
3171 1112 3518 1181 majestatis.
3551 1114 3737 1181 Magna
3758 1129 3829 1167 res
3859 1121 3930 1176 est,

2392 1190 2453 1238 ut
2478 1184 2575 1237 illa
2597 1199 2778 1253 quam
2798 1182 3418 1253 vocantprudentiam,
3438 1184 3785 1239 metuatillam
3806 1201 3932 1254 quam

2388 1255 2693 1325 appellant
2720 1254 3051 1325 stultitiam.
3076 1254 3466 1309 Conferamus
3486 1271 3634 1309 nunc
3655 1262 3864 1309 tenorem
3886 1256 3935 1309 le.

2389 1324 2553 1392 gum.
2590 1326 2809 1395 Pagaui
2849 1325 2993 1379 deos
3023 1324 3294 1396 deasque
3325 1326 3512 1380 colere
3542 1342 3600 1380 se
3620 1327 3772 1381 etiam
3797 1327 3935 1381 litteris

2389 1398 2746 1469 profitentur
2785 1412 2795 1469 ς
2841 1403 2897 1450 et
2939 1412 3144 1450 verum
3188 1403 3273 1450 est
3323 1397 3486 1468 quod
3536 1397 3733 1465 dicunt,
3766 1399 3872 1467 quia
3902 1405 3936 1450 et

2392 1467 2695 1523 masculos
2710 1467 2910 1522 colunt
2924 1473 2978 1521 et
2998 1468 3269 1522 feminas.
3284 1467 3466 1522 Janus
3482 1470 3627 1522 enim
3647 1477 3694 1522 et
3708 1472 3933 1529 Saturnus,

2388 1541 2550 1593 Jovis
2567 1546 2619 1594 et
2635 1541 2971 1601 Mercurius,
2999 1546 3055 1593 et
3075 1539 3281 1608 Apollo
3308 1548 3361 1594 et
3377 1541 3581 1604 cmteri,
3604 1540 3724 1594 item
3738 1540 3937 1599 Minerva,

2390 1619 2444 1666 et
2485 1612 2610 1675 Isis,
2652 1617 2705 1664 et
2751 1611 3022 1673 Fruxilla,
3080 1618 3135 1664 et
3176 1613 3390 1674 Venus,
3450 1617 3504 1665 et
3553 1611 3701 1665 Flora
3743 1617 3939 1664 meretrix

2390 1700 2525 1736 cum
2554 1682 2803 1745 caeteris,
2839 1682 2918 1735 dii
2946 1682 3191 1752 deaeque
3238 1689 3398 1747 sunt,
3441 1681 3584 1736 sicut
3614 1682 3833 1736 historiae
3862 1686 3939 1733 tam

2391 1756 2727 1809 Graecorum
2758 1769 2941 1825 quam
2975 1756 3383 1808 Romanorum
3420 1760 3712 1825 testantur.
3746 1753 3944 1807 Christia-

2392 1827 2452 1879 ni
2494 1831 2691 1879 autem
2744 1824 2943 1894 utpote
2998 1841 3313 1895 pauperes,
3369 1841 3519 1896 quos
3558 1824 3745 1879 stultos
3775 1828 3942 1896 vocant,

2392 1912 2579 1951 unum
2604 1900 2786 1951 Deum
2811 1893 3015 1950 colunt
3040 1898 3098 1949 in
3125 1893 3428 1965 mysterio,
3449 1912 3518 1950 ex
3537 1912 3647 1966 quo
3677 1900 3793 1949 sunt
3815 1893 3945 1948 omni-

2391 1986 2425 2023 a
2460 1985 2470 2021 :
2509 1984 2616 2022 nec
2648 1968 2871 2037 aliquid
2898 1967 3061 2036 quod
3095 1967 3173 2021 ab
3201 1983 3271 2021 eo
3298 1968 3599 2021 conditum
3630 1974 3708 2022 est
3740 1980 3946 2037 veneranc

2392 2045 2502 2093 tur.
2542 2035 2933 2108 Ipsuineuim
2968 2038 3164 2092 solum
3201 2039 3474 2093 sufficere
3505 2038 3608 2092 sibi
3639 2045 3688 2091 et
3714 2035 3943 2092 abundare

2392 2112 2587 2165 sciunt
2617 2110 2693 2164 ad
2721 2110 2995 2172 salutem,
3022 2125 3140 2163 non
3174 2111 3519 2178 ignorantes
3548 2110 3677 2178 quia
3700 2108 3740 2161 si
3767 2108 3945 2175 gloriam

2391 2191 2446 2236 et
2480 2198 2697 2236 nomen
2729 2182 2856 2251 ejus
2888 2181 3017 2235 aliis
3041 2181 3485 2250 deputaverint,
3512 2180 3906 2251 offendanteum
3936 2194 3943 2239 ;

2392 2255 2531 2324 quia
2568 2248 2773 2306 nullus
2812 2248 3138 2322 imperator
3190 2254 3472 2322 permittit
3505 2259 3561 2305 ut
3614 2267 3735 2305 cum
3762 2248 3944 2324 nomine

2393 2320 2522 2394 ejus
2578 2324 2794 2378 tribuni
2853 2320 2916 2378 et
2963 2320 3210 2378 comites
3261 2325 3598 2378 adorentur.
3647 2320 3945 2394 Conferantur

2395 2391 2750 2464 nuncleges,
2780 2400 2839 2448 ut
2867 2395 3137 2449 videatur
3164 2394 3264 2449 ubi
3296 2395 3372 2450 sit
3400 2394 3814 2466 prndentia,qui
3834 2391 3944 2444 Crea-

2392 2472 2581 2522 torem
2615 2467 2773 2532 colit,
2806 2482 2883 2520 an
2914 2467 3015 2536 qui
3047 2472 3384 2521 creaturam
3405 2465 3426 2531 ';
3460 2468 3557 2537 qui
3589 2465 3872 2523 Dominum,
3893 2474 3944 2512 an

2391 2539 2493 2609 qui
2526 2554 2724 2592 servos
2751 2536 2779 2591 ‘f
2813 2540 3003 2592 Potest
3032 2538 3158 2591 ﬁeri
3190 2538 3248 2591 in
3291 2536 3494 2609 aliqua
3519 2536 3688 2591 domo
3716 2540 3775 2609 ut
3799 2537 3946 2609 prater

2394 2606 2580 2663 unum
2613 2610 2763 2663 alius
2794 2609 3075 2680 dominus
3106 2606 3462 2678 appelletur,
3497 2614 3556 2663 ut
3582 2607 3777 2680 pagani
3802 2606 3943 2680 litteris

2392 2680 2736 2736 forensibus
2757 2677 3169 2751 instructi,qui
3187 2680 3299 2734 sibi
3324 2677 3633 2751 prudentes
3658 2677 3890 2751 videntur,
3905 2677 3944 2724 in

2394 2768 2512 2806 uno
2535 2752 2763 2806 mundo
2795 2750 2872 2806 ab
2897 2767 3011 2805 uno
3037 2745 3156 2806 Deo
3190 2745 3436 2806 condito
3469 2750 3667 2805 multos
3689 2749 3808 2803 deos
3827 2745 3944 2799 deas-

2391 2840 2508 2894 que
2542 2829 2898 2877 venerantur
2921 2827 2944 2871 ?
2983 2825 3401 2877 Procuratores
3444 2822 3593 2878 enim
3624 2828 3674 2875 et
3712 2813 3939 2894 auctores‘

2394 2890 2603 2949 mundi
2634 2894 2848 2949 deoset
2875 2894 2968 2947 Dei
2996 2895 3237 2948 nomine
3260 2897 3630 2964 nuncupant,
3652 2890 3945 2964 cum‘impro;

2391 2966 2512 3020 vidi
2537 2966 2911 3034 detegantur.
2938 2964 3085 3018 Illud
3126 2970 3330 3019 autem
3363 2961 3616 3020 asserere
3647 2961 3787 3033 quod
3812 2972 3945 3030 perm-

2391 3039 2540 3111 ciem
2556 3039 2766 3111 pariat,
2786 3035 3759 3111 improvidiestet_stulti.Quoniam
3773 3041 3943 3111 necesse

2392 3115 2479 3163 est
2504 3110 2688 3163 Deum
2718 3108 2994 3175 injuriam
3026 3124 3200 3162 suam
3232 3108 3536 3163 vindicare
3556 3108 3610 3162 in
3631 3108 3830 3178 eosqui
3852 3113 3945 3178 cun-

2392 3181 2576 3235 servis
2608 3182 2728 3233 suis
2756 3178 2990 3233 Domini
3021 3179 3116 3233 Dei
3144 3194 3368 3235 nomen
3392 3186 3446 3235 et
3471 3179 3702 3250 gloriam
3728 3176 3944 3250 impertie-

2392 3258 2529 3306 runt
2564 3251 2783 3327 Dehinc
2832 3250 3285 3327 considerentur
3336 3245 3627 3327 precépta.
3672 3245 3945 3327 Leit‘nostra

2393 3339 2544 3393 quos
2573 3322 2783 3395 stultos
2816 3327 3052 3386 vocant,
3069 3316 3363 3395 antistites
3377 3329 3429 3377 el
3454 3316 3732 3395 ministros
3746 3316 3943 3395 idoneos,

2393 3391 2517 3469 sine
2540 3394 2792 3469 crimine,
2826 3397 3066 3447 sanctos
3088 3393 3629 3469 irreprehensibiles
3648 3391 3946 3469 praecipitet-

2390 3466 2581 3521 dinari
2614 3488 2624 3519 :
2661 3481 2691 3519 e
2718 3470 2923 3519 contra
2943 3469 3143 3519 autem
3169 3458 3541 3537 Pagauornm
3562 3458 3771 3519 traditio
3788 3458 3946 3537 antisti-

2390 3542 2472 3593 tes
2495 3544 2549 3591 et
2572 3537 2877 3591 ministros
2900 3537 3148 3590 idoneos
3171 3536 3277 3590 sibi
3303 3552 3433 3592 esse
3456 3551 3569 3590 non
3597 3548 3771 3605 posse,
3794 3536 3883 3605 nisi
3899 3538 3945 3605 ex

2389 3609 2525 3662 viris
2553 3608 3115 3677 transfigurenturin
3131 3607 3413 3675 feminas,
3443 3594 3945 3679 utlicenteretpulili-

2387 3695 2452 3735 ce
2493 3666 2804 3734 muliebria
2835 3680 3155 3749 patiantur,
3188 3688 3246 3734 et
3269 3666 3562 3734 discussis
3588 3678 3644 3733 in
3679 3666 3945 3749 aqua'i‘nhO‘

2387 3758 2550 3804 ueste
2565 3745 3094 3821 cririibnsmolleiu
3110 3756 3591 3821 quassatamque
3611 3760 3791 3821 vocem
3810 3746 3851 3796 et
3867 3745 3946 3821 tur:

2386 3838 2520 3892 pem
2548 3823 2834 3876 emittant.
2865 3820 3031 3888 Quod
3070 3814 3390 3892 sfpublice
3432 3814 3699 3892 facerent,
3738 3814 3802 3892 ab
3832 3818 3945 3883 om“!

2384 3885 2610 3965 pOpulo
2664 3885 3089 3964 lapidarentur.
3140 3885 3204 3948 Et
3239 3885 3847 3965 _Cynocephalusjlie,‘
3878 3892 3946 3965 (ΙΨ

2388 3952 2798 4018 inutabundns
2858 3969 2877 3999 ³
2931 3952 3317 4036 peremnia"
3360 3981 3423 4018 se
3481 3952 3786 4036 circumfert
3837 3952 3943 4036 190?;

2383 4051 2655 4106 quaerens
2680 4024 2951 4089 membra
2984 4034 3239 4106 adulteri
3282 4036 3466 4092 Osiris
3509 4033 3611 4088 viri
3642 4028 3819 4106 Alsidis.‘
3847 4024 3945 4106 [φφ

2384 4097 2596 4176 quibus
2630 4107 2911 4161 ministris
2945 4105 3067 4160 sive
3100 4106 3407 4174 magistris
3441 4103 3654 4175 Pagani
3695 4097 3946 4173 prudentiae

2385 4178 2497 4233 sibi
2532 4194 2749 4233 nomen
2777 4178 3143 4241 adsciscunt,
3177 4194 3317 4233 cum
3348 4194 3467 4233 non
3496 4176 3677 4232 solum
3724 4183 3824 4225 non
3850 4176 3945 4233 ρτυο

2382 4249 2592 4304 dentis:
2633 4250 2722 4314 sit,
2761 4249 2863 4303 sed
2897 4256 2951 4302 et
2991 4249 3275 4303 criminis.
3318 4249 3610 4304 Obscmna
3634 4244 3772 4301 enim
3799 4243 3946 4314 eipmj

2382 4320 2563 4387 brosa
2588 4308 2833 4389 diligere
2859 4320 3159 4375 funestum
3186 4326 3296 4375 est.
3326 4320 3473 4375 lllud
3506 4325 3691 4389 autem
3715 4309 3871 4389 quale“
3890 4308 3946 4389 ςξξ

2379 4382 2544 4462 quod
2598 4377 2875 4461 inspeliro
2922 4392 2998 4462 (a)
3049 4391 3255 4446 velatis
3314 4391 3503 4447 oculis
3546 4377 3829 4462 illuduntug

2380 4445 2541 4517 enim
2570 4445 2850 4517 horreant
2887 4445 3134 4533 turpiter
3153 4445 3537 4518 dehonestari
3582 4476 3659 4523 se,
3703 4445 3945 4533 oculiﬂil‘li‘S

2382 4535 2651 4588 velantur
2684 4534 2816 4590 :alii
2858 4518 3057 4589 autém
3110 4534 3264 4589 sicut
3325 4535 3448 4589 ales
3504 4518 3943 4599 alas'percutiunt.

2380 4622 2586 4660 vocem
2620 4606 2841 4660 coracis
2866 4606 3157 4661 imitantes
3186 4624 3199 4673 ;
3229 4604 3399 4660 alteri
3424 4619 3559 4660 vero
3587 4602 3799 4673 leonum
3827 4600 3941 4673 utor}?

2380 4676 2687 4747 fremunt;
2740 4677 2838 4732 alii
2890 4682 3091 4731 autem
3152 4670 3353 4744 ligatis
3408 4675 3673 4731 manibus
3724 4670 3941 4747 inteslttlii

2379 4749 2639 4819 pullinis,
2672 4736 3086 4818 'projic-iuntur
3140 4736 3319 4819 suvper
3352 4748 3555 4819 foveas
3582 4757 3728 4814 aqua
3775 4736 3938 4819 Panf‘f’

2379 4811 2991 4891 accedente'qu'odam
3031 4836 3161 4874 cum
3200 4811 3426 4887 gladio,
3460 4823 3516 4873 et
3544 4811 3941 4891 irrumpenlﬁfﬂ'

2380 4872 2835 4960 ίεείιίίιίεί-έίηξιέέί
2854 4872 3051 4963 aias;
3076 4872 3181 4963 aut
3200 4872 3297 4945 se“
3314 4872 3687 4945 liberatorem
3708 4872 3938 4963 _jappeilgi;

2380 4965 2525 5018 Sunt
2552 4967 2606 5017 et
2635 4940 2847 5017 caelera
2879 4940 3113 5016 iuhohej
3131 4962 3298 5017 tiora.
3354 4964 3496 5016 Ecce
3546 4940 3784 5031 quantis.
3804 4940 3939 5031 φεξξιξ

2380 5007 2530 5104 ῐὶίἷρἶ
2541 5007 2624 5088 i21-
2637 5007 2795 5088 3'1in
2808 5007 3937 5105 51.11.333.13g3aggresspsniaasa

2376 5097 2518 5175 quia
2547 5105 2669 5159 hzec
2698 5106 2759 5160 in
2790 5097 3407 5176 tenebrispatiuntnr,
3489 5097 3663 5157 utaut
3677 5106 3827 5176 posse
3850 5097 3940 5162 αρε·

2378 5177 2502 5228 ciri.
2533 5178 2642 5228 ista
2671 5178 2830 5228 enim
2864 5176 3087 5228 omnia.
3121 5192 3251 5228 ante
3277 5192 3313 5228 a
3342 5120 3515 5228 maris
3538 5178 3592 5227 et
3615 5166 3843 5228 turpibus
3880 5166 3940 5228 ἔθ’

2378 5166 2502 5231 ciri.
2533 5178 2642 5233 ista
2671 5178 2831 5231 enim
2864 5166 3092 5241 omnia,
3121 5192 3251 5247 quae
3277 5192 3313 5229 a
3342 5166 3515 5247 malis
3538 5178 3592 5227 et
3615 5166 3940 5247 turpibusnilt

2376 5254 2555 5303 veuta
2594 5253 2650 5303 et
2692 5250 2965 5303 ordinata
3018 5225 3156 5301 sunt
3208 5248 3276 5318 in
3317 5246 3571 5308 occulto,
3619 5225 3799 5318 saucia

2378 5295 2973 5392 assumamus
3006 5295 3826 5392 ἑῖᾷἐιέἕίιῖῥὶᾧῌίᾀαίειρῃίφ
3841 5295 3938 5392 [iis

2375 5370 2820 5445 asseasse;
2832 5370 2972 5462 ἶιῖιῖ
3005 5370 3517 5462 saginanam
3556 5384 3690 5442 boni
3716 5370 3939 5462 ergapglj-

2376 5443 3777 5532 uti,‘p’aneaeramassuageoaruiemntsead
3788 5443 3937 5502 ﬁdem!

2435 5561 2447 5591 ¹
2484 5559 2583 5608 Ms.
2616 5560 2971 5615 Colbcrtinus,
3001 5564 3212 5609 actores.

2433 5625 2452 5654 ³
2484 5623 2576 5670 Ms.
2616 5622 2967 5681 Colbcrtinus,
2994 5622 3338 5673 nutabundus.

2435 5684 2506 5747 (a)
2538 5684 2596 5733 Id
2624 5689 2722 5749 est,
2744 5687 2998 5751 spelunca.
