4158 6204
224 206 368 265 2349

221 335 461 390 occulta
490 332 589 389 illa
619 332 937 388 inhonesta
988 335 1045 405 et
1102 330 1301 405 turpia
1352 331 1773 405 relinquentes,
1829 339 1886 390 et

221 406 537 477 quomodo
570 420 672 476 per
712 404 1114 477 ignorantiam
1150 403 1307 458 illusi
1352 407 1467 459 sint
1514 403 1881 461 confitentes.

222 474 386 533 Tunc
426 474 585 531 enim
608 474 973 546 jampridem
1005 491 1215 547 omnes
1246 491 1433 547 prope
1460 477 1518 531 in
1560 477 1673 531 hoc
1704 483 1885 531 verte-

224 550 444 604 bantur
471 563 668 601 errore
694 545 752 601 et
774 547 997 601 idcirco
1030 545 1137 600 sibi
1160 545 1486 617 prudentes
1508 548 1879 613 videbantur,

222 622 367 690 quia
398 618 500 689 qui
528 618 987 690 reprehenderet
1010 634 1137 690 non
1163 624 1305 673 erat.
1340 620 1492 674 Nam
1527 635 1880 690 quanquam

226 687 438 747 omnes
452 687 719 744 errarent
735 688 847 743 sub
868 704 988 743 uno
1002 687 1231 745 fallacis
1247 691 1488 745 nomine
1506 687 1880 754 idololatriae,

224 762 639 833 unusquisque
669 760 1063 833 tamenjuxta
1086 776 1281 816 mores
1311 778 1453 816 suos
1501 768 1556 815 et
1576 778 1881 817 conversa-

225 831 448 888 tionem
471 831 771 888 ordinavit
790 831 1107 901 culturam,
1133 838 1196 887 ut
1218 848 1374 887 unus
1398 848 1560 887 error
1579 834 1884 888 diversita-

224 912 343 959 tem
376 905 621 960 haberet
649 920 723 958 ex
754 903 1119 975 turpitudine
1156 909 1211 959 et
1249 905 1695 959 conversatione
1745 921 1883 961 auc-

225 982 443 1031 torum.
473 975 734 1047 Denique
753 974 923 1031 sacra
943 992 1079 1047 quae
1096 974 1287 1047 Liberi
1313 982 1549 1041 vocant,
1571 976 1883 1032 inhonesta

221 1053 279 1103 et
311 1046 807 1103 vanissima’sunt
834 1052 888 1103 et
918 1046 1094 1118 plena
1140 1046 1374 1102 furoris.
1429 1047 1667 1103 Difﬁcile
1720 1047 1881 1102 enim

224 1120 499 1189 impurus
522 1135 643 1174 non
672 1117 999 1173 iracundus
1031 1122 1120 1174 est
1152 1134 1164 1174 :
1191 1118 1453 1189 denique
1489 1118 1710 1189 ubique
1743 1135 1879 1173 cum

223 1191 434 1261 Priapo
490 1191 763 1261 depictus
816 1190 1134 1259 invenitur,
1194 1205 1331 1244 cum
1389 1205 1510 1260 quo
1568 1190 1881 1245 inhoneste

224 1262 480 1316 vivebat.
518 1266 635 1317 Hoc
676 1262 858 1316 modo
886 1265 1025 1315 sunt
1069 1268 1124 1316 et
1145 1268 1356 1316 caetera
1414 1276 1583 1315 sacra
1623 1278 1829 1316 eorum
1866 1282 1877 1320 :

227 1335 333 1387 sed
387 1340 444 1387 ut
475 1334 693 1404 posteri
723 1332 1291 1404 hisinventionibus
1320 1339 1692 1402 caperentur,
1745 1333 1882 1387 sub-

222 1404 431 1459 tilitate
462 1402 519 1460 et
558 1404 777 1459 astutia
822 1402 1045 1458 factum
1098 1411 1184 1459 est
1232 1410 1452 1458 satanze
1487 1421 1498 1457 :
1529 1419 1882 1474 quanquam

224 1492 346 1530 non
382 1476 509 1531 sine
539 1476 671 1531 ilius
704 1476 955 1530 consilio
987 1476 1097 1529 ista
1132 1476 1373 1529 inventa
1422 1484 1600 1539 sunt;
1630 1476 1882 1529 inventis

220 1551 430 1601 tamen
450 1547 728 1617 singulis,
753 1548 1002 1617 aspersit
1018 1546 1296 1617 quaedam
1313 1546 1614 1617 prestigia,
1640 1562 1882 1617 parquae

218 1617 468 1673 illiceret
499 1616 772 1673 liOmines
804 1616 882 1672 ad
911 1616 1189 1673 errorem.
1234 1619 1298 1673 Et
1328 1617 1411 1671 sic
1442 1616 1664 1671 factum
1710 1616 1794 1671 est
1824 1622 1884 1672 ut

224 1705 336 1760 per
360 1691 659 1745 traducem
686 1688 1051 1761 antiquitatis
1071 1689 1597 1744 commendaretur
1626 1688 1881 1761 fallacia,

224 1766 282 1813 et
309 1767 690 1816 excusaretur
722 1760 908 1830 turpis
932 1760 1215 1815 inventio.
1251 1763 1354 1815 Per
1385 1760 1883 1814 consuetudinem

220 1831 385 1886 enim
419 1834 593 1903 cmpit
636 1847 757 1886 non
798 1837 969 1903 turpe
1030 1832 1233 1898 videri,
1300 1836 1460 1903 quod
1515 1830 1679 1903 turde
1738 1838 1880 1885 erat.

222 1904 371 1984 Nam
402 1901 537 1984 cum
558 1901 1225 1984 dehonestanturaliqui
1248 1919 1261 1969 ;
1285 1901 1880 1984 pi'imoerubescunt,

221 1980 433 2043 postea
450 1974 793 2029 blandiente
809 1973 1260 2040 consuetudine,
1290 1973 1515 2028 recedit
1534 1974 1730 2044 pudor
1760 1990 1885 2027 mu-

223 2051 345 2100 tata
376 2045 585 2109 fronte,
612 2046 912 2116 praecipue
944 2047 990 2100 si
1018 2045 1233 2101 multos
1266 2045 1508 2100 videant
1541 2044 1702 2100 tales.
1736 2047 1882 2116 Nam

220 2123 488 2197 quaestus
520 2115 902 2197 turpitudinis
934 2122 1074 2197 tunc
1103 2123 1219 2197 es_t,_
1243 2117 1489 2197 quando
1584 2115 1689 2197 qui
1720 2115 1884 2197 nobi-

220 2186 308 2240 les
348 2186 646 2257 dicuntur,
686 2189 1068 2243 dehonestari
1124 2186 1400 2243 videntur
1458 2186 1671 2243 :facile
1724 2187 1883 2241 enim

223 2258 554 2316 imitatores
616 2262 839 2315 invenit
896 2261 1210 2315 honestata
1257 2258 1584 2314 nobilitas..
1634 2259 1687 2314 Si
1742 2274 1882 2326 ergo

222 2330 352 2403 jam
401 2348 577 2402 porro
606 2331 840 2403 pridem
869 2337 1111 2403 propter
1140 2332 1253 2385 hoc
1296 2331 1615 2403 prudentes
1646 2330 1757 2403 sibi
1801 2328 1885 2383 vi-

221 2400 547 2475 debantur,
589 2400 731 2474 quia
762 2400 1042 2475 cui’fmda
1072 2400 1329 2475 inventio
1369 2402 1497 2475 haec
1527 2401 1880 2475 displiceret,

230 2487 353 2530 non
380 2481 505 2530 erat
529 2472 549 2544 ⁷;
576 2472 736 2528 nunc
764 2474 907 2545 quia
947 2475 1047 2529 Dei
1094 2474 1501 2529 misericordia
1528 2472 1883 2527 illustratum

226 2553 316 2603 est
370 2562 557 2616 genus
597 2546 953 2609 humanum,
985 2552 1040 2601 et
1068 2546 1437 2600 declaratum
1477 2546 1701 2598 crimen
1755 2558 1884 2616 esse

223 2614 395 2694 quod
422 2634 531 2690 pro
576 2618 727 2694 lege_
754 2617 1127 2694 credebatur,
1177 2616 1422 2694 stultum
1469 2622 1666 2694 autem
1721 2614 1885 2694 quod

272 2685 548 2745 utabatur
578 2685 895 2759 prudentia
924 2690 1232 2743 inventum
1266 2687 1391 2754 ;vel
1428 2688 1504 2741 ab
1538 2687 1651 2741 hac
1678 2685 1883 2757 appel-

249 2763 446 2820 atione
498 2758 731 2815 cessare
762 2760 1067 2825 deberent,
1118 2774 1469 2830 permanere
1508 2759 1772 2830 nolentes
1827 2758 1885 2811 in

224 2836 460 2891 detecto
491 2833 757 2897 crimine,
790 2828 1220 2902 cognoscentes
1253 2845 1473 2902 nomen
1515 2828 1819 2902 sapientiae
1852 2843 1883 2882 a

226 2924 295 2962 se
327 2905 585 2959 alienum
620 2918 769 2958 esse.
805 2901 917 2958 Sed
946 2907 1005 2956 ut
1046 2902 1272 2956 addant
1302 2901 1377 2955 ad
1410 2901 1718 2954 cumulum
1750 2914 1887 2953 con-

225 2976 505 3035 fessionis
536 2991 657 3030 suae
691 2974 1020 3035 stultitiam,
1055 2974 1113 3026 in
1143 2972 1383 3027 stultitia
1414 2971 1766 3041 deprehensi
1791 2985 1886 3024 vo-

226 3052 372 3105 cant
410 3048 627 3110 fatuos,
674 3061 710 3099 a
758 3046 977 3116 quibus
1032 3043 1484 3116 convincuntur.
1539 3042 1652 3097 Sed
1704 3042 1887 3116 ﬁdem

228 3125 501 3178 ucstram
546 3122 603 3173 et
646 3112 1055 3189 posteritatem
1101 3119 1387 3169 accusant
1414 3114 1521 3189 ;_in
1569 3112 1888 3189 prisceptis

228 3198 431 3249 autem
454 3206 574 3244 non
604 3183 827 3257 negant
856 3188 1000 3242 nihil
1035 3202 1210 3257 posse
1255 3183 1631 3257 reprehendi.
1680 3184 1788 3249 Qui
1825 3183 1889 3237 ti-

224 3265 368 3320 dem
384 3267 651 3317 nostram
669 3266 970 3325 accusant,
986 3274 1107 3313 non
1128 3258 1318 3327 magis
1336 3264 1540 3312 contra
1554 3272 1687 3323 nos,
1702 3270 1887 3326 quam

225 3341 437 3392 contra
478 3339 780 3388 auctorem
831 3337 1101 3385 nostrum
1152 3331 1504 3399 suscipiunt.
1562 3330 1676 3382 Nos
1728 3327 1888 3399 enim

229 3406 465 3470 stultos,
500 3403 791 3476 quiquasi
810 3404 888 3456 rei
914 3402 1090 3476 fatuas
1126 3401 1303 3455 ﬁdem
1321 3397 1699 3454 dederimus:
1722 3397 1887 3476 illum

226 3483 432 3534 autem
474 3474 825 3530 mendacem
857 3479 911 3528 et
960 3475 1513 3534 circumventorem,
1562 3485 1796 3525 necnon
1836 3474 1890 3524 et

230 3550 606 3606 malitiosum
649 3546 1069 3617 pronuntiant,
1097 3544 1201 3615 qui
1243 3544 1422 3598 tidem
1476 3542 1734 3617 traderet
1790 3556 1894 3611 per

228 3637 421 3693 quam
452 3614 1417 3693 deciperemur.‘Credentesergo
1444 3614 1608 3684 prius
1632 3628 1751 3668 non
1785 3628 1893 3693 nos

230 3684 409 3748 s'tulte
435 3684 759 3745 credidisse
793 3688 1141 3758 probemus;
1178 3687 1393 3740 deinde
1424 3700 1673 3758 causam
1708 3684 1893 3739 acturi

242 3763 525 3819 auctoris.
559 3762 706 3815 Cum
740 3756 809 3814 in'
837 3775 1033 3814 errore
1078 3759 1430 3827 degeremus
1460 3756 1518 3809 in
1573 3771 1694 3826 quo
1736 3769 1895 3827 nunc

242 3840 492 3891 manent
521 3832 762 3901 Pagani,
789 3831 967 3886 nullis
993 3825 1276 3884 virtutum
1305 3828 1493 3897 signis
1517 3825 1767 3901 att’racti,
1792 3825 1891 3879 sed

243 3906 426 3962 nudis
466 3898 661 3959 verbis
693 3898 829 3974 quas
870 3918 1037 3957 sacra
1072 3904 1294 3974 vocant
1324 3898 1720 3974 percepimus,
1770 3912 1899 3974 pro-

241 3979 420 4033 desse
440 3970 861 4047 putantes',non
876 3974 1035 4045 quod
1048 3972 1331 4047 divinitas
1346 3970 1896 4047 commendaverat,

242 4050 349 4104 sed
368 4040 531 4113 quod
549 4040 1105 4101 vetus'consnetudo
1122 4043 1444 4099 tradiderat
1467 4060 1477 4096 :
1501 4042 1557 4095 in
1574 4056 1695 4113 qua
1710 4040 1896 4111 (quod

242 4065 349 4104 seu
417 4065 531 4102 uoa
549 4065 713 4101 vetus
733 4065 1105 4100 consuetuuo
1122 4065 1444 4099 tramueral
1467 4065 1477 4096 :
1501 4065 1557 4095 tu
1574 4065 1695 4113 qua
1710 4065 1896 4111 tquuu

240 4065 559 4189 nonqlatet)
587 4117 834 4171 diversis
869 4116 1028 4171 illusi
1052 4116 1441 4189 vanitatibus,
1470 4113 1696 4167 nullam
1730 4127 1899 4189 spem

241 4192 455 4248 salutis
504 4185 918 4259 cognovimus.
953 4188 1105 4253 Quid
1132 4188 1294 4259 enim
1345 4190 1574 4259 poterat
1607 4185 1901 4259 prodesse

238 4280 338 4319 res
368 4262 447 4317 ab
472 4255 817 4316 hominibus
850 4258 1093 4333 inventa
1121 4258 1148 4312 ‘2
1175 4260 1241 4333 Ut
1274 4255 1469 4333 autem
1500 4256 1573 4311 ad
1599 4255 1778 4309 fidem
1803 4255 1900 4333 Diei

241 4335 690 4395 accederemus,
724 4337 780 4386 et
810 4332 1017 4386 Filium
1041 4330 1571 4403 ejusincarnatum
1600 4333 1655 4381 et
1676 4324 1903 4403 crucifi-

240 4423 388 4463 xum
445 4405 846 4466 crederemus,
879 4418 999 4457 non
1031 4397 1226 4456 verbis
1287 4414 1534 4455 suasum
1565 4402 1651 4452 est
1703 4397 1899 4459 nobis,

241 4478 349 4533 sed
382 4477 580 4532 rebus.
614 4474 881 4529 Vidimus
910 4475 1068 4528 enim
1111 4477 1376 4527 mortuos
1428 4470 1758 4536 suscitatos,
1818 4467 1903 4522 le-

240 4564 457 4621 prosos
498 4546 843 4621 mundulos,
878 4561 1058 4621 caseo
1118 4549 1271 4621 nato
1310 4541 1517 4621 oculos
1548 4542 1900 4621 restitutos,

240 4614 547 4675 daemonia
563 4618 833 4688 ejecta,et
846 4616 1243 4688 simulomnes
1260 4614 1630 4688 inﬁrmitates
1646 4617 1902 4688 curatas.

242 4696 413 4748 Nunc
456 4682 703 4763 quando
736 4688 891 4742 stulti
922 4687 1144 4742 fuimus
1180 4686 1516 4763 judicetur_;
1546 4682 1905 4763 cum_nudis

240 4764 439 4818 verbis
474 4755 863 4834 credidimus,
896 4764 999 4814 aut
1027 4775 1163 4813 cum
1183 4755 1374 4834 rebus
1404 4755 1431 4810 ?
1453 4757 1587 4811 Sine
1613 4755 1801 4834 dubio
1846 4770 1906 4834 e-

243 4836 372 4890 nim
419 4849 510 4888 res
540 4839 679 4888 ante
717 4832 900 4885 verba
941 4830 1362 4901 sunt;quippe
1405 4826 1777 4901 cumadres
1829 4826 1907 4878 si-

243 4905 625 4976 gniﬁcandas
660 4905 899 4976 inventa
930 4903 1063 4976 sint.
1095 4897 1175 4955 Si
1206 4897 1668 4976 ergoutraditipni
1700 4897 1906 4976 huma-

242 4968 361 5039 nas,
398 4977 563 5031 nulla
595 4975 880 5031 suadente
908 4974 1142 5037 virtute,
1168 4968 1655 5042 qnaéilludendas
1678 4972 1905 5021 mentes

242 5048 565 5105 hominum
626 5048 869 5102 inventa
927 5050 1031 5109 est,
1074 5044 1251 5098 fidem
1319 5042 1596 5096 dedimus
1640 5045 1904 5110 ;quauto

246 5122 445 5190 magis
465 5120 623 5186 huic,
648 5135 832 5190 quam
856 5117 1119 5172 divinam
1142 5121 1194 5169 et
1215 5111 1905 5191 deiﬁca‘mpmniasigna

239 5182 402 5265 qua?
424 5182 619 5265 Deum
641 5182 953 5265 invocant,
976 5191 1385 5265 contestantur
1415 5184 1443 5239 ?
1471 5187 1674 5265 Nonne
1724 5182 1905 5250 digne

243 5254 407 5335 s-tulti
443 5262 874 5335 judicaremur,
910 5261 954 5335 si
977 5259 1456 5335 _Vll‘tUllblLS_llOﬂ
1499 5254 1901 5335 crederemus,

244 5334 353 5407 qui
372 5323 765 5408 sermonibus
793 5323 1239 5408 credideramus
1261 5328 1289 5383 ‘P
1308 5332 1511 5385 Nonne
1537 5323 1905 5408 rationabili-

244 5397 336 5461 ter
366 5404 686 5476 improvidi
715 5410 771 5459 et
794 5402 1113 5458 inconsulti
1138 5408 1501 5476 notaremur,
1524 5397 1584 5476 _si
1608 5397 1906 5476 advocant

247 5484 371 5532 tem
440 5468 609 5547 spem
671 5491 807 5547 non
851 5489 1261 5547 sequeremur,
1330 5472 1431 5542 qui
1504 5468 1902 5547 desperationi

246 5540 559 5605 fueramus
583 5545 875 5620 robnoxii?
903 5540 1037 5620 Sed,
1056 5545 1221 5620 aiunt
1238 5559 1273 5620 e_
1300 5540 1908 5620 co_ntra,._stnultum‘est

244 5621 413 5693 quod
433 5619 713 5693 creditur.
736 5618 862 5674 Non
889 5610 1277 5693 enimrationi
1293 5611 1581 5693 subsistit,
1602 5613 1783 5665 Deum
1800 5610 1905 5664 ha-

244 5683 390 5749 bere
422 5692 628 5747 Filium
655 5710 669 5757 ;
694 5705 888 5764 neque
919 5694 1192 5764 emortua
1222 5690 1277 5741 et
1306 5683 1621 5764 dissoluta.
1653 5696 1907 5764 corpora

244 5780 459 5822 rursus
498 5751 764 5837 reparari
778 5751 957 5834 posse
971 5760 1049 5819 ad
1072 5758 1282 5817 vitam.
1318 5758 1538 5814 Omnes
1563 5751 1908 5826 philosophi

1741 205 2123 265 APPENDIX.

3503 224 3643 281 2350

1997 340 2055 415 et
2084 339 2377 393 sectarum
2398 337 2731 415 inventores
2748 338 3526 415 diversisdisputationibus
3557 349 3643 406 in-

1997 408 2184 487 vicem
2201 424 2261 462 se
2292 408 2705 487 confoderunt,
2737 411 2933 487 nullus
2950 413 3026 487 ad
3050 408 3301 487 alterum
3317 421 3638 487 transiens;

1994 481 2138 561 quia
2160 481 2579 561 nnﬁusquisque
2614 482 2673 536 in
2707 498 2826 561 quo
2857 484 3125 561 imbutus
3166 481 3641 561 fuer_at,7perma;

1994 549 2193 604 nebat.
2231 551 2336 605 Per
2351 549 2425 604 id
2458 549 2616 607 enim
2648 549 2813 678 quod
2840 555 3019 611 verba
3056 549 3503 616 contradictioni
3535 562 3640 618 ob-

1996 622 2177 675 noxia
2210 627 2363 678 sunt.
2395 623 2593 678 nullus
2626 640 2662 678 a
2690 630 2879 678 terum
2933 628 3277 678 sunerabat.
3315 633 3436 678 Non
3481 633 3637 678 enim

1996 622 2177 675 noxia
2210 627 2363 697 sunt,
2395 622 2879 697 nullusealterum
2933 628 3277 697 superabat.
3313 633 3439 686 Non
3481 633 3640 688 enim

1993 698 2119 746 erat
2145 693 2300 765 unde
2331 695 2541 765 sequis
2569 695 2847 750 victorem
2877 693 3356 763 ostenderet,sed
3386 702 3642 760 invicem

1996 763 2565 820 contradictionibus
2588 782 2648 820 se
2664 767 3001 836 fatigantes,
3033 771 3277 826 minime
3310 772 3450 828 alter
3476 774 3642 831 alteri

1994 836 2416 915 persuadebat.
2449 837 2597 915 llinc
2626 837 2849 915 factum
2882 845 2974 894 est
3014 848 3075 896 ut
3108 842 3205 897 Dei
3247 844 3638 913 providentia,

1994 908 2163 975 cujus
2196 922 2415 985 sensus
2444 908 2785 985 investigari
2818 926 2937 965 non
2965 918 3176 985 potest,
3235 908 3642 984 prtedicationi

1996 992 2121 1057 suae
2151 979 2426 1057 virtutem
2459 979 2826 1057 adjungeret,
2859 986 2918 1037 ut
2955 979 3169 1038 veritas
3202 979 3641 1057 praedicationis

1993 1050 2219 1128 virtutis
2254 1050 2589 1128 testimonio
2626 1052 3013 1128 probaretur;
3046 1059 3111 1128 ut
3140 1050 3242 1126 qui
3265 1056 3463 1112 verbis
3496 1075 3640 1114 con-

1992 1119 2279 1174 tradicere
2312 1121 2499 1190 parati
2529 1119 2716 1185 erant,
2742 1123 3007 1179 videntes
3038 1119 3315 1181 virtutem
3344 1130 3640 1187 contradi-

1992 1205 2124 1268 cere
2141 1191 2604 1268 tuonauderent.
2635 1195 2776 1256 Quae
2825 1194 2985 1249 enim
3018 1197 3211 1266 major
3244 1200 3455 1268 poterit
3512 1216 3642 1268 esse

1993 1260 2333 1341 testificatio
2362 1262 2642 1341 veritatis,
2664 1280 2853 1341 quam
2880 1271 2968 1341 est
2988 1260 3497 1337 operatidvirtutis
3524 1272 3551 1325 ?
3586 1260 3647 1327 Si.

1990 1334 2129 1403 quis
2152 1338 2351 1387 autem
2366 1348 2551 1405 opera
2565 1334 2848 1390 virtutum
2864 1334 3119 1405 deneget
3135 1355 3427 1395 accusans
3448 1341 3641 1405 Scrip-

1994 1411 2175 1467 turas,
2210 1404 2519 1474 quomodo
2546 1404 3224 1474 poteritstultamiidem
3256 1418 3522 1468 nostram
3556 1404 3645 1469 di-

1992 1476 2462 1553 ceredenegans
2486 1476 2831 1553 Seriptueas
2858 1478 2884 1531 ?
2916 1480 3019 1553 Ubi
3043 1480 3199 1553 enim
3228 1482 3510 1553 scriptum
3559 1489 3646 1540 est

1992 1546 2065 1601 de
2089 1546 2317 1601 Christo
2338 1546 2501 1616 quod
2534 1546 2708 1601 Filius
2736 1548 2833 1603 Dei
2859 1551 3194 1605 credendus
3219 1546 3545 1613 est,éodem
3568 1556 3647 1609 lo-

1991 1634 2062 1671 co
2095 1618 2277 1671 virtus
2304 1617 2789 1673 testisinvenitur.
2824 1622 2887 1675 Et
2920 1621 2967 1674 si
3003 1622 3094 1676 cui
3122 1623 3454 1678 absurdum
3489 1626 3645 1679 vide-

1990 1692 2084 1744 tur
2111 1688 2325 1761 legenti
2355 1688 2653 1761 Christum
2685 1690 2787 1745 Dei
2822 1690 3025 1746 Filium
3058 1694 3431 1761 crucifixum,
3454 1697 3644 1752 revol-

1997 1765 2112 1822 vat,
2148 1759 2473 1815 etinveniet
2499 1763 2883 1816 resurrexisse
2914 1778 3051 1817 eum
3082 1780 3117 1819 a
3166 1759 3438 1827 mortuis,
3474 1773 3529 1823 et
3559 1768 3642 1823 in-

1996 1830 2218 1908 telligat
2250 1830 2580 1908 noneotiose
2611 1848 2745 1886 eum
2761 1839 3057 1908 mortuum
3082 1852 3238 1900 esse,
3271 1852 3463 1908 neque.
3494 1839 3643 1894 invi-

1992 1906 2141 1965 tum,
2176 1902 2946 1977 quipotuitre‘surgereﬁed
2970 1921 3097 1977 esse
3124 1902 3644 1977 mysteri'um.Qui-

1994 1988 2253 2050 cumque
2285 1988 2426 2050 ergo
2449 1973 2669 2039 estille,
2704 1982 2806 2031 aut
2834 1976 3135 2050 tacebitde
3166 1973 3339 2033 cruce
3375 1997 3386 2045 ;
3421 1973 3566 2050 quia
3596 1982 3643 2035 si

1992 2044 2206 2099 dixerit
2232 2046 2476 2125 stultam
2509 2061 2780 2125 crucem,
2799 2063 2917 2125 non
2951 2049 3165 2119 poterit
3189 2044 3426 2125 stultam
3441 2044 3643 2107 dicere

1992 2120 2507 2190 resurrectionem,
2541 2123 2785 2190 excusat
2807 2120 2967 2173 enim
3000 2122 3354 2176 resurrectio
3382 2138 3641 2190 crucem;

1993 2193 2096 2241 aut
2127 2188 2171 2263 si
2189 2187 2436 2263 locutus
2468 2187 2638 2263 fuerit
2660 2189 2734 2242 de
2767 2204 2960 2252 cruce,
2992 2205 3110 2263 non
3164 2193 3371 2261 poterit
3426 2187 3643 2263 negare

1992 2258 2428 2331 providentiam
2459 2275 2589 2313 esse
2616 2260 2673 2313 in
2704 2275 2773 2313 ea
2794 2276 2982 2331 quam
3007 2258 3533 2319 videt—testimonio
3560 2282 3644 2320 re-

1994 2330 2373 2407 surrectionis
2403 2330 2673 2407 firmari“:
2704 2338 2806 2386 aut
2826 2338 3140 2407 utrumque
3162 2334 3321 2407 enim
3337 2335 3641 2407 accipitur,

1995 2405 2107 2474 aut
2144 2406 2459 2472 utrumque
2490 2401 2791 2469 refellitur,
2823 2410 2887 2456 ut
2916 2405 3017 2474 qui
3043 2401 3169 2458 non
3203 2401 3504 2473 defendat,
3538 2422 3646 2461 nec

1994 2472 2535 2547 audeataccusare.
2569 2472 2971 2537 Quareautem
3003 2475 3269 2547 cruciﬁgi
3288 2492 3348 2531 se
3368 2472 3647 2547 permise-

1995 2545 2087 2610 rit,
2116 2544 2387 2611 cognatis
2418 2546 2765 2614 mysterium
2795 2546 3222 2601 reservandum
3247 2544 3644 2604 esthortem

1993 2620 2191 2669 autem
2224 2614 2379 2669 hanc
2404 2616 2461 2668 in
2488 2620 2714 2669 tantum
2740 2617 3207 2677 commendavit.
3242 2624 3304 2673 ut
3334 2618 3647 2675 clariﬁcari

1996 2702 2060 2740 se
2093 2702 2195 2756 per
2221 2701 2353 2739 eam
2397 2691 2644 2740 testatus
2679 2687 2770 2740 sit.
2806 2689 2954 2741 Nam
2984 2690 3064 2743 ait
3098 2710 3109 2740 :
3143 2689 3463 2745 Potestatem
3488 2692 3648 2745 habeo

1994 2756 2223 2828 ponendi
2257 2758 2516 2821 animam,
2545 2764 2593 2811 et
2624 2764 2929 2827 potestatem
2978 2758 3137 2813 habeo
3166 2760 3365 2815 iterum
3402 2762 3650 2817 sumendi

1997 2827 2108 2883 eam
2141 2827 2321 2897 (Joan.
2360 2844 2407 2905 x_,
2435 2828 2693 2905 t_8)._Non
2723 2844 2866 2905 ergo
2897 2836 3141 2884 coactus
3170 2836 3256 2886 est
3279 2834 3428 2905 mori
3463 2850 3475 2899 ;
3504 2835 3649 2905 quia

1996 2905 2355 2976 potestatem
2386 2898 2594 2976 habuit
2621 2905 2681 2976 et
2697 2902 2858 2976 mori
2890 2906 3306 2976 etresurgere.
3352 2898 3647 2976 Hanc-qui

1996 2970 2224 3033 abnuit,
2260 2985 2379 3024 non
2406 2971 2620 3039 poterit
2649 2971 2842 3025 dicere
2860 2972 3145 3028 violenter
3171 2974 3251 3029 illi
3294 2970 3648 3032 mortem-il-

1996 3041 2202 3119 latam.
2230 3040 2287 3096 Si
2319 3041 2477 3095 enim
2510 3043 3522 3119 istamnegat,_uecmo_rtuumillum
3547 3063 3649 3119 po-

2000 3112 2502 3175 teritasseverare,
2539 3112 2679 3182 quia
2705 3111 2832 3166 haec
2856 3112 3340 3181 illiccontinetur,
3374 3118 3474 3172 ubi
3493 3111 3646 3174 mbr-

1998 3185 2037 3239 ti
2073 3182 2775 3259 tradituslegitur.Nem_o
2805 3184 3057 3259 enimex
3085 3188 3494 3259 superioribus
3516 3206 3650 3259 pos-

1999 3260 2205 3316 trema.
2224 3259 2325 3330 aut
2352 3270 2423 3307 ex
2452 3254 2771 3324 postremis
2787 3256 3097 3330 superiora
3110 3254 3649 3330 condemnat;quia

2000 3326 2365 3381 contrarium
2400 3340 2519 3380 non
2562 3330 2649 3381 est
2678 3326 2841 3395 quod
2879 3326 3055 3379 unius
3091 3328 3357 3397 corporis
3414 3326 3541 3384 est:
3569 3331 3649 3385 De

2000 3398 2249 3452 mortuis
2281 3400 2481 3451 autem
2526 3397 2690 3522 quod
2721 3402 3058 3468 resurgant,
3112 3399 3252 3453 dolo
3283 3399 3486 3454 dicunt
3512 3401 3651 3456 stul-

2000 3474 2127 3522 tum
2158 3468 2415 3522 credere.
2474 3469 2532 3522 Vi
2581 3472 2682 3522 ent
2710 3468 2868 3522 enim
2901 3471 3176 3522 exempla
3206 3470 3427 3522 auibus
3463 3472 3651 3522 credi-

2000 3474 2127 3524 tum
2158 3468 2415 3523 credere.
2474 3468 2682 3523 Vident
2710 3468 2868 3522 enim
2901 3471 3176 3539 exempla
3206 3470 3427 3539 quibus
3463 3472 3651 3527 credi-

2004 3541 2119 3595 bile
2144 3540 2683 3610 judicetur.0mnia
2700 3540 2857 3594 enim
2883 3540 3113 3595 semina
3148 3540 3353 3596 usibus
3384 3558 3653 3599 necessa-

2003 3613 2110 3678 ria,
2140 3612 2253 3685 nisi
2268 3610 2546 3685 resoluta
2579 3610 2813 3685 fuerint,
2838 3612 3071 3685 renasci
3105 3628 3311 3685 rursus
3343 3630 3457 3668 non
3490 3620 3650 3685 pote-

2004 3690 2162 3738 runt.
2184 3683 2238 3737 Si
2268 3682 2378 3737 hoc
2404 3682 2461 3735 in
2492 3681 3045 3737 mundobominum
3079 3683 3423 3739 causaDens
3453 3681 3653 3741 decre-

2004 3756 2107 3818 vit,
2134 3768 2237 3807 cur
2263 3752 2496 3827 illorum
2528 3754 2789 3827 ipsorum
2818 3753 3166 3827 corporibus
3192 3756 3238 3809 si
3269 3755 3381 3810 hoc
3413 3762 3651 3827 praesta-

2007 3832 2171 3899 turus
2220 3823 2792 3899 credatu_r,stultum_
2832 3824 3128 3895 putatur?
3182 3827 3299 3881 Nisi
3346 3823 3489 3897 quia
3540 3829 3652 3899 ipsi

2007 3896 2167 3951 stulti
2199 3900 2354 3958 sunt,
2377 3895 2479 3965 qui
2498 3898 2611 3949 Deo
2627 3911 2745 3950 non
2759 3895 2922 3961 dant,
2947 3913 3126 3968 quam
3156 3895 3648 3966 potestmundus,

2009 3968 2287 4043 virt_utem
2327 3982 2340 4031 ;
2382 3981 2520 4043 cum
2565 3972 2867 4035 gestarum
2914 3984 3075 4023 nunc
3121 3984 3312 4043 usque
3342 3978 3654 4043 appareat

2012 4038 2247 4103 umbra,
2298 4038 2883 4110 quiajamrtempus
2935 4055 3055 4094 non
3100 4047 3189 4094 est
3214 4038 3651 4099 'faciendarum

2009 4110 2310 4164 virtutum.
2344 4108 2510 4165 Initio
2542 4109 2699 4163 enim
2724 4108 2849 4164 ﬁeri
2881 4111 3160 4181 Oportuit,
3196 4116 3257 4166 ut
3281 4128 3485 4168 semen
3512 4115 3654 4169 fidei

2008 4197 2115 4253 per
2138 4180 2294 4235 hanc
2317 4187 2680 4253 crementum
2709 4180 2944 4253 faceret.
2978 4184 3197 4237 Tamen
3241 4189 3295 4237 et
3332 4185 3503 4238 modo
3535 4186 3651 4239 dee-

2010 4253 2217 4307 monia
2248 4252 2557 4306 nominata
2589 4268 2761 4306 cruce
2781 4252 2985 4307 Christi
3010 4256 3299 4307 terrentur
3334 4259 3429 4318 ;et
3461 4255 3510 4308 si
3542 4254 3651 4309 im-

2010 4324 2251 4395 pensius
2276 4324 2397 4387 fiat,
2424 4323 2707 4389 fugantur
2731 4329 2813 4395 ;et
2835 4323 2916 4377 dii
2934 4324 3312 4395 Paganorum
3335 4324 3652 4381 formidine

2010 4393 2065 4450 et
2093 4402 2252 4449 metu
2283 4395 2605 4467 nominatae
2632 4393 2818 4447 crucis
2847 4409 3133 4467 responsa
3181 4394 3323 4467 dare
3356 4411 3473 4450 non
3523 4413 3653 4467 pos-

2012 4472 2167 4521 sunt.
2204 4466 2671 4535 Siopprobrium
2705 4470 2792 4517 est
2812 4480 2969 4518 mors
3003 4464 3233 4527 Christi,
3258 4482 3444 4535 quare
3479 4464 3653 4523 te'rro.

2010 4539 2057 4593 ri
2087 4543 2176 4592 est
2206 4536 2234 4590 ‘I
2258 4540 2363 4591 Res
2389 4535 2546 4590 enim
2570 4550 2703 4605 quas
2734 4550 2803 4589 ex
2837 4535 3081 4589 crimine
3122 4536 3299 4599 venit,
3325 4552 3444 4591 non
3464 4538 3654 4594 timeri

2006 4610 2207 4673 dabet,
2245 4608 2348 4661 sed
2379 4606 2704 4660 contemni.
2744 4607 2883 4669 Quis
2928 4607 3085 4659 enim
3115 4606 3323 4662 timeat
3344 4608 3652 4665 hominem

2011 4696 2120 4752 pro
2147 4679 2391 4752 crimine
2411 4693 2519 4731 suo
2545 4676 2808 4731 occisum
2838 4676 2866 4730 ?
2888 4678 2971 4752 At
2991 4677 3331 4752 siinnocens
3368 4679 3560 4746 fuerit,
3590 4682 3654 4736 ti-

2014 4747 2160 4805 meri
2188 4756 2388 4822 tamen
2413 4763 2531 4822 non
2556 4754 2766 4822 potest,
2799 4749 2898 4801 sed
2938 4747 3145 4803 doleri.
3174 4750 3377 4822 Itaque
3392 4752 3500 4806 nisi
3526 4768 3655 4807 sen-

2014 4824 2183 4877 tirent
2214 4820 2534 4883 daemonia,
2565 4819 2654 4873 vel
2686 4819 2765 4873 dii
2797 4819 3652 4889 Paganorum,sacramentum

2013 4909 2143 4948 esse
2170 4907 2405 4963 crucem
2438 4890 2669 4963 Christi,
2693 4890 3002 4963 nominata
3026 4907 3145 4947 non
3176 4897 3566 4963 terrerentur;
3601 4901 3656 4949 et

2014 4970 2077 5019 ut
2106 4962 2440 5034 expressius
2471 4960 2836 5034 dicam._nisi
2860 4962 3175 5034 reiessent,
3209 4980 3330 5019 non
3362 4960 3648 5021 timerent.

2015 5038 2077 5091 Hi
2106 5031 2321 5091 etenim
2353 5048 2587 5096 omnes,
2610 5031 2827 5105 qui‘ex
2856 5038 3021 5105 parte
3050 5032 3276 5090 diaboli
3324 5042 3478 5099 sunt,
3514 5052 3658 5091 con-

2013 5110 2324 5163 senserunt
2346 5105 2403 5158 in
2420 5102 2671 5158 mortem
2686 5102 2911 5159 Christi.
2926 5103 3090 5159 Unde
3113 5111 3328 5161 cuncta
3354 5106 3655 5163 daemonia

2015 5180 2131 5234 sive
2162 5177 2242 5232 dii
2277 5176 2570 5242 Gentium,
2604 5175 2914 5230 nominata
2944 5192 3115 5231 cruce
3165 5176 3403 5239 Christi,
3439 5184 3656 5235 terrore

2014 5249 2449 5305 concutiuntur.
2472 5247 2675 5303 Omnis
2694 5248 2852 5300 enim
2876 5248 2976 5317 qui
3008 5247 3069 5301 in
3096 5246 3343 5315 alicujus
3375 5248 3656 5305 innocen-

2016 5322 2086 5376 tis
2121 5325 2309 5375 morte
2336 5334 2472 5372 reus
2504 5322 2613 5381 est,
2640 5333 2776 5371 cum
2808 5334 3025 5372 nomen
3071 5319 3201 5389 ejus
3230 5317 3402 5373 fuerit
3434 5337 3655 5377 memo-

2014 5397 2230 5455 ratum,
2266 5392 2442 5444 timor
2468 5389 2861 5457 apprehendit
2910 5405 3011 5445 cor
3050 5390 3200 5459 ejus.
3232 5392 3657 5448 Recordatione

2012 5465 2169 5519 enim
2198 5461 2405 5516 habita
2442 5459 2637 5533 delicti
2683 5474 2850 5533 reum
2891 5476 2952 5515 se
2987 5460 3163 5533 videt.
3195 5462 3429 5525 Quanto
3466 5465 3658 5533 magis

2014 5535 2335 5593 daemonia,
2369 5531 2457 5585 vel
2490 5530 2571 5584 dii
2604 5531 2896 5601 Gentium,
2933 5532 3033 5601 qui
3066 5534 3149 5586 rei
3187 5539 3326 5587 sunt
3351 5535 3512 5589 necis
3554 5530 3660 5591 Do-

2014 5606 2161 5662 mini
2184 5610 2238 5658 et
2267 5601 2586 5659 Salvatoris
2618 5602 2827 5656 mundi
2856 5600 3251 5677 ?Sed_Pagani
3283 5605 3656 5677 antiquitatis

2014 5694 2199 5733 causa
2229 5689 2436 5748 verum
2466 5688 2525 5748 se
2552 5679 2746 5748 tenere
2772 5673 3161 5740 contendunt,
3194 5675 3338 5748 quia
3363 5673 3527 5748 quod
3558 5695 3660 5733 an-

2016 5750 2197 5807 terius
2224 5752 2327 5813 est,
2361 5745 2657 5819 inquiunt,
2674 5744 2890 5804 falsum
2920 5762 3052 5804 esse
3079 5744 3450 5821 non—potest.
3483 5748 3663 5818 Quasi
