4140 6208
654 165 788 220 2351

655 287 978 360 antiquitas
993 289 1093 360 aut
1113 288 1286 360 vetus
1302 281 1673 360 consuetudo
1691 280 2038 360 praajudicct
2059 277 2305 360 veritati.

655 350 901 414 Possent
924 358 1081 412 enim
1112 356 1449 421 homicidas,
1487 364 1587 410 aut
1620 350 1851 416 molles,
1902 357 2002 407 aut
2032 350 2301 416 adulteri,

655 431 746 485 vel
766 433 961 485 caeteri
993 429 1295 483 criminosi
1328 443 1433 498 per
1463 427 1574 481 hoc
1605 422 2303 498 illicitasua‘defendere,

653 504 796 573 quia
826 502 1076 572 antiqua
1105 506 1262 573 sunt,
1297 495 1447 573 etab
1476 499 1618 573 ipso
1639 496 1844 573 mundi
1870 495 2035 550 initio
2064 500 2260 564 coepta
2289 510 2302 561 ;

654 567 789 627 c'um
808 572 949 627 hinc
972 567 1161 640 magis
1181 567 1509 637 intelligere
1527 567 2084 640 deberenterrorem
2103 580 2300 628 suum,

652 643 974 715 quiaquod
996 636 1455 715 reprehenSib’ile
1469 646 1521 694 et
1546 645 1715 710 turpe
1738 642 1845 706 est,
1863 636 2015 693 male
2042 643 2303 715 emptum

653 711 943 786 probatur
976 730 990 777 ;
1020 711 1178 783 quod
1204 717 1403 766 autem
1431 711 1748 766 honestum
1787 715 1843 764 et
1889 713 2301 786 sanctumest;

654 778 829 855 digne
847 778 1101 839 colitur:
1158 799 1266 838 nec
1298 799 1476 853 posse
1520 788 1689 855 turpe
1738 787 1794 835 et
1841 778 2303 855 reprehensibiie

653 850 791 913 an'te
822 856 1043 911 factum
1086 871 1217 909 esse
1250 850 1567 909 honestum
1588 850 1645 907 et
1676 850 2211 922 irreprehensibile.
2240 851 2305 904 Et

653 927 730 983 ad
757 935 1108 992 extremum,
1152 929 1528 994 Paganorum
1574 924 1806 978 traditio
1849 924 1926 977 ab
1954 922 2302 994 hominein-

651 1005 831 1053 venta
863 1000 1064 1066 negari
1085 1013 1205 1052 non
1234 992 1428 1068 potest
1462 1009 1473 1046 :
1504 996 1647 1066 quia
1676 1002 1875 1050 autem
1907 999 2109 1068 nostra
2140 992 2303 1046 Lexa

654 1072 772 1124 Deo
802 1071 944 1124 data
972 1075 1083 1135 est,
1112 1068 1353 1122 evidens
1381 1083 1470 1121 res
1491 1067 1678 1121 est.In
1705 1073 1903 1120 monte
1931 1067 2087 1119 enim
2121 1079 2303 1134 appa-

650 1142 766 1195 ruit
794 1141 1078 1210 majestas
1095 1140 1193 1194 Dei
1223 1141 1299 1193 ad
1329 1139 1597 1193 dandam
1623 1138 1831 1207 Legem
1856 1136 2219 1210 hominibns.
2241 1137 2302 1189 Et

654 1218 713 1266 ut
735 1212 871 1266 huic
890 1206 1041 1265 tides
1069 1213 1259 1282 possit
1288 1210 1511 1273 haberi,
1546 1206 2013 1282 prtpmisitsigna
2051 1206 2303 1282 multaet

650 1283 925 1355 prodigia
952 1276 1108 1338 facta
1134 1284 1191 1336 in
1224 1283 1509 1351 lEgypto,
1543 1276 1910 1355 quodhodie
1943 1292 2202 1355 quoque
2232 1276 2302 1330 li-

649 1348 739 1409 bri
772 1348 1061 1409 testantur
1087 1371 1121 1409 a
1145 1348 1459 1407 Ptelomaeo
1490 1348 1776 1405 reconditi
1826 1352 1884 1404 in
1938 1348 2302 1403 bibliotheca

652 1426 1078 1481 Alexandrina.
1113 1424 1205 1479 Sic
1234 1438 1376 1491 ergo
1410 1424 1620 1491 Legem
1645 1424 1928 1490 dignatus
1954 1424 2042 1474 est
2068 1420 2302 1485 dare,ut

647 1512 827 1551 nemo
860 1498 1188 1564 ambigeret
1232 1490 1411 1549 Deum
1462 1490 1591 1549 esse
1627 1494 1730 1564 qui
1792 1491 2052 1564 tradidit.
2092 1490 2298 1564 Palam

648 1570 809 1621 enim
836 1573 892 1622 et
920 1562 1231 1621 manifeste
1272 1565 1397 1619 visa
1428 1569 1520 1618 est
1544 1562 1826 1618 omnibus
1861 1563 2143 1632 majestas
2178 1562 2293 1626 Dei,

650 1645 810 1693 tanto
841 1639 1070 1708 fulgore
1096 1643 1407 1700 etterrore,
1437 1641 1500 1689 ut
1522 1636 1937 1708 etiampraater
1958 1650 2097 1708 eum
2120 1648 2297 1708 nemo

645 1710 796 1765 alius
815 1704 968 1763 Dens
1000 1708 1358 1771 crederetur,
1393 1706 1888 1777 etquodjubebat
1918 1704 2297 1777 omniobser-

644 1781 881 1836 vatione
912 1780 1163 1848 dignum
1192 1775 1529 1834 haberetur.
1556 1780 1619 1831 Et
1646 1783 1706 1831 ut
1728 1777 1934 1831 omnia
1958 1775 2298 1848 deiﬁcaera-

642 1851 786 1907 tioni
812 1846 1196 1913 conveniant,
1232 1849 1584 1920 inspiciatur
1599 1850 1816 1903 tradita
1832 1848 1966 1920 Lex,
1998 1848 2049 1920 si,
2069 1846 2215 1920 quid
2234 1847 2291 1900 in

641 1922 773 1993 ipsa
804 1924 1114 1993 injustum,
1151 1922 1197 1975 si
1227 1917 1372 1992 quid
1401 1919 1808 1993 inhonestum,
1838 1918 1884 1971 si
1910 1919 2055 1991 quid
2081 1917 2294 1993 ridicu-

642 1990 989 2049 losumeic
1020 1990 1284 2063 oportuit
1334 1994 1515 2046 Deum
1564 1992 1938 2063 inotescerec;
1968 1995 2177 2063 nonut
2232 1990 2291 2043 in

643 2065 863 2133 angulo
905 2082 1008 2135 per
1035 2060 1781 2135 imposturainappareret,
1809 2061 1910 2135 qui
1945 2060 2141 2115 claudi
2173 2075 2290 2115 non

640 2132 835 2206 potest
867 2154 881 2200 ;
906 2132 1207 2207 'neque’iu
1238 2132 1631 2207 speculo,tib‘i_
1662 2132 1825 2207 aliud
1852 2137 1939 2185 est
1967 2148 2150 2204 quam
2172 2146 2292 2185 cer-

642 2204 800 2262 nitur
840 2204 1127 2279 operante
1158 2205 1508 2260 illecebrosa
1538 2204 1795 2259 fallacia:
1830 2218 2047 2279 neque
2073 2218 2143 2257 ea
2175 2218 2291 2279 ser-

641 2279 836 2333 vanda
867 2274 1192 2340 traderet‘,
1235 2292 1369 2348 quae
1403 2280 1719 2348 propterea
1753 2274 1916 2348 quod
1970 2274 2292 2348 inhonesta

640 2356 855 2413 essent,
888 2352 945 2404 in
978 2348 1237 2404 tenebris
1255 2344 1793 2417 generentur.Cuni
1809 2344 1969 2401 enim
1998 2345 2175 2399 unius
2190 2345 2289 2399 Dei

639 2423 849 2476 notitia
905 2420 1244 2475 oblitterata
1299 2423 1456 2473 esset
1502 2418 1560 2472 in
1595 2418 1825 2472 mundo
1856 2416 2289 2471 consuetudine

639 2491 1047 2563 delinquendi,
1075 2490 1220 2562 quia
1235 2490 1613 2563 mendacium
1642 2488 1910 2563 velamen
1934 2488 2290 2563 praestiterat

638 2558 889 2629 veritati,
924 2558 1186 2618 clemens
1211 2566 1269 2615 et
1292 2560 1631 2615 misericors
1676 2561 1844 2622 Deus,
1896 2558 2103 2613 nolens
2133 2574 2288 2628 opus

636 2650 813 2689 suum
847 2634 1161 2704 perditioni
1187 2630 1705 2704 obnoxiumtieri,
1740 2630 1982 2704 visitare
2003 2630 2285 2704 dignatus

637 2711 723 2760 est
752 2700 940 2776 genus
966 2705 1476 2776 humanum._Non
1498 2702 1582 2755 sic
1614 2716 1914 2776 apparens
1938 2700 2285 2776 sicu_t_hiqui

636 2770 789 2830 falso
826 2775 908 2829 dii
930 2773 1219 2845 appellari
1251 2773 1563 2845 voluerunt
1595 2787 1607 2834 ;
1642 2770 1745 2826 sed
1775 2772 1931 2845 sicut
1947 2777 2030 2825 est
2065 2770 2285 2845 Veritas

639 2846 758 2909 Dei,
791 2847 869 2900 ita
903 2842 1420 2906 se'manifestavit,
1453 2849 1514 2896 ut
1544 2858 1805 2897 errorem
1838 2842 2146 2907 adimeret,
2180 2843 2284 2913 qui

633 2915 924 2971 falsorum
956 2915 1207 2969 deorum
1228 2913 1650 2985 praedicatione
1670 2915 2141 2985 mundirsensum
2160 2929 2284 2969 cor-

631 2994 892 3057 ruperat.
925 2987 1189 3057 Denique
1222 2984 1405 3055 supra
1437 2990 1717 3040 sexcenta
1756 2984 1943 3039 millia
1966 2984 2281 3057 hominum

633 3054 876 3128 egressa
897 3058 970 3113 de
984 3054 1256 3128 lEgjpto,
1281 3054 1547 3111 videntes
1564 3062 1618 3112 et
1640 3062 2067 3126 cognoscentes
2088 3054 2282 3128 Domi-

632 3127 779 3185 num
804 3131 963 3184 hunc
976 3127 1105 3185 esse
1127 3127 1308 3199 supra
1331 3143 1543 3183 omnes
1557 3143 1625 3182 ex
1641 3129 1994 3199 apparentia
2020 3127 2282 3199 ineffabi-

630 3200 703 3256 lis
734 3201 956 3272 glorias,
990 3201 1330 3272 proximare
1356 3200 1431 3254 ad
1446 3215 1583 3253 eum
1604 3200 1947 3272 timuerunt,
1970 3199 2073 3253 sed
2100 3198 2277 3272 longe

631 3270 874 3328 curvato
898 3270 1052 3344 genu
1085 3288 1223 3326 eum
1255 3272 1657 3344 adoraverunt
1685 3270 1882 3341 (Exod.
1916 3286 2016 3333 xx,
2054 3270 2279 3344 t_8).Po-

632 3351 759 3415 stea
773 3340 1272 3415 prosequentibus
1300 3342 1647 3415 aliissignis
1663 3340 1895 3413 "quam
1914 3357 2050 3415 quas
2064 3340 2280 3397 fecerat

628 3414 690 3470 in
720 3412 1058 3485 Egyptoiin
1074 3414 1356 3485 omnibus
1370 3412 1751 3485 mirabilibus
1768 3413 2179 3467 manifestatus
2193 3418 2279 3467 est

628 3501 786 3541 unus
819 3484 947 3541 esse
980 3486 1153 3541 Deus.
1188 3484 1325 3539 Haec
1346 3484 1629 3539 omnibus
1669 3500 1855 3555 prope
1888 3485 2272 3539 innotuerunt

626 3556 865 3629 linguis,
887 3558 1007 3629 beas
1038 3557 1244 3612 vicinis
1268 3556 1543 3629 gentibus
1592 3554 1796 3629 terrori
1836 3554 2089 3629 fuerunt.
2120 3554 2271 3629 Quid

630 3626 742 3683 tale
766 3630 825 3683 in
843 3629 954 3683 diis
969 3628 1242 3683 Gentium
1275 3626 1301 3681 i’
1327 3628 1425 3682 Cui
1458 3626 1635 3695 genti,
1666 3627 1758 3681 cui
1775 3626 1996 3697 populo
2015 3626 2267 3694 gloriam

624 3715 799 3779 suam
813 3700 1199 3779 ostenderunt
1218 3698 1245 3752 7
1266 3714 1400 3779 quae
1428 3700 1598 3779 signa
1629 3700 1998 3779 autnvirtutes
2023 3697 2097 3751 ad
2125 3697 2269 3779 divi-

624 3772 825 3824 nitatis
857 3786 979 3824 suae
1008 3767 1412 3824 testimonium
1436 3769 1698 3823 fecerunt
1722 3767 1750 3822 ‘i’
1780 3768 1879 3823 ubi
1912 3768 2002 3822 vel
2029 3768 2268 3839 quando

622 3839 801 3895 locuti
828 3841 1156 3910 probantur
1174 3842 1202 3893 ?
1231 3841 1340 3895 Sed
1365 3840 1702 3894 irrationale
1718 3840 1930 3909 vulgus
1953 3846 2054 3893 aut
2084 3855 2267 3910 appa-

621 3916 817 3964 rentes
852 3911 1113 3975 umbras,
1136 3911 1567 3976 autdeemonia,
1593 3916 1696 3965 aut
1717 3912 2034 3966 simulacra
2051 3916 2268 3966 mortu-

621 3997 814 4046 orum,
837 3986 899 4036 ut
923 3981 1067 4036 deos
1083 3982 1591 4053 colerecaaperunt
1611 3998 1630 4053 :7
1655 3997 1790 4053 quas
1820 3998 1910 4036 res
1931 3982 1989 4035 in
2021 3997 2267 4037 consue-

620 4053 887 4107 tudinem
905 4053 1205 4107 vetustatis
1227 4052 1506 4115 deducta,
1551 4052 1869 4106 arbitratur
1882 4053 2129 4108 rationis
2152 4053 2265 4108 sibi

618 4125 926 4179 veritatem
950 4140 1124 4195 posse
1154 4122 1391 4177 defendi
1418 4138 1581 4189 ;cum
1616 4123 1872 4178 veritatis
1891 4123 2040 4178 ratio
2059 4139 2176 4178 non
2193 4140 2264 4179 ex

616 4195 1069 4260 consuetudine,
1099 4210 1232 4265 quae
1265 4199 1349 4247 est
1380 4209 1451 4248 ex
1481 4198 1788 4261 vetustate,
1818 4195 1917 4248 sed
1948 4196 2144 4249 exDeo
2171 4196 2261 4260 sit,

661 4266 716 4321 ui
758 4283 879 4321 non
911 4272 1202 4322 vetustate
1234 4266 1386 4319 Deus
1428 4265 1737 4336 probatur,
1771 4265 1875 4319 sed
1914 4267 2257 4321 aaternitate.

661 4283 716 4321 ui
758 4283 879 4321 non
911 4282 1202 4322 vetustate
1234 4282 1386 4319 ueus
1428 4282 1737 4336 pronatur,
1771 4282 1875 4319 sea
1914 4282 2257 4321 asternitate.

612 4282 1019 4402 guamobrem
1064 4337 1210 4392 fides
1239 4352 1359 4391 non
1397 4342 1593 4407 carpta
1632 4352 1741 4402 res,
1801 4336 1907 4391 sed
1939 4337 2063 4390 sine
2094 4337 2259 4394 initio

612 4416 719 4463 est.
746 4411 809 4464 ln
852 4412 1033 4463 Deum
1067 4410 1228 4463 enim
1258 4408 1515 4471 credere,
1551 4413 1822 4462 nostrum
1864 4408 2123 4478 incipere
2153 4415 2255 4463 est.

610 4481 755 4534 Nam
788 4480 951 4551 quod
975 4480 1254 4542 creditur,
1289 4486 1578 4534 aeternum
1602 4485 1713 4534 est.
1762 4479 2077 4544 Quomodo
2108 4496 2256 4551 ergo

609 4550 932 4606 anteriores
975 4567 1038 4605 se
1069 4558 1281 4621 putant
1310 4551 1546 4620 Pagani,
1571 4550 1817 4622 quando
1843 4551 2005 4621 quod
2032 4550 2253 4622 colunt,

608 4622 946 4693 postDeum
982 4620 1121 4677 est?
1154 4622 1461 4692 Numquid
1492 4620 1609 4676 non
1643 4638 1795 4693 opus
1817 4620 1953 4692 post
1977 4620 2253 4692 opiﬁcem

606 4697 692 4746 est
720 4692 747 4746 ‘I
775 4693 991 4760 Pagani
1025 4693 1227 4748 colunt
1253 4709 1449 4764 opera,
1484 4709 1592 4748 nos
1624 4692 1940 4764 opiﬁcem;
1984 4693 2063 4748 illi
2093 4709 2253 4749 crea-

605 4766 823 4827 turam,
857 4780 968 4817 nos
1000 4765 1360 4819 Creatorem.
1385 4764 1547 4818 Certe
1578 4766 1728 4818 Deus
1762 4765 1899 4819 fecit
1931 4765 2247 4830 mundum,

600 4831 760 4889 facto
778 4834 1049 4889 notitiam
1078 4851 1251 4890 suam
1276 4851 1395 4890 non
1418 4834 1725 4889 ostendit?
1761 4838 1871 4889 Aut
1902 4835 2033 4890 fecit
2062 4836 2250 4890 homi-

600 4920 759 4968 nem,
782 4911 838 4960 et
867 4905 1052 4960 noluit
1084 4922 1143 4959 se
1167 4906 1243 4959 ab
1258 4922 1323 4960 eo
1351 4905 1460 4960 coli
1488 4922 1669 4976 quem
1695 4906 1829 4959 fecit
1859 4906 2013 4961 ?Sed
2043 4906 2249 4962 absur-

597 4976 744 5032 dum
785 4982 891 5031 est.
926 4978 1134 5031 Factus
1164 4978 1503 5044 ergohomo
1544 4978 1716 5047 caepit
1761 4977 2031 5032 venerari
2068 4994 2246 5033 suum

598 5048 970 5103 Conditorem
1004 5065 1015 5114 ;
1049 5048 1191 5119 quia
1217 5047 1468 5116 dignum
1484 5054 1585 5111 est,
1616 5054 1669 5103 et
1700 5063 1882 5119 causa
1909 5049 2245 5117 hocexegit.

598 5120 764 5184 Quod
781 5136 917 5174 cum
944 5135 1053 5191 per
1072 5118 1366 5191 desidiam
1394 5119 1708 5191 hominum
1740 5118 2249 5191 obsolevisset,re-

594 5188 996 5315 paravitistud
1031 5190 1183 5272 Deus
1216 5188 1688 5271 inAbraham,ut
1711 5190 1974 5271 cognitio
1993 5192 2087 5245 Dei
2110 5207 2245 5261 quas

621 5268 784 5315 uerat
811 5279 868 5315 in
901 5263 1112 5315 Adam.
1138 5266 1420 5315 inciperet
1451 5277 1764 5315 rursumin
1796 5261 2100 5315 Abraham
2132 5279 2144 5315 :
2184 5268 2245 5315 ut

621 5268 784 5318 uerat
811 5263 868 5316 in
901 5263 1112 5327 Adam,
1138 5262 1420 5332 inciperet
1451 5262 1764 5316 rursumin
1796 5261 2100 5317 Abraham
2132 5279 2144 5316 :
2184 5268 2245 5318 ut

593 5333 670 5386 ab
696 5350 766 5387 eo
802 5334 999 5402 geniti,
1052 5333 1163 5387 sub
1194 5333 1325 5403 ejus
1369 5333 1703 5403 cognitione
1736 5332 2151 5398 educarentur,
2186 5338 2242 5388 et

590 5417 690 5523 per
713 5405 1017 5460 traducem
1051 5420 1171 5460 non
1202 5404 1498 5468 deficeret,
1533 5404 1968 5475 nequedeesset
2002 5405 2102 5475 qui
2136 5420 2238 5459 co-

613 5481 731 5523 eret
768 5478 945 5523 Deum
977 5475 1246 5523 advocati
1276 5476 1454 5523 etiam
1487 5481 1731 5523 exslerm
1758 5476 1949 5523 uentis
1982 5475 2237 5523 homini-

613 5481 731 5528 eret
768 5478 947 5530 Deum
977 5475 1248 5531 advocati
1276 5476 1455 5531 etiam
1487 5481 1731 5531 exsteraa
1758 5476 1949 5546 gentis
1982 5475 2237 5531 homini-

652 5568 666 5599 ¹
697 5568 779 5618 Sic
810 5572 899 5619 Ms.
925 5572 1275 5622 Colbertinus.
1312 5576 1376 5621 At
1403 5573 1546 5629 editi,
1575 5573 1781 5624 celaret.

648 5630 1340 5701 I‘Editibic‘interponunt,
1361 5640 1472 5701 tam
1502 5637 1607 5685 illi:
1632 5651 1741 5701 quae
1768 5635 1897 5699 fecit
1925 5636 1981 5686 in
2007 5636 2223 5687 deserto.

583 5692 885 5755 Redundat,
916 5699 969 5751 et
999 5692 1150 5749 abest
1169 5710 1201 5749 a
1224 5697 1321 5748 Ms.
1352 5696 1576 5749 Colbert.

1699 147 2173 226 QU/ESTIONES
2214 148 2307 208 EX
2347 151 2685 222 UTROQUE
2726 148 3011 209 MIXTIM.

3836 171 3925 230 2352

2416 277 2532 361 bus
2554 277 2836 361 ad‘istam‘
2859 277 2955 332 Dei
2979 276 3399 361 cognitionem.
3432 280 3667 361 Quiergo
3709 298 3911 361 cognovit

2418 349 2531 430 sub
2563 349 2879 430 initioﬁestz‘
2917 348 3018 429 qui
3050 339 3249 430 autem
3280 339 3928 430 ορεηὸερῇιιιῖξειίρῗξνίῐλῖ

2418 422 2565 493 tium
2591 428 2698 493 est.
2728 422 2853 485 Qua
2869 422 3044 488 igitur
3061 423 3287 475 ratione
3304 422 3928 493 Paganilegemsuamante

2416 492 2624 547 dicunt
2650 492 2828 546 fuisse
2843 508 3022 561 quam
3043 499 3308 546 nostram
3331 491 3357 546 ‘l
3379 495 3428 548 Si
3444 491 3929 563 mundusanteDeuui

2416 562 2931 658 gittqpodualg§ig
2962 563 3007 617 si
3049 564 3264 658 poterit
3307 566 3931 658 etAPaganitasmanteponi

2417 634 2863 689 Christianitati.
2889 634 3071 688 Nemo
3095 636 3339 688 miretur
3366 634 3437 690 de
3457 638 3671 695 nomine
3687 634 3932 703 Christiani-

2418 707 2573 782 tatis.
2605 706 2875 782 Estenim
2904 705 3093 759 colere
3124 721 3307 782 unum
3337 707 3509 782 Deum
3539 710 3588 763 in
3614 717 3838 782 mysterio
3856 721 3931 774 Tri-

2415 778 2806 842 nitatis.Quod
2831 777 2877 830 si
2898 792 3116 831 nomen
3141 776 3351 830 Christi
3372 785 3591 847 putatur
3609 776 3918 844 ex'clirismate

2414 834 2680 928 nominis
2704 855 2903 931 tamen
2928 848 3080 902 ratio
3098 853 3242 928 ante
3268 834 3512 905 chrisma
3530 834 3932 931 estiiibﬁii'SQJ-E.’

2414 935 2506 973 res
2536 920 2694 992 enim
2723 924 2976 992 nostros,
3006 920 3109 989 qui
3131 919 3190 992 in
3227 934 3393 988 reges
3426 919 3772 992 uagabantur,
3794 919 3932 987 chi-isti

2414 991 2802 1065 vocabantur,
2845 990 3135 1065 habentes
3176 990 3492 1065 imaginem
3518 990 3713 1050 Christi
3757 990 3933 1065 venturi,

2409 1063 2513 1187 qui
2539 1068 2715 1116 natus
2744 1062 2818 1115 de
2853 1064 2968 1116 Deo
3014 1061 3186 1116 Patre
3239 1062 3297 1115 iii
3354 1077 3543 1131 regem
3583 1081 3686 1119 non
3721 1061 3932 1127 immerito

2456 1134 2671 1187 hristus
2702 1132 3037 1187 appellatur
3068 1149 3081 1187 :
3132 1134 3277 1187 auia
3306 1135 3465 1187 quod
3499 1134 3611 1187 istis
3633 1137 3855 1187 chrisma-
3885 1143 3932 1187 illi

2456 1134 2671 1206 hijistus
2702 1132 3037 1206 appellatur
3067 1149 3081 1197 ;
3132 1134 3277 1203 quia
3306 1135 3465 1206 quod
3499 1134 3611 1189 istis
3633 1137 3857 1206 chrisma,
3885 1143 3933 1197 illi

2411 1204 2886 1280 dedit_nativitas
2910 1220 2919 1256 :
2947 1220 3127 1275 quem
3171 1204 3460 1274 quamdiu
3487 1206 3731 1280 ignorant
3766 1204 3933 1280 Pagani,

2410 1275 2764 1345 reprobant;
2795 1291 2931 1329 cum
2960 1281 3156 1329 autem
3192 1275 3934 1347 cognoverint,diligentiusex-

2410 1350 2628 1409 colunt,
2654 1347 2981 1415 gaudentes
3008 1347 3151 1416 quia
3183 1346 3257 1400 de
3278 1347 3437 1402 malo
3460 1346 3771 1406 transierunt
3794 1354 3936 1408 adbo-

2410 1433 2577 1492 num.
2612 1418 2718 1482 Qui
2751 1419 2907 1472 enim
2942 1418 2999 1492 in
3032 1423 3220 1492 retain
3248 1418 3456 1473 frivola
3476 1426 3532 1492 et
3558 1421 3734 1490 inepta
3756 1426 3935 1492 pertina-

2408 1505 2505 1544 ces
2528 1489 2779 1547 fuerunt:
2796 1489 3041 1560 quando
3060 1487 3328 1560 fortiores
3340 1487 3937 1550 etvehementioreserunt

2407 1562 2645 1627 cognita
2672 1558 2994 1635 verit'ate?Q
3006 1559 3154 1613 italis
3167 1575 3309 1628 ergo
3324 1562 3585 1635 Christus
3601 1571 3772 1618 noster
3790 1566 3938 1635 esl,qui

2406 1647 2542 1685 cum
2580 1633 2856 1695 nescitur,
2893 1632 3091 1702 oditur
3119 1647 3133 1697 ;
3158 1646 3295 1686 cum
3320 1634 3695 1702 cognoscitur,
3722 1632 3939 1690 amatur?

2408 1705 2553 1776 Nam
2581 1703 2777 1776 omnis
2812 1701 3002 1776 malus
3018 1718 3162 1776 cum
3180 1702 3458 1776 nescitur,
3491 1709 3719 1770 amatur,
3745 1707 3939 1776 cognitus

2405 1774 2622 1828 oditur.
2658 1774 2871 1847 Quanti
2903 1780 3049 1847 retro
3090 1773 3346 1847 oderunt
3376 1774 3678 1839 Christum,
3718 1773 3940 1847 qui'nunc

2405 1850 2632 1917 amant,
2668 1846 2894 1915 quique
2918 1844 3123 1899 dolent
3150 1845 3352 1917 odisse
3381 1863 3460 1911 se,
3487 1846 3639 1917 quod
3666 1844 3941 1901 nescierunt?

2318 1923 2328 1934 ‘
2405 1916 2803 1990 Imprudentis
2852 1917 3010 1970 enim
3050 1921 3138 1990 est
3168 1916 3369 1990 odisse
3398 1916 3570 1989 quem
3598 1918 3811 1982 nescias,
3847 1919 3942 1990 quia

2404 1986 2788 2061 probandum
2815 1994 2902 2041 est
2932 2002 3008 2041 an
3033 1987 3173 2042 odio
3201 1987 3388 2061 digna
3409 1986 3488 2061 sit
3514 2005 3619 2045 res.
3642 1986 3938 2061 Denique'qui

2400 2058 2578 2113 hodie
2609 2059 3023 2123 adversantur,
3073 2060 3332 2114 crastino
3386 2058 3698 2124 defendent,
3734 2058 3939 2129 pdenilén-

2403 2129 2839 2202 tiaiiragentes,
2860 2129 3023 2202 tarde
3056 2144 3117 2183 se
3134 2131 3485 2201 cognovisse
3510 2131 3660 2202 quod
3683 2146 3850 2185 verum
3872 2136 3939 2185 est.

2401 2200 2679 2273 Quodsi
2731 2201 2867 2255 odio
2920 2200 3109 2273 digna
3164 2216 3256 2255 res
3312 2207 3490 2268 esset,
3528 2200 3624 2257 aut
3665 2202 3846 2273 aliquid
3871 2202 3939 2255 lia-

2398 2272 2561 2326 beret
2591 2272 2856 2337 fallaciae,
2886 2271 3150 2342 quotidie
3179 2287 3251 2326 ex
3273 2273 3599 2328 christianis
3624 2271 3939 2343 ﬁereiitpaga-

2397 2344 2477 2398 ni.
2514 2344 2689 2398 Purro
2703 2350 2921 2406 autem,
2954 2344 3244 2415 quoniam
3276 2344 3405 2400 haec
3429 2346 3731 2409 veritasest,
3750 2344 3937 2415 quotidie

2396 2415 2723 2469 omnihora
2762 2416 2889 2468 sine
2921 2414 3689 2471 intermissionedeserentes
3706 2414 3935 2477 Jovem,iii-

2400 2490 2483 2540 ter
2508 2502 2660 2556 quos
2684 2486 2965 2557 sophistae
2983 2484 3278 2541 etnobiles
3304 2486 3531 2555 mundi,
3556 2486 3653 2557 qui
3672 2502 3790 2541 eum
3813 2488 3935 2540 Deum

2396 2556 2647 2612 confessi
2679 2556 2867 2611 erant.
2884 2557 3236 2625 confugiunt
3260 2557 3339 2612 ad
3359 2556 3661 2624 Christum,
3686 2556 3769 2613 cui
3796 2557 3939 2612 estho-

2397 2644 2507 2683 nor
2541 2634 2593 2684 et
2625 2628 2815 2697 gloria
2844 2629 2902 2683 in
2926 2628 3285 2683 saeculorum
3318 2630 3557 2686 saecula.

3080 2715 3149 2754 DE
3187 2715 3355 2755 FATO.

2466 2770 2598 2825 CXV
2642 2770 2739 2842 (a).
2789 2801 2858 2809 ——
2914 2768 3059 2825 Nihil
3107 2777 3228 2826 tam
3276 2771 3638 2827 contrarium
3682 2768 3938 2842 christiano,

2392 2856 2575 2912 quam
2594 2838 2777 2897 si'a'rti
2801 2842 3138 2896 matheseos
3165 2841 3451 2899 adhibeat
3476 2858 3686 2897 curam.
3710 2844 3813 2896 Haec
3836 2838 3939 2893 enim

2391 2912 3029 2985 inimicaidignoscitur
3085 2914 3179 2967 Dei
3228 2913 3366 2985 legi.
3421 2915 3671 2985 Sirenim
3702 2917 3941 2985 nascuntur

2389 2986 2493 3109 qui
2518 2983 2821 3065 mali-sint,
2852 2988 2908 3039 et
2932 3000 2963 3038 e
2993 2990 3199 3040 contra
3224 2981 3329 3056 qui
3362 2984 3502 3041 boni
3532 2985 3639 3039 sint
3661 3000 3674 3049 ;
3698 2983 3869 3064 frustra
3884 2981 3939 3033 lex

2435 3060 2531 3109 ata
2569 3055 2781 3109 dicitur
2814 3075 2825 3109 :
2862 3059 2918 3109 et
2962 3070 3083 3109 non
3115 3055 3309 3109 solum
3357 3056 3488 3109 hoc.
3543 3055 3640 3109 sed
3678 3059 3726 3109 et
3757 3057 3939 3109 lnltlslllS

2435 3060 2531 3110 ata
2569 3055 2781 3110 dicitur
2814 3075 2825 3113 :
2862 3059 2918 3109 et
2962 3070 3083 3110 non
3115 3054 3309 3111 solum
3357 3056 3488 3121 hoc,
3543 3055 3640 3111 sed
3678 3059 3726 3109 et
3757 3054 3939 3123 iniustus

2387 3125 2704 3182 habebitur
2731 3126 3070 3195 Legislator.
3103 3127 3212 3192 Qui
3243 3128 3409 3183 enim
3438 3128 3564 3196 lege
3588 3127 3716 3181 data
3737 3124 3859 3193 cogit
3876 3122 3942 3176 lio-

2388 3198 2580 3253 mines
2612 3205 2818 3253 contra
2842 3198 2902 3252 id
2932 3199 3098 3268 quod
3130 3199 3253 3253 nati
3281 3206 3424 3254 sunt
3453 3199 3654 3262 facere,
3682 3197 3840 3251 sciens
3861 3206 3937 3268 non

2386 3284 2562 3340 posse
2585 3270 2803 3341 mutari
2831 3264 3130 3341 naturam,
3163 3269 3241 3324 ad
3280 3270 3398 3326 hoc
3430 3270 3624 3341 utique
3651 3264 3938 3341 legemvide

2386 3335 2479 3394 tur
2499 3340 2770 3414 dedisse,
2795 3346 2855 3395 ut
2884 3339 3130 3414 haberet
3158 3335 3549 3414 occasionem'
3567 3356 3679 3414 qua
3709 3335 3941 3414 crudeliu-

2385 3415 2503 3467 tem
2534 3428 2706 3466 suam
2739 3413 2812 3467 de
2844 3428 2987 3467 nece
3018 3412 3280 3467 hominis
3315 3408 3598 3469 satiaretf
3626 3408 3808 3482 thuid
3830 3408 3938 3461 enim

2383 3483 2658 3552 prohibet
2686 3484 2850 3555 quod
2886 3485 2992 3537 scit
3032 3485 3215 3538 averti
3269 3499 3395 3540 non
3442 3499 3615 3555 posse
3651 3483 3809 3555 ?_Aut
3845 3491 3940 3555 que;

2382 3544 2777 3638 inadmodu‘m
2806 3554 3400 3638 damnatnhominem
3423 3544 3668 3638 qui-non
3696 3544 3937 3638 fecitqucti

2380 3623 2573 3679 facere
2605 3641 2725 3680 non
2768 3626 3014 3696 potuit?
3048 3626 3103 3681 Si
3144 3632 3349 3682 autem
3375 3622 3656 3696 iniustum
3676 3623 3877 3682 videtur,
3898 3622 3935 3696 ul

2380 3703 2486 3760 est,
2517 3697 2660 3760 quia
2690 3694 2848 3751 istud
2883 3696 2957 3752 de
2997 3698 3114 3752 Deo
3145 3697 3366 3753 sentire
3398 3694 3678 3753 nefarium
3705 3700 3777 3749 est
3804 3709 3814 3758 ;
3839 3694 3939 3760 recte

2380 3712 2486 3760 est,
2564 3713 2660 3752 uia
2690 3712 2848 3751 istud
2883 3712 2957 3752 ne
2998 3712 3114 3752 ueo
3145 3712 3366 3753 sentire
3398 3712 3678 3753 netarium
3705 3712 3777 3749 εει
3804 3712 3814 3758 ;
3839 3712 3939 3745 rem

2377 3773 2433 3821 et
2463 3712 2705 3822 salutari
2736 3770 2968 3823 ratione
2995 3768 3188 3837 legem
3212 3768 3401 3835 dedit,
3428 3771 3615 3824 sciens
3638 3780 3788 3839 posse
3810 3758 3939 3839 li_omi-

2378 3853 2512 3913 nem
2542 3840 2846 3913 continere
2893 3834 3079 3913 scab?
3111 3856 3178 3894 eo
3223 3840 3393 3913 quod
3422 3834 3805 3913 prohibetlex.
3830 3834 3934 3897 Ergo

2375 3909 2693 3984 quiajuste
2723 3911 2912 3978 legem
2941 3910 3123 3984 dedit,
3144 3909 3395 3984 nonest
3417 3909 3830 3984 utiqueiniquus
3845 3915 3934 3984 cuni

2374 3976 2654 4036 vindicat.
2692 3976 2890 4052 Itaque
2916 3983 2964 4037 si
2993 3982 3110 4051 legi
3136 3982 3233 4037 Dei
3255 3982 3413 4039 fides
3447 3976 3843 4052 commodanda
3863 3976 3934 4052 es}.

2373 4054 2518 4127 quia
2535 4052 2697 4127 juste
2729 4042 3017 4124 probatur
3047 4042 3188 4109 data
3220 4073 3234 4123 ;
3268 4070 3370 4109 ars
3395 4055 3716 4127 matheseos
3738 4042 3937 4127 evitanda

2372 4120 2429 4178 et
2458 4120 2745 4192 fugienda
2765 4130 2870 4180 est.
2907 4127 3065 4180 Hanc
3093 4120 3251 4180 enim
3284 4126 3507 4181 astutia
3530 4132 3584 4181 et
3611 4120 3855 4177 subtilitas
3877 4120 3929 4166 m-

2371 4195 2529 4268 venit
2553 4194 2795 4251 diaboli.
2829 4196 2981 4262 Quia
3002 4195 3160 4251 enim
3192 4202 3399 4267 aperte
3429 4208 3741 4268 repugnarc
3756 4203 3849 4268 non
3866 4198 3931 4266 ᾷαθ

2370 4265 2468 4341 dcet
2501 4268 2745 4341 auctori,
2778 4263 3267 4341 tergiversatione
3295 4263 3527 4341 idagit,
3558 4263 3616 4321 ut
3638 4271 3687 4320 et
3712 4263 3805 4341 Deo
3828 4263 3927 4325 inju-

2368 4336 2519 4392 riam
2545 4337 2743 4405 faciat,
2760 4342 2817 4392 et
2836 4338 3142 4393 hominem
3158 4340 3272 4406 legi
3296 4336 3605 4395 inimicum
3625 4336 3924 4408 constituens,

2372 4415 2556 4463 morte
2592 4400 2836 4481 mugietet
2880 4411 3166 4466 secunda.
3198 4400 3307 4478 Qui
3340 4427 3483 4481 ergo
3543 4400 3926 4481 Deiauctqrittili

2366 4480 2539 4544 cedit,
2583 4486 2636 4535 et
2676 4480 2901 4535 factum
2958 4482 3086 4549 eius
3140 4473 3452 4537 retractari
3482 4479 3755 4537 nefarium
3795 4473 3923 4549 duelli

2365 4550 2477 4625 legi
2511 4540 2587 4625 ab
2625 4551 2725 4625 illo
2751 4552 2905 4607 datas
2927 4540 3321 4625 obtemperat,
3357 4554 3455 4609 die
3486 4556 3760 4625 noctuque
3778 4540 3925 4625 studiis

2363 4623 2491 4693 ejus
2522 4623 2829 4685 insistens,
2864 4639 2972 4678 nec
2998 4619 3225 4694 aliquid
3253 4625 3576 4681 adversum
3604 4619 3823 4694 respicit,
3845 4623 3924 4667 Ποῦ

2360 4690 2644 4767 dubitans
2670 4696 2812 4767 quia
2837 4700 3044 4767 potens
3078 4690 3168 4750 est
3196 4696 3383 4752 homo
3417 4690 3709 4767 praseepta'
3722 4690 3823 4759 ejus
3843 4696 3923 4767 sets

2362 4780 2519 4820 vare.
2537 4765 2682 4820 Nam
2707 4766 2761 4820 hi
2778 4766 2879 4837 qui
2897 4782 3140 4835 peccare
3162 4765 3447 4836 gestiunt,
3463 4765 3802 4837 occasionem
3814 4766 3920 4837 que;

2358 4844 2495 4908 runt
2526 4826 2834 4906 quomodo
2860 4826 3108 4908 peccata
3138 4826 3247 4892 sua
3278 4854 3315 4894 a
3348 4854 3414 4893 se
3434 4826 3651 4895 faciant
3672 4826 3858 4908 alienas;
3883 4826 3919 4908 lli

2356 4906 2501 4980 dum
2535 4902 2758 4962 natura;
2780 4902 2956 4980 quasi
2981 4908 3340 4978 imputanda
3365 4914 3606 4980 peccata
3632 4907 3751 4970 sint.
3770 4902 3917 4980 inim“:

2353 4977 2447 5051 _nis
2473 4994 2653 5034 essea
2681 4972 3139 5051 pretiavideatur
3166 4972 3467 5051 peccator.
3498 4980 3615 5035 Hoc
3628 4972 3914 5051 propositum

2349 5048 2563 5104 horum
2589 5044 2813 5122 esti-qui?
2833 5044 3248 5122 desperatione
3280 5053 3590 5122 promissa!
3620 5044 3912 5122 futu'rwﬁjltﬁ;

2348 5122 2623 5202 praesenti
2652 5109 2992 5203 de'siderant
3021 5121 3132 5176 frui
3167 5109 3497 5194 voluptate.
3551 5124 3618 5176 At
3644 5119 3695 5173 hi
3729 5109 3912 5242 quipr

2348 5191 2567 5242 fidiima
2598 5192 2754 5242 fidei-
2790 5208 2961 5242 snem
2992 5191 3325 5242 futurorum
3362 5197 3715 5242 exspectant.
3776 5191 3912 5239 οοιω·

2346 5191 2567 5265 fiducia
2598 5192 2767 5265 ﬁdei,
2790 5208 2962 5263 spem
2991 5191 3329 5249 futurorum
3362 5191 3913 5265 exspectant,_l_199_"§:

2346 5262 2503 5336 plere
2517 5254 2769 5336 contend
2784 5254 2905 5329 unt,
2922 5265 3085 5336 quod
3110 5267 3168 5320 in
3186 5254 3517 5336 primordio
3530 5254 3912 5336 renascibiliiat}5

2346 5322 2586 5402 polliciti
2636 5340 2793 5399 sunt,
2826 5322 3409 5391 utabrenun‘tiarent
3475 5335 3662 5405 ompis
3688 5335 3733 5387 et
3766 5322 3911 5389 voluP‘

2346 5404 2563 5460 tatibus
2597 5412 2846 5462 satana.
2904 5406 3138 5463 Ouanta
3168 5422 3307 5463 ergo
3350 5353 3664 5463 sugtilitate
3706 5413 3822 5456 usus
3855 5394 3911 5444 est

2344 5394 2563 5460 tatibus
2597 5394 2846 5462 satanas.
2904 5406 3138 5473 Quanta
3168 5422 3307 5476 ergo
3350 5394 3664 5463 subtilitate
3706 5394 3912 5476 usus‘esi

2345 5482 2609 5558 satanas,
2649 5482 2707 5531 ut
2737 5464 3167 5558 promptiorem
3200 5464 3511 5558 hominem
3528 5477 3601 5558 ad
3620 5464 3907 5558 peccat!ng

2342 5545 2577 5617 taceret,
2610 5563 2715 5619 per
2738 5545 2902 5621 quod
2919 5545 3161 5606 invidiae
3184 5565 3306 5606 suas
3337 5549 3600 5624 expleret
3620 5545 3903 5617 nequitiam?

2403 5698 2474 5762 (a)
2506 5698 2664 5750 Deest
2697 5699 2750 5748 in
2785 5698 2909 5750 Mss.
2947 5699 3169 5753 secundi
3202 5701 3435 5765 generis.
