  <div class='ocr_page' id='page_1' title='image "/cluster/home/n/w/nwhite01/storage/ocr_20150623/35/hvd.32044054170956/527.png"; bbox 0 0 4140 6208; ppageno 0'>
   <div class='ocr_carea' id='block_1_1' title="bbox 560 154 703 211">
    <p class='ocr_par' dir='ltr' id='par_1_1' title="bbox 560 154 703 211">
     <span class='ocr_line' id='line_1_1' title="bbox 560 154 703 211; baseline 0 0"><span class='ocrx_word' id='word_1_1' title='bbox 560 154 703 211; x_wconf 77' lang='lat'><strong>2355</strong></span> 
     </span>
    </p>
   </div>
   <div class='ocr_carea' id='block_1_2' title="bbox 559 276 2209 351">
    <p class='ocr_par' dir='ltr' id='par_1_2' title="bbox 559 276 2209 351">
     <span class='ocr_line' id='line_1_2' title="bbox 559 276 2209 351; baseline -0.002 -14"><span class='ocrx_word' id='word_1_2' title='bbox 559 280 787 337; x_wconf 80' lang='lat' dir='ltr'><strong>habent</strong></span> <span class='ocrx_word' id='word_1_3' title='bbox 816 294 952 334; x_wconf 88' lang='lat' dir='ltr'><strong>cum</strong></span> <span class='ocrx_word' id='word_1_4' title='bbox 968 276 1211 351; x_wconf 86' lang='lat' dir='ltr'><strong>ﬁliabus</strong></span> <span class='ocrx_word' id='word_1_5' title='bbox 1241 278 1364 334; x_wconf 87' lang='lat' dir='ltr'><strong>suis</strong></span> <span class='ocrx_word' id='word_1_6' title='bbox 1378 280 1715 344; x_wconf 88' lang='lat' dir='ltr'><strong>convenire,</strong></span> <span class='ocrx_word' id='word_1_7' title='bbox 1730 279 1894 351; x_wconf 91' lang='lat' dir='ltr'><strong>quod</strong></span> <span class='ocrx_word' id='word_1_8' title='bbox 1908 279 2067 335; x_wconf 91' lang='lat' dir='ltr'><strong>ethic</strong></span> <span class='ocrx_word' id='word_1_9' title='bbox 2080 276 2209 333; x_wconf 84' lang='lat' dir='ltr'><strong>ﬁeri</strong></span> 
     </span>
    </p>
   </div>
   <div class='ocr_carea' id='block_1_3' title="bbox 562 350 2208 425">
    <p class='ocr_par' dir='ltr' id='par_1_3' title="bbox 562 350 2208 425">
     <span class='ocr_line' id='line_1_3' title="bbox 562 350 2208 425; baseline -0.002 -18"><span class='ocrx_word' id='word_1_10' title='bbox 562 368 740 425; x_wconf 83' lang='lat' dir='ltr'><strong>posse</strong></span> <span class='ocrx_word' id='word_1_11' title='bbox 772 350 1100 425; x_wconf 78' lang='lat' dir='ltr'><strong>ostenditur</strong></span> <span class='ocrx_word' id='word_1_12' title='bbox 1128 365 1230 425; x_wconf 90' lang='lat' dir='ltr'><strong>per</strong></span> <span class='ocrx_word' id='word_1_13' title='bbox 1256 351 1313 425; x_wconf 88' lang='lat' dir='ltr'><strong>id</strong></span> <span class='ocrx_word' id='word_1_14' title='bbox 1340 352 1502 425; x_wconf 89' lang='lat' dir='ltr'><strong>quod</strong></span> <span class='ocrx_word' id='word_1_15' title='bbox 1533 350 1956 425; x_wconf 82' lang='lat' dir='ltr'><strong>aquibusdam</strong></span> <span class='ocrx_word' id='word_1_16' title='bbox 1989 351 2208 405; x_wconf 89' lang='lat' dir='ltr'><strong>factum</strong></span> 
     </span>
    </p>
   </div>
   <div class='ocr_carea' id='block_1_4' title="bbox 564 421 2207 495">
    <p class='ocr_par' dir='ltr' id='par_1_4' title="bbox 564 421 2207 495">
     <span class='ocr_line' id='line_1_4' title="bbox 564 421 2207 495; baseline -0.002 -16"><span class='ocrx_word' id='word_1_17' title='bbox 564 421 865 495; x_wconf 80' lang='lat' dir='ltr'><strong>probatur.</strong></span> <span class='ocrx_word' id='word_1_18' title='bbox 900 421 1016 476; x_wconf 86' lang='lat' dir='ltr'><strong>Sed</strong></span> <span class='ocrx_word' id='word_1_19' title='bbox 1049 423 1194 495; x_wconf 84' lang='lat' dir='ltr'><strong>quia</strong></span> <span class='ocrx_word' id='word_1_20' title='bbox 1240 421 1858 495; x_wconf 13' lang='lat' dir='ltr'><strong>vindictatintervenit,</strong></span> <span class='ocrx_word' id='word_1_21' title='bbox 1891 429 2051 495; x_wconf 85' lang='lat' dir='ltr'><strong>metu</strong></span> <span class='ocrx_word' id='word_1_22' title='bbox 2083 438 2207 476; x_wconf 86' lang='lat' dir='ltr'><strong>cor-</strong></span> 
     </span>
    </p>
   </div>
   <div class='ocr_carea' id='block_1_5' title="bbox 562 492 2208 565">
    <p class='ocr_par' dir='ltr' id='par_1_5' title="bbox 562 492 2208 565">
     <span class='ocr_line' id='line_1_5' title="bbox 562 492 2208 565; baseline -0.002 -15"><span class='ocrx_word' id='word_1_23' title='bbox 562 492 711 565; x_wconf 78' lang='lat' dir='ltr'><strong>repti</strong></span> <span class='ocrx_word' id='word_1_24' title='bbox 742 498 903 555; x_wconf 85' lang='lat' dir='ltr'><strong>sunt,</strong></span> <span class='ocrx_word' id='word_1_25' title='bbox 946 509 1017 547; x_wconf 91' lang='lat' dir='ltr'><strong>ne</strong></span> <span class='ocrx_word' id='word_1_26' title='bbox 1049 492 1309 565; x_wconf 81' lang='lat' dir='ltr'><strong>facerent</strong></span> <span class='ocrx_word' id='word_1_27' title='bbox 1357 492 1520 565; x_wconf 86' lang='lat' dir='ltr'><strong>quod</strong></span> <span class='ocrx_word' id='word_1_28' title='bbox 1554 500 1746 563; x_wconf 83' lang='lat' dir='ltr'><strong>potest</strong></span> <span class='ocrx_word' id='word_1_29' title='bbox 1780 494 1922 557; x_wconf 88' lang='lat' dir='ltr'><strong>tieri,</strong></span> <span class='ocrx_word' id='word_1_30' title='bbox 1959 493 2055 547; x_wconf 91' lang='lat' dir='ltr'><strong>sed</strong></span> <span class='ocrx_word' id='word_1_31' title='bbox 2088 509 2208 547; x_wconf 89' lang='lat' dir='ltr'><strong>non</strong></span> 
     </span>
    </p>
   </div>
   <div class='ocr_carea' id='block_1_6' title="bbox 563 564 2207 635">
    <p class='ocr_par' dir='ltr' id='par_1_6' title="bbox 563 564 2207 635">
     <span class='ocr_line' id='line_1_6' title="bbox 563 564 2207 635; baseline -0.002 -15"><span class='ocrx_word' id='word_1_32' title='bbox 563 564 711 620; x_wconf 82' lang='lat' dir='ltr'><strong>licet.</strong></span> <span class='ocrx_word' id='word_1_33' title='bbox 748 568 934 621; x_wconf 87' lang='lat' dir='ltr'><strong>Omne</strong></span> <span class='ocrx_word' id='word_1_34' title='bbox 956 565 1113 618; x_wconf 91' lang='lat' dir='ltr'><strong>enim</strong></span> <span class='ocrx_word' id='word_1_35' title='bbox 1132 564 1293 635; x_wconf 77' lang='lat' dir='ltr'><strong>quod</strong></span> <span class='ocrx_word' id='word_1_36' title='bbox 1314 564 1827 632; x_wconf 84' lang='lat' dir='ltr'><strong>prohibetur,ideo</strong></span> <span class='ocrx_word' id='word_1_37' title='bbox 1844 565 2207 635; x_wconf 74' lang='lat' dir='ltr'><strong>prohibetur,</strong></span> 
     </span>
    </p>
   </div>
   <div class='ocr_carea' id='block_1_7' title="bbox 562 634 2207 706">
    <p class='ocr_par' dir='ltr' id='par_1_7' title="bbox 562 634 2207 706">
     <span class='ocr_line' id='line_1_7' title="bbox 562 634 2207 706; baseline -0.002 -14"><span class='ocrx_word' id='word_1_38' title='bbox 562 653 658 698; x_wconf 87' lang='lat' dir='ltr'><strong>ne,</strong></span> <span class='ocrx_word' id='word_1_39' title='bbox 688 638 829 706; x_wconf 90' lang='lat' dir='ltr'><strong>quia</strong></span> <span class='ocrx_word' id='word_1_40' title='bbox 860 641 1053 705; x_wconf 84' lang='lat' dir='ltr'><strong>potest</strong></span> <span class='ocrx_word' id='word_1_41' title='bbox 1080 635 1221 698; x_wconf 82' lang='lat' dir='ltr'><strong>ﬁeri,</strong></span> <span class='ocrx_word' id='word_1_42' title='bbox 1256 634 1395 689; x_wconf 79' lang='lat' dir='ltr'><strong>fiat:</strong></span> <span class='ocrx_word' id='word_1_43' title='bbox 1432 636 1476 688; x_wconf 91' lang='lat' dir='ltr'><strong>si</strong></span> <span class='ocrx_word' id='word_1_44' title='bbox 1508 642 1707 691; x_wconf 89' lang='lat' dir='ltr'><strong>autem</strong></span> <span class='ocrx_word' id='word_1_45' title='bbox 1740 634 2039 701; x_wconf 30' lang='lat' dir='ltr'><strong>fati’esset,</strong></span> <span class='ocrx_word' id='word_1_46' title='bbox 2088 651 2207 690; x_wconf 92' lang='lat' dir='ltr'><strong>non</strong></span> 
     </span>
    </p>
   </div>
   <div class='ocr_carea' id='block_1_8' title="bbox 564 706 2211 780">
    <p class='ocr_par' dir='ltr' id='par_1_8' title="bbox 564 706 2211 780">
     <span class='ocr_line' id='line_1_8' title="bbox 564 706 2211 780; baseline -0.001 -18"><span class='ocrx_word' id='word_1_47' title='bbox 564 714 761 780; x_wconf 86' lang='lat' dir='ltr'><strong>posset</strong></span> <span class='ocrx_word' id='word_1_48' title='bbox 793 707 1161 780; x_wconf 83' lang='lat' dir='ltr'><strong>tieri,_ueqne</strong></span> <span class='ocrx_word' id='word_1_49' title='bbox 1189 706 1620 780; x_wconf 83' lang='lat' dir='ltr'><strong>prohiberetur.</strong></span> <span class='ocrx_word' id='word_1_50' title='bbox 1660 711 1805 780; x_wconf 85' lang='lat' dir='ltr'><strong>Nam</strong></span> <span class='ocrx_word' id='word_1_51' title='bbox 1832 708 1878 780; x_wconf 85' lang='lat' dir='ltr'><strong>si</strong></span> <span class='ocrx_word' id='word_1_52' title='bbox 1904 723 2022 761; x_wconf 93' lang='lat' dir='ltr'><strong>non</strong></span> <span class='ocrx_word' id='word_1_53' title='bbox 2055 713 2211 761; x_wconf 83' lang='lat' dir='ltr'><strong>esset</strong></span> 
     </span>
    </p>
   </div>
   <div class='ocr_carea' id='block_1_9' title="bbox 566 777 2211 850">
    <p class='ocr_par' dir='ltr' id='par_1_9' title="bbox 566 777 2211 850">
     <span class='ocr_line' id='line_1_9' title="bbox 566 777 2211 850; baseline -0.002 -16"><span class='ocrx_word' id='word_1_54' title='bbox 566 777 669 834; x_wconf 72' lang='lat' dir='ltr'><strong>fati</strong></span> <span class='ocrx_word' id='word_1_55' title='bbox 692 786 748 850; x_wconf 88' lang='lat' dir='ltr'><strong>et</strong></span> <span class='ocrx_word' id='word_1_56' title='bbox 777 777 1205 847; x_wconf 84' lang='lat' dir='ltr'><strong>prohiberetur,</strong></span> <span class='ocrx_word' id='word_1_57' title='bbox 1241 792 1423 850; x_wconf 86' lang='lat' dir='ltr'><strong>posse</strong></span> <span class='ocrx_word' id='word_1_58' title='bbox 1462 778 1584 832; x_wconf 89' lang='lat' dir='ltr'><strong>tieri</strong></span> <span class='ocrx_word' id='word_1_59' title='bbox 1638 779 1802 850; x_wconf 90' lang='lat' dir='ltr'><strong>quod</strong></span> <span class='ocrx_word' id='word_1_60' title='bbox 1834 778 1933 832; x_wconf 87' lang='lat' dir='ltr'><strong>fati</strong></span> <span class='ocrx_word' id='word_1_61' title='bbox 1969 794 2087 833; x_wconf 91' lang='lat' dir='ltr'><strong>non</strong></span> <span class='ocrx_word' id='word_1_62' title='bbox 2122 784 2211 850; x_wconf 89' lang='lat' dir='ltr'><strong>est</strong></span> 
     </span>
    </p>
   </div>
   <div class='ocr_carea' id='block_1_10' title="bbox 566 848 2209 929">
    <p class='ocr_par' dir='ltr' id='par_1_10' title="bbox 566 848 2209 929">
     <span class='ocr_line' id='line_1_10' title="bbox 566 848 2209 929; baseline -0.001 -25"><span class='ocrx_word' id='word_1_63' title='bbox 566 848 1015 929; x_wconf 68' lang='lat' dir='ltr'><strong>significaretur.</strong></span> <span class='ocrx_word' id='word_1_64' title='bbox 1042 850 1264 928; x_wconf 39' lang='lat' dir='ltr'><strong>linquas.</strong></span> <span class='ocrx_word' id='word_1_65' title='bbox 1279 848 1591 929; x_wconf 74' lang='lat' dir='ltr'><strong>prudentia</strong></span> <span class='ocrx_word' id='word_1_66' title='bbox 1622 848 2033 929; x_wconf 19' lang='lat' dir='ltr'><strong>es&#39;tpro‘hibere</strong></span> <span class='ocrx_word' id='word_1_67' title='bbox 2046 848 2209 929; x_wconf 83' lang='lat' dir='ltr'><strong>quod</strong></span> 
     </span>
    </p>
   </div>
   <div class='ocr_carea' id='block_1_11' title="bbox 562 917 2210 992">
    <p class='ocr_par' dir='ltr' id='par_1_11' title="bbox 562 917 2210 992">
     <span class='ocr_line' id='line_1_11' title="bbox 562 917 2210 992; baseline -0.001 -16"><span class='ocrx_word' id='word_1_68' title='bbox 562 917 684 992; x_wconf 82' lang='lat' dir='ltr'><strong>non</strong></span> <span class='ocrx_word' id='word_1_69' title='bbox 713 924 906 990; x_wconf 90' lang='lat' dir='ltr'><strong>potest</strong></span> <span class='ocrx_word' id='word_1_70' title='bbox 935 917 1053 972; x_wconf 85' lang='lat' dir='ltr'><strong>fieri</strong></span> <span class='ocrx_word' id='word_1_71' title='bbox 1082 935 1095 983; x_wconf 87' lang='lat'><strong>;</strong></span> <span class='ocrx_word' id='word_1_72' title='bbox 1125 917 1194 973; x_wconf 87' lang='lat' dir='ltr'><strong>ac</strong></span> <span class='ocrx_word' id='word_1_73' title='bbox 1222 917 1503 992; x_wconf 15' lang='lat' dir='ltr'><strong>sit’aliquis</strong></span> <span class='ocrx_word' id='word_1_74' title='bbox 1527 917 1861 990; x_wconf 79' lang='lat' dir='ltr'><strong>prohibeat,</strong></span> <span class='ocrx_word' id='word_1_75' title='bbox 1881 936 1954 975; x_wconf 91' lang='lat' dir='ltr'><strong>ne</strong></span> <span class='ocrx_word' id='word_1_76' title='bbox 1981 917 2114 992; x_wconf 84' lang='lat' dir='ltr'><strong>quis</strong></span> <span class='ocrx_word' id='word_1_77' title='bbox 2138 921 2210 975; x_wconf 85' lang='lat' dir='ltr'><strong>de</strong></span> 
     </span>
    </p>
   </div>
   <div class='ocr_carea' id='block_1_12' title="bbox 564 991 2212 1062">
    <p class='ocr_par' dir='ltr' id='par_1_12' title="bbox 564 991 2212 1062">
     <span class='ocr_line' id='line_1_12' title="bbox 564 991 2212 1062; baseline 0 -17"><span class='ocrx_word' id='word_1_78' title='bbox 564 991 708 1045; x_wconf 89' lang='lat' dir='ltr'><strong>urbe</strong></span> <span class='ocrx_word' id='word_1_79' title='bbox 730 992 1001 1045; x_wconf 78' lang='lat' dir='ltr'><strong>Romana</strong></span> <span class='ocrx_word' id='word_1_80' title='bbox 1028 991 1351 1062; x_wconf 82' lang='lat' dir='ltr'><strong>transvolet</strong></span> <span class='ocrx_word' id='word_1_81' title='bbox 1380 992 1437 1045; x_wconf 90' lang='lat' dir='ltr'><strong>in</strong></span> <span class='ocrx_word' id='word_1_82' title='bbox 1457 993 1820 1062; x_wconf 85' lang='lat' dir='ltr'><strong>Hispaniam,</strong></span> <span class='ocrx_word' id='word_1_83' title='bbox 1847 998 1949 1046; x_wconf 90' lang='lat' dir='ltr'><strong>aut</strong></span> <span class='ocrx_word' id='word_1_84' title='bbox 1979 991 2051 1046; x_wconf 89' lang='lat' dir='ltr'><strong>ne</strong></span> <span class='ocrx_word' id='word_1_85' title='bbox 2077 992 2212 1062; x_wconf 88' lang='lat' dir='ltr'><strong>quis</strong></span> 
     </span>
    </p>
   </div>
   <div class='ocr_carea' id='block_1_13' title="bbox 562 1061 2211 1132">
    <p class='ocr_par' dir='ltr' id='par_1_13' title="bbox 562 1061 2211 1132">
     <span class='ocr_line' id='line_1_13' title="bbox 562 1061 2211 1132; baseline 0.001 -16"><span class='ocrx_word' id='word_1_86' title='bbox 562 1063 825 1116; x_wconf 85' lang='lat' dir='ltr'><strong>humeris</strong></span> <span class='ocrx_word' id='word_1_87' title='bbox 860 1068 1123 1115; x_wconf 89' lang='lat' dir='ltr'><strong>montem</strong></span> <span class='ocrx_word' id='word_1_88' title='bbox 1154 1061 1516 1117; x_wconf 83' lang='lat' dir='ltr'><strong>transferat?</strong></span> <span class='ocrx_word' id='word_1_89' title='bbox 1547 1061 1649 1117; x_wconf 89' lang='lat' dir='ltr'><strong>Illa</strong></span> <span class='ocrx_word' id='word_1_90' title='bbox 1680 1069 1879 1118; x_wconf 91' lang='lat' dir='ltr'><strong>autem</strong></span> <span class='ocrx_word' id='word_1_91' title='bbox 1912 1079 2046 1132; x_wconf 66' lang='lat' dir='ltr'><strong>quae</strong></span> <span class='ocrx_word' id='word_1_92' title='bbox 2079 1061 2211 1131; x_wconf 81' lang='lat' dir='ltr'><strong>pos-</strong></span> 
     </span>
    </p>
   </div>
   <div class='ocr_carea' id='block_1_14' title="bbox 565 1132 2211 1204">
    <p class='ocr_par' dir='ltr' id='par_1_14' title="bbox 565 1132 2211 1204">
     <span class='ocr_line' id='line_1_14' title="bbox 565 1132 2211 1204; baseline 0.001 -17"><span class='ocrx_word' id='word_1_93' title='bbox 565 1136 705 1187; x_wconf 91' lang='lat' dir='ltr'><strong>sunt</strong></span> <span class='ocrx_word' id='word_1_94' title='bbox 727 1132 849 1187; x_wconf 88' lang='lat' dir='ltr'><strong>tieri</strong></span> <span class='ocrx_word' id='word_1_95' title='bbox 868 1148 1005 1187; x_wconf 90' lang='lat' dir='ltr'><strong>cum</strong></span> <span class='ocrx_word' id='word_1_96' title='bbox 1026 1147 1145 1187; x_wconf 92' lang='lat' dir='ltr'><strong>non</strong></span> <span class='ocrx_word' id='word_1_97' title='bbox 1173 1132 1441 1198; x_wconf 85' lang='lat' dir='ltr'><strong>debeant,</strong></span> <span class='ocrx_word' id='word_1_98' title='bbox 1473 1135 1879 1204; x_wconf 81' lang='lat' dir='ltr'><strong>prohibentur.</strong></span> <span class='ocrx_word' id='word_1_99' title='bbox 1916 1138 2031 1189; x_wconf 85' lang='lat' dir='ltr'><strong>Mos</strong></span> <span class='ocrx_word' id='word_1_100' title='bbox 2059 1137 2211 1190; x_wconf 85' lang='lat' dir='ltr'><strong>Mau-</strong></span> 
     </span>
    </p>
   </div>
   <div class='ocr_carea' id='block_1_15' title="bbox 566 1204 2211 1261">
    <p class='ocr_par' dir='ltr' id='par_1_15' title="bbox 566 1204 2211 1261">
     <span class='ocr_line' id='line_1_15' title="bbox 566 1204 2211 1261; baseline 0.002 -4"><span class='ocrx_word' id='word_1_101' title='bbox 566 1220 771 1258; x_wconf 91' lang='lat' dir='ltr'><strong>rorum</strong></span> <span class='ocrx_word' id='word_1_102' title='bbox 788 1208 873 1257; x_wconf 90' lang='lat' dir='ltr'><strong>est</strong></span> <span class='ocrx_word' id='word_1_103' title='bbox 903 1209 963 1257; x_wconf 92' lang='lat' dir='ltr'><strong>ut</strong></span> <span class='ocrx_word' id='word_1_104' title='bbox 993 1204 1233 1258; x_wconf 88' lang='lat' dir='ltr'><strong>inaures</strong></span> <span class='ocrx_word' id='word_1_105' title='bbox 1266 1206 1445 1259; x_wconf 89' lang='lat' dir='ltr'><strong>etiam</strong></span> <span class='ocrx_word' id='word_1_106' title='bbox 1479 1206 1537 1259; x_wconf 91' lang='lat' dir='ltr'><strong>in</strong></span> <span class='ocrx_word' id='word_1_107' title='bbox 1568 1207 1813 1260; x_wconf 84' lang='lat' dir='ltr'><strong>naribus</strong></span> <span class='ocrx_word' id='word_1_108' title='bbox 1842 1206 2106 1261; x_wconf 89' lang='lat' dir='ltr'><strong>habeant</strong></span> <span class='ocrx_word' id='word_1_109' title='bbox 2135 1205 2211 1260; x_wconf 85' lang='lat' dir='ltr'><strong>fe-</strong></span> 
     </span>
    </p>
   </div>
   <div class='ocr_carea' id='block_1_16' title="bbox 565 1274 2210 1346">
    <p class='ocr_par' dir='ltr' id='par_1_16' title="bbox 565 1274 2210 1346">
     <span class='ocr_line' id='line_1_16' title="bbox 565 1274 2210 1346; baseline 0.001 -17"><span class='ocrx_word' id='word_1_110' title='bbox 565 1276 741 1329; x_wconf 68' lang='lat' dir='ltr'><strong>minas</strong></span> <span class='ocrx_word' id='word_1_111' title='bbox 776 1291 790 1339; x_wconf 84' lang='lat'>;</span> <span class='ocrx_word' id='word_1_112' title='bbox 822 1274 1115 1346; x_wconf 90' lang='lat' dir='ltr'><strong>numquid</strong></span> <span class='ocrx_word' id='word_1_113' title='bbox 1132 1274 1380 1331; x_wconf 86' lang='lat' dir='ltr'><strong>fatiest?</strong></span> <span class='ocrx_word' id='word_1_114' title='bbox 1400 1276 1454 1331; x_wconf 92' lang='lat' dir='ltr'><strong>Si</strong></span> <span class='ocrx_word' id='word_1_115' title='bbox 1486 1275 1777 1341; x_wconf 85' lang='lat' dir='ltr'><strong>fatiesset,</strong></span> <span class='ocrx_word' id='word_1_116' title='bbox 1805 1278 1919 1331; x_wconf 88' lang='lat' dir='ltr'><strong>huc</strong></span> <span class='ocrx_word' id='word_1_117' title='bbox 1942 1276 2210 1331; x_wconf 86' lang='lat' dir='ltr'><strong>translati</strong></span> 
     </span>
    </p>
   </div>
   <div class='ocr_carea' id='block_1_17' title="bbox 564 1346 2213 1420">
    <p class='ocr_par' dir='ltr' id='par_1_17' title="bbox 564 1346 2213 1420">
     <span class='ocr_line' id='line_1_17' title="bbox 564 1346 2213 1420; baseline 0.002 -21"><span class='ocrx_word' id='word_1_118' title='bbox 564 1346 646 1399; x_wconf 91' lang='lat' dir='ltr'><strong>sic</strong></span> <span class='ocrx_word' id='word_1_119' title='bbox 680 1351 991 1420; x_wconf 80' lang='lat' dir='ltr'><strong>manerent</strong></span> <span class='ocrx_word' id='word_1_120' title='bbox 1020 1368 1030 1409; x_wconf 88' lang='lat'><strong>;</strong></span> <span class='ocrx_word' id='word_1_121' title='bbox 1056 1348 1198 1416; x_wconf 90' lang='lat' dir='ltr'><strong>quia</strong></span> <span class='ocrx_word' id='word_1_122' title='bbox 1224 1347 1269 1400; x_wconf 92' lang='lat' dir='ltr'><strong>si</strong></span> <span class='ocrx_word' id='word_1_123' title='bbox 1303 1346 1488 1401; x_wconf 88' lang='lat' dir='ltr'><strong>fatum</strong></span> <span class='ocrx_word' id='word_1_124' title='bbox 1516 1353 1624 1420; x_wconf 89' lang='lat' dir='ltr'><strong>est,</strong></span> <span class='ocrx_word' id='word_1_125' title='bbox 1673 1349 2213 1420; x_wconf 89' lang='lat' dir='ltr'><strong>unusquisquese-</strong></span> 
     </span>
    </p>
   </div>
   <div class='ocr_carea' id='block_1_18' title="bbox 565 1416 2209 1489">
    <p class='ocr_par' dir='ltr' id='par_1_18' title="bbox 565 1416 2209 1489">
     <span class='ocr_line' id='line_1_18' title="bbox 565 1416 2209 1489; baseline 0.001 -18"><span class='ocrx_word' id='word_1_126' title='bbox 565 1433 703 1471; x_wconf 91' lang='lat' dir='ltr'><strong>cum</strong></span> <span class='ocrx_word' id='word_1_127' title='bbox 730 1417 909 1489; x_wconf 82' lang='lat' dir='ltr'><strong>habet</strong></span> <span class='ocrx_word' id='word_1_128' title='bbox 941 1416 1124 1471; x_wconf 80' lang='lat' dir='ltr'><strong>fatum</strong></span> <span class='ocrx_word' id='word_1_129' title='bbox 1185 1434 1363 1471; x_wconf 92' lang='lat' dir='ltr'><strong>suum</strong></span> <span class='ocrx_word' id='word_1_130' title='bbox 1408 1440 1419 1471; x_wconf 91' lang='lat'><strong>:</strong></span> <span class='ocrx_word' id='word_1_131' title='bbox 1465 1419 1566 1472; x_wconf 90' lang='lat' dir='ltr'><strong>sed</strong></span> <span class='ocrx_word' id='word_1_132' title='bbox 1608 1420 1748 1489; x_wconf 87' lang='lat' dir='ltr'><strong>quia</strong></span> <span class='ocrx_word' id='word_1_133' title='bbox 1782 1416 1901 1473; x_wconf 39' lang='lat' dir='ltr'><strong>no—n</strong></span> <span class='ocrx_word' id='word_1_134' title='bbox 1950 1416 2042 1474; x_wconf 79' lang='lat' dir='ltr'><strong>est</strong></span> <span class='ocrx_word' id='word_1_135' title='bbox 2088 1419 2209 1483; x_wconf 90' lang='lat' dir='ltr'><strong>fati,</strong></span> 
     </span>
    </p>
   </div>
   <div class='ocr_carea' id='block_1_19' title="bbox 564 1488 2212 1555">
    <p class='ocr_par' dir='ltr' id='par_1_19' title="bbox 564 1488 2212 1555">
     <span class='ocr_line' id='line_1_19' title="bbox 564 1488 2212 1555; baseline 0 -12"><span class='ocrx_word' id='word_1_136' title='bbox 564 1504 775 1543; x_wconf 90' lang='lat' dir='ltr'><strong>omnes</strong></span> <span class='ocrx_word' id='word_1_137' title='bbox 814 1488 951 1541; x_wconf 88' lang='lat' dir='ltr'><strong>inde</strong></span> <span class='ocrx_word' id='word_1_138' title='bbox 971 1489 1287 1551; x_wconf 86' lang='lat' dir='ltr'><strong>venientes,</strong></span> <span class='ocrx_word' id='word_1_139' title='bbox 1342 1490 1434 1543; x_wconf 88' lang='lat' dir='ltr'><strong>hic</strong></span> <span class='ocrx_word' id='word_1_140' title='bbox 1467 1488 1880 1555; x_wconf 82' lang='lat' dir='ltr'><strong>immutantur,</strong></span> <span class='ocrx_word' id='word_1_141' title='bbox 1945 1492 2212 1544; x_wconf 85' lang='lat' dir='ltr'><strong>videntes</strong></span> 
     </span>
    </p>
   </div>
   <div class='ocr_carea' id='block_1_20' title="bbox 563 1558 2213 1632">
    <p class='ocr_par' dir='ltr' id='par_1_20' title="bbox 563 1558 2213 1632">
     <span class='ocr_line' id='line_1_20' title="bbox 563 1558 2213 1632; baseline 0.001 -18"><span class='ocrx_word' id='word_1_142' title='bbox 563 1565 733 1632; x_wconf 86' lang='lat' dir='ltr'><strong>turpe</strong></span> <span class='ocrx_word' id='word_1_143' title='bbox 764 1558 893 1612; x_wconf 89' lang='lat' dir='ltr'><strong>istic</strong></span> <span class='ocrx_word' id='word_1_144' title='bbox 922 1559 1285 1629; x_wconf 90' lang='lat' dir='ltr'><strong>videriquod</strong></span> <span class='ocrx_word' id='word_1_145' title='bbox 1310 1558 1423 1613; x_wconf 89' lang='lat' dir='ltr'><strong>illic</strong></span> <span class='ocrx_word' id='word_1_146' title='bbox 1446 1561 1731 1615; x_wconf 91' lang='lat' dir='ltr'><strong>decorum</strong></span> <span class='ocrx_word' id='word_1_147' title='bbox 1763 1568 2021 1632; x_wconf 90' lang='lat' dir='ltr'><strong>putatur.</strong></span> <span class='ocrx_word' id='word_1_148' title='bbox 2052 1563 2213 1616; x_wconf 83' lang='lat' dir='ltr'><strong>Certe</strong></span> 
     </span>
    </p>
   </div>
   <div class='ocr_carea' id='block_1_21' title="bbox 566 1630 2211 1700">
    <p class='ocr_par' dir='ltr' id='par_1_21' title="bbox 566 1630 2211 1700">
     <span class='ocr_line' id='line_1_21' title="bbox 566 1630 2211 1700; baseline 0.001 -15"><span class='ocrx_word' id='word_1_149' title='bbox 566 1630 728 1700; x_wconf 90' lang='lat' dir='ltr'><strong>apud</strong></span> <span class='ocrx_word' id='word_1_150' title='bbox 754 1645 965 1684; x_wconf 90' lang='lat' dir='ltr'><strong>omnes</strong></span> <span class='ocrx_word' id='word_1_151' title='bbox 1005 1638 1209 1700; x_wconf 84' lang='lat' dir='ltr'><strong>gentes</strong></span> <span class='ocrx_word' id='word_1_152' title='bbox 1235 1646 1538 1696; x_wconf 86' lang='lat' dir='ltr'><strong>numerus,</strong></span> <span class='ocrx_word' id='word_1_153' title='bbox 1573 1630 1861 1687; x_wconf 84' lang='lat' dir='ltr'><strong>numerus</strong></span> <span class='ocrx_word' id='word_1_154' title='bbox 1891 1640 2008 1695; x_wconf 92' lang='lat' dir='ltr'><strong>est;</strong></span> <span class='ocrx_word' id='word_1_155' title='bbox 2036 1638 2211 1697; x_wconf 89' lang='lat' dir='ltr'><strong>terra,</strong></span> 
     </span>
    </p>
   </div>
   <div class='ocr_carea' id='block_1_22' title="bbox 569 1705 2215 1772">
    <p class='ocr_par' dir='ltr' id='par_1_22' title="bbox 569 1705 2215 1772">
     <span class='ocr_line' id='line_1_22' title="bbox 569 1705 2215 1772; baseline 0.001 -16"><span class='ocrx_word' id='word_1_156' title='bbox 569 1706 722 1756; x_wconf 89' lang='lat' dir='ltr'><strong>terra</strong></span> <span class='ocrx_word' id='word_1_157' title='bbox 747 1705 831 1754; x_wconf 89' lang='lat' dir='ltr'><strong>est</strong></span> <span class='ocrx_word' id='word_1_158' title='bbox 865 1716 877 1763; x_wconf 88' lang='lat'><strong>;</strong></span> <span class='ocrx_word' id='word_1_159' title='bbox 908 1708 961 1755; x_wconf 89' lang='lat' dir='ltr'><strong>et</strong></span> <span class='ocrx_word' id='word_1_160' title='bbox 996 1717 1173 1772; x_wconf 89' lang='lat' dir='ltr'><strong>aqua.</strong></span> <span class='ocrx_word' id='word_1_161' title='bbox 1227 1717 1385 1772; x_wconf 89' lang='lat' dir='ltr'><strong>aqua</strong></span> <span class='ocrx_word' id='word_1_162' title='bbox 1414 1710 1501 1756; x_wconf 89' lang='lat' dir='ltr'><strong>est</strong></span> <span class='ocrx_word' id='word_1_163' title='bbox 1536 1721 1548 1769; x_wconf 90' lang='lat'><strong>;</strong></span> <span class='ocrx_word' id='word_1_164' title='bbox 1582 1709 1638 1758; x_wconf 93' lang='lat' dir='ltr'><strong>et</strong></span> <span class='ocrx_word' id='word_1_165' title='bbox 1689 1720 1811 1766; x_wconf 88' lang='lat' dir='ltr'><strong>aer,</strong></span> <span class='ocrx_word' id='word_1_166' title='bbox 1842 1720 1944 1759; x_wconf 88' lang='lat' dir='ltr'><strong>aer</strong></span> <span class='ocrx_word' id='word_1_167' title='bbox 1998 1710 2084 1758; x_wconf 91' lang='lat' dir='ltr'><strong>est</strong></span> <span class='ocrx_word' id='word_1_168' title='bbox 2114 1723 2125 1771; x_wconf 93' lang='lat'><strong>;</strong></span> <span class='ocrx_word' id='word_1_169' title='bbox 2160 1710 2215 1758; x_wconf 90' lang='lat' dir='ltr'><strong>et</strong></span> 
     </span>
    </p>
   </div>
   <div class='ocr_carea' id='block_1_23' title="bbox 565 1772 2214 1844">
    <p class='ocr_par' dir='ltr' id='par_1_23' title="bbox 565 1772 2214 1844">
     <span class='ocr_line' id='line_1_23' title="bbox 565 1772 2214 1844; baseline 0.002 -18"><span class='ocrx_word' id='word_1_170' title='bbox 565 1772 738 1843; x_wconf 82' lang='lat' dir='ltr'><strong>ignis,</strong></span> <span class='ocrx_word' id='word_1_171' title='bbox 771 1772 924 1839; x_wconf 86' lang='lat' dir='ltr'><strong>ignis</strong></span> <span class='ocrx_word' id='word_1_172' title='bbox 981 1778 1087 1828; x_wconf 89' lang='lat' dir='ltr'><strong>est.</strong></span> <span class='ocrx_word' id='word_1_173' title='bbox 1133 1773 1443 1844; x_wconf 79' lang='lat' dir='ltr'><strong>Numquid</strong></span> <span class='ocrx_word' id='word_1_174' title='bbox 1476 1778 1669 1843; x_wconf 88' lang='lat' dir='ltr'><strong>potest</strong></span> <span class='ocrx_word' id='word_1_175' title='bbox 1718 1775 1935 1829; x_wconf 87' lang='lat' dir='ltr'><strong>alicubi</strong></span> <span class='ocrx_word' id='word_1_176' title='bbox 1971 1776 2214 1841; x_wconf 89' lang='lat' dir='ltr'><strong>reperiri</strong></span> 
     </span>
    </p>
   </div>
   <div class='ocr_carea' id='block_1_24' title="bbox 564 1843 2212 1917">
    <p class='ocr_par' dir='ltr' id='par_1_24' title="bbox 564 1843 2212 1917">
     <span class='ocr_line' id='line_1_24' title="bbox 564 1843 2212 1917; baseline 0.001 -20"><span class='ocrx_word' id='word_1_177' title='bbox 564 1849 717 1897; x_wconf 89' lang='lat' dir='ltr'><strong>terra</strong></span> <span class='ocrx_word' id='word_1_178' title='bbox 738 1858 873 1913; x_wconf 66' lang='lat' dir='ltr'><strong>quae</strong></span> <span class='ocrx_word' id='word_1_179' title='bbox 906 1858 1025 1897; x_wconf 91' lang='lat' dir='ltr'><strong>non</strong></span> <span class='ocrx_word' id='word_1_180' title='bbox 1058 1843 1223 1917; x_wconf 76' lang='lat' dir='ltr'><strong>arida</strong></span> <span class='ocrx_word' id='word_1_181' title='bbox 1246 1843 1339 1911; x_wconf 81' lang='lat' dir='ltr'><strong>sit,</strong></span> <span class='ocrx_word' id='word_1_182' title='bbox 1368 1850 1469 1917; x_wconf 87' lang='lat' dir='ltr'><strong>aut</strong></span> <span class='ocrx_word' id='word_1_183' title='bbox 1495 1861 1596 1917; x_wconf 88' lang='lat' dir='ltr'><strong>aer</strong></span> <span class='ocrx_word' id='word_1_184' title='bbox 1636 1846 1736 1916; x_wconf 90' lang='lat' dir='ltr'><strong>qui</strong></span> <span class='ocrx_word' id='word_1_185' title='bbox 1770 1845 2093 1917; x_wconf 83' lang='lat' dir='ltr'><strong>palpabilis</strong></span> <span class='ocrx_word' id='word_1_186' title='bbox 2120 1848 2212 1909; x_wconf 89' lang='lat' dir='ltr'><strong>sit,</strong></span> 
     </span>
    </p>
   </div>
   <div class='ocr_carea' id='block_1_25' title="bbox 564 1914 2213 1986">
    <p class='ocr_par' dir='ltr' id='par_1_25' title="bbox 564 1914 2213 1986">
     <span class='ocr_line' id='line_1_25' title="bbox 564 1914 2213 1986; baseline 0.002 -19"><span class='ocrx_word' id='word_1_187' title='bbox 564 1919 842 1986; x_wconf 84' lang='lat' dir='ltr'><strong>autaqua</strong></span> <span class='ocrx_word' id='word_1_188' title='bbox 864 1929 999 1986; x_wconf 70' lang='lat' dir='ltr'><strong>quae</strong></span> <span class='ocrx_word' id='word_1_189' title='bbox 1032 1929 1150 1969; x_wconf 88' lang='lat' dir='ltr'><strong>non</strong></span> <span class='ocrx_word' id='word_1_190' title='bbox 1171 1914 1334 1970; x_wconf 77' lang='lat' dir='ltr'><strong>fluxa</strong></span> <span class='ocrx_word' id='word_1_191' title='bbox 1357 1922 1411 1969; x_wconf 90' lang='lat' dir='ltr'><strong>et</strong></span> <span class='ocrx_word' id='word_1_192' title='bbox 1445 1914 1893 1985; x_wconf 43' lang='lat' dir='ltr'><strong>frigida&#39;sitfvel</strong></span> <span class='ocrx_word' id='word_1_193' title='bbox 1926 1918 2080 1986; x_wconf 81' lang='lat' dir='ltr'><strong>ignis</strong></span> <span class='ocrx_word' id='word_1_194' title='bbox 2111 1919 2213 1986; x_wconf 93' lang='lat' dir='ltr'><strong>qui</strong></span> 
     </span>
    </p>
   </div>
   <div class='ocr_carea' id='block_1_26' title="bbox 565 1984 2217 2058">
    <p class='ocr_par' dir='ltr' id='par_1_26' title="bbox 565 1984 2217 2058">
     <span class='ocr_line' id='line_1_26' title="bbox 565 1984 2217 2058; baseline 0.002 -18"><span class='ocrx_word' id='word_1_195' title='bbox 565 1984 816 2053; x_wconf 87' lang='lat' dir='ltr'><strong>frigidus</strong></span> <span class='ocrx_word' id='word_1_196' title='bbox 839 1985 911 2058; x_wconf 87' lang='lat' dir='ltr'><strong>sit</strong></span> <span class='ocrx_word' id='word_1_197' title='bbox 940 1984 967 2038; x_wconf 58' lang='grc' dir='ltr'><strong>εἰ</strong></span> <span class='ocrx_word' id='word_1_198' title='bbox 994 1986 1324 2056; x_wconf 88' lang='lat' dir='ltr'><strong>Sicubique</strong></span> <span class='ocrx_word' id='word_1_199' title='bbox 1344 1988 1585 2056; x_wconf 84' lang='lat' dir='ltr'><strong>Jupiter,</strong></span> <span class='ocrx_word' id='word_1_200' title='bbox 1611 1990 1835 2058; x_wconf 88' lang='lat' dir='ltr'><strong>Jupiter</strong></span> <span class='ocrx_word' id='word_1_201' title='bbox 1865 1984 1995 2053; x_wconf 48' lang='lat' dir='ltr'><strong>est&#39;;</strong></span> <span class='ocrx_word' id='word_1_202' title='bbox 2022 1996 2076 2043; x_wconf 92' lang='lat' dir='ltr'><strong>et</strong></span> <span class='ocrx_word' id='word_1_203' title='bbox 2108 1984 2217 2043; x_wconf 85' lang='lat' dir='ltr'><strong>Sa-</strong></span> 
     </span>
    </p>
   </div>
   <div class='ocr_carea' id='block_1_27' title="bbox 568 2057 2214 2128">
    <p class='ocr_par' dir='ltr' id='par_1_27' title="bbox 568 2057 2214 2128">
     <span class='ocr_line' id='line_1_27' title="bbox 568 2057 2214 2128; baseline 0.003 -18"><span class='ocrx_word' id='word_1_204' title='bbox 568 2060 795 2128; x_wconf 82' lang='lat' dir='ltr'><strong>turnus,</strong></span> <span class='ocrx_word' id='word_1_205' title='bbox 833 2057 1119 2110; x_wconf 89' lang='lat' dir='ltr'><strong>Saturnus</strong></span> <span class='ocrx_word' id='word_1_206' title='bbox 1136 2062 1219 2110; x_wconf 92' lang='lat' dir='ltr'><strong>est</strong></span> <span class='ocrx_word' id='word_1_207' title='bbox 1250 2076 1267 2128; x_wconf 59' lang='grc' dir='ltr'><strong><em>ς</em></strong></span> <span class='ocrx_word' id='word_1_208' title='bbox 1294 2064 1347 2112; x_wconf 90' lang='lat' dir='ltr'><strong>et</strong></span> <span class='ocrx_word' id='word_1_209' title='bbox 1371 2058 1589 2122; x_wconf 88' lang='lat' dir='ltr'><strong>Venus,</strong></span> <span class='ocrx_word' id='word_1_210' title='bbox 1628 2061 1819 2113; x_wconf 90' lang='lat' dir='ltr'><strong>Venus</strong></span> <span class='ocrx_word' id='word_1_211' title='bbox 1846 2066 1958 2116; x_wconf 92' lang='lat' dir='ltr'><strong>est.</strong></span> <span class='ocrx_word' id='word_1_212' title='bbox 1992 2060 2214 2115; x_wconf 84' lang='lat' dir='ltr'><strong>Eodem</strong></span> 
     </span>
    </p>
   </div>
   <div class='ocr_carea' id='block_1_28' title="bbox 566 2126 2214 2195">
    <p class='ocr_par' dir='ltr' id='par_1_28' title="bbox 566 2126 2214 2195">
     <span class='ocr_line' id='line_1_28' title="bbox 566 2126 2214 2195; baseline 0.002 -14"><span class='ocrx_word' id='word_1_213' title='bbox 566 2126 749 2181; x_wconf 93' lang='lat' dir='ltr'><strong>modo</strong></span> <span class='ocrx_word' id='word_1_214' title='bbox 789 2132 844 2181; x_wconf 90' lang='lat' dir='ltr'><strong>et</strong></span> <span class='ocrx_word' id='word_1_215' title='bbox 873 2132 1085 2182; x_wconf 59' lang='lat' dir='ltr'><strong>caetera</strong></span> <span class='ocrx_word' id='word_1_216' title='bbox 1116 2126 1310 2195; x_wconf 83' lang='lat' dir='ltr'><strong>signa.</strong></span> <span class='ocrx_word' id='word_1_217' title='bbox 1349 2132 1455 2182; x_wconf 84' lang='lat' dir='ltr'><strong>Ars</strong></span> <span class='ocrx_word' id='word_1_218' title='bbox 1499 2131 1659 2185; x_wconf 91' lang='lat' dir='ltr'><strong>enim</strong></span> <span class='ocrx_word' id='word_1_219' title='bbox 1698 2130 1807 2185; x_wconf 89' lang='lat' dir='ltr'><strong>ista</strong></span> <span class='ocrx_word' id='word_1_220' title='bbox 1838 2147 1956 2185; x_wconf 92' lang='lat' dir='ltr'><strong>una</strong></span> <span class='ocrx_word' id='word_1_221' title='bbox 1986 2132 2214 2186; x_wconf 85' lang='lat' dir='ltr'><strong>ratione</strong></span> 
     </span>
    </p>
   </div>
   <div class='ocr_carea' id='block_1_29' title="bbox 567 2198 2215 2271">
    <p class='ocr_par' dir='ltr' id='par_1_29' title="bbox 567 2198 2215 2271">
     <span class='ocr_line' id='line_1_29' title="bbox 567 2198 2215 2271; baseline 0.001 -18"><span class='ocrx_word' id='word_1_222' title='bbox 567 2201 849 2271; x_wconf 86' lang='lat' dir='ltr'><strong>tractatur</strong></span> <span class='ocrx_word' id='word_1_223' title='bbox 883 2198 1104 2269; x_wconf 88' lang='lat' dir='ltr'><strong>ubique</strong></span> <span class='ocrx_word' id='word_1_224' title='bbox 1139 2215 1150 2251; x_wconf 89' lang='lat'><strong>:</strong></span> <span class='ocrx_word' id='word_1_225' title='bbox 1176 2200 1278 2253; x_wconf 88' lang='lat' dir='ltr'><strong>sed</strong></span> <span class='ocrx_word' id='word_1_226' title='bbox 1301 2200 1445 2271; x_wconf 90' lang='lat' dir='ltr'><strong>quia</strong></span> <span class='ocrx_word' id='word_1_227' title='bbox 1465 2198 1627 2271; x_wconf 91' lang='lat' dir='ltr'><strong>apud</strong></span> <span class='ocrx_word' id='word_1_228' title='bbox 1642 2217 1851 2255; x_wconf 88' lang='lat' dir='ltr'><strong>omnes</strong></span> <span class='ocrx_word' id='word_1_229' title='bbox 1865 2207 2069 2270; x_wconf 89' lang='lat' dir='ltr'><strong>gentes</strong></span> <span class='ocrx_word' id='word_1_230' title='bbox 2100 2204 2215 2257; x_wconf 90' lang='lat' dir='ltr'><strong>ins-</strong></span> 
     </span>
    </p>
   </div>
   <div class='ocr_carea' id='block_1_30' title="bbox 565 2270 2217 2345">
    <p class='ocr_par' dir='ltr' id='par_1_30' title="bbox 565 2270 2217 2345">
     <span class='ocr_line' id='line_1_30' title="bbox 565 2270 2217 2345; baseline 0.004 -22"><span class='ocrx_word' id='word_1_231' title='bbox 565 2270 734 2324; x_wconf 91' lang='lat' dir='ltr'><strong>tituta</strong></span> <span class='ocrx_word' id='word_1_232' title='bbox 748 2275 1013 2345; x_wconf 87' lang='lat' dir='ltr'><strong>manent,</strong></span> <span class='ocrx_word' id='word_1_233' title='bbox 1038 2285 1157 2324; x_wconf 91' lang='lat' dir='ltr'><strong>non</strong></span> <span class='ocrx_word' id='word_1_234' title='bbox 1174 2270 1427 2345; x_wconf 79' lang='lat' dir='ltr'><strong>fatorum</strong></span> <span class='ocrx_word' id='word_1_235' title='bbox 1451 2270 1824 2345; x_wconf 72' lang='lat' dir='ltr'><strong>rationequte</strong></span> <span class='ocrx_word' id='word_1_236' title='bbox 1848 2274 2070 2345; x_wconf 90' lang='lat' dir='ltr'><strong>ubique</strong></span> <span class='ocrx_word' id='word_1_237' title='bbox 2097 2290 2217 2329; x_wconf 90' lang='lat' dir='ltr'><strong>una</strong></span> 
     </span>
    </p>
   </div>
   <div class='ocr_carea' id='block_1_31' title="bbox 566 2341 2205 2413">
    <p class='ocr_par' dir='ltr' id='par_1_31' title="bbox 566 2341 2205 2413">
     <span class='ocr_line' id='line_1_31' title="bbox 566 2341 2205 2413; baseline 0.004 -21"><span class='ocrx_word' id='word_1_238' title='bbox 566 2346 673 2413; x_wconf 81' lang='lat' dir='ltr'><strong>est,</strong></span> <span class='ocrx_word' id='word_1_239' title='bbox 704 2341 873 2413; x_wconf 83' lang='lat' dir='ltr'><strong>sicut</strong></span> <span class='ocrx_word' id='word_1_240' title='bbox 906 2345 1178 2404; x_wconf 86' lang='lat' dir='ltr'><strong>tractant,</strong></span> <span class='ocrx_word' id='word_1_241' title='bbox 1233 2343 1335 2395; x_wconf 91' lang='lat' dir='ltr'><strong>sed</strong></span> <span class='ocrx_word' id='word_1_242' title='bbox 1381 2341 2205 2413; x_wconf 51' lang='lat' dir='ltr'><strong>hominum&#39;excogit&#39;atioue.</strong></span> 
     </span>
    </p>
   </div>
   <div class='ocr_carea' id='block_1_32' title="bbox 570 2411 2213 2487">
    <p class='ocr_par' dir='ltr' id='par_1_32' title="bbox 570 2411 2213 2487">
     <span class='ocr_line' id='line_1_32' title="bbox 570 2411 2213 2487; baseline 0.004 -22"><span class='ocrx_word' id='word_1_243' title='bbox 570 2411 866 2483; x_wconf 89' lang='lat' dir='ltr'><strong>Quidquid</strong></span> <span class='ocrx_word' id='word_1_244' title='bbox 890 2413 1053 2487; x_wconf 9' lang='lat' dir='ltr'><strong>enim,</strong></span> <span class='ocrx_word' id='word_1_245' title='bbox 1074 2413 1375 2487; x_wconf 73' lang='lat' dir='ltr'><strong>alicuiqui</strong></span> <span class='ocrx_word' id='word_1_246' title='bbox 1412 2415 1642 2487; x_wconf 89' lang='lat' dir='ltr'><strong>primus</strong></span> <span class='ocrx_word' id='word_1_247' title='bbox 1666 2411 2020 2485; x_wconf 49' lang='lat' dir='ltr'><strong>putatus—est</strong></span> <span class='ocrx_word' id='word_1_248' title='bbox 2050 2416 2213 2487; x_wconf 90' lang='lat' dir='ltr'><strong>apud</strong></span> 
     </span>
    </p>
   </div>
   <div class='ocr_carea' id='block_1_33' title="bbox 567 2483 2217 2557">
    <p class='ocr_par' dir='ltr' id='par_1_33' title="bbox 567 2483 2217 2557">
     <span class='ocr_line' id='line_1_33' title="bbox 567 2483 2217 2557; baseline 0.004 -22"><span class='ocrx_word' id='word_1_249' title='bbox 567 2498 729 2557; x_wconf 86' lang='lat' dir='ltr'><strong>suos,</strong></span> <span class='ocrx_word' id='word_1_250' title='bbox 763 2483 927 2557; x_wconf 84' lang='lat' dir='ltr'><strong>quod</strong></span> <span class='ocrx_word' id='word_1_251' title='bbox 949 2486 1177 2557; x_wconf 76' lang='lat' dir='ltr'><strong>ratione</strong></span> <span class='ocrx_word' id='word_1_252' title='bbox 1208 2483 1457 2555; x_wconf 84' lang='lat' dir='ltr'><strong>dignum</strong></span> <span class='ocrx_word' id='word_1_253' title='bbox 1490 2483 1685 2540; x_wconf 83' lang='lat' dir='ltr'><strong>visum</strong></span> <span class='ocrx_word' id='word_1_254' title='bbox 1701 2493 1787 2541; x_wconf 90' lang='lat' dir='ltr'><strong>est</strong></span> <span class='ocrx_word' id='word_1_255' title='bbox 1810 2483 2217 2557; x_wconf 52' lang='lat' dir='ltr'><strong>etaptum&#39;de-</strong></span> 
     </span>
    </p>
   </div>
   <div class='ocr_carea' id='block_1_34' title="bbox 563 2554 2213 2629">
    <p class='ocr_par' dir='ltr' id='par_1_34' title="bbox 563 2554 2213 2629">
     <span class='ocr_line' id='line_1_34' title="bbox 563 2554 2213 2629; baseline 0.004 -22"><span class='ocrx_word' id='word_1_256' title='bbox 563 2554 704 2629; x_wconf 83' lang='lat' dir='ltr'><strong>cori,</strong></span> <span class='ocrx_word' id='word_1_257' title='bbox 732 2555 929 2608; x_wconf 88' lang='lat' dir='ltr'><strong>statuit</strong></span> <span class='ocrx_word' id='word_1_258' title='bbox 950 2555 1168 2629; x_wconf 83' lang='lat' dir='ltr'><strong>quibus</strong></span> <span class='ocrx_word' id='word_1_259' title='bbox 1189 2554 1451 2629; x_wconf 67' lang='lat' dir='ltr'><strong>praeerat.</strong></span> <span class='ocrx_word' id='word_1_260' title='bbox 1477 2557 1617 2611; x_wconf 89' lang='lat' dir='ltr'><strong>Inde</strong></span> <span class='ocrx_word' id='word_1_261' title='bbox 1644 2554 2019 2629; x_wconf 63' lang='lat' dir='ltr'><strong>unaquaeque</strong></span> <span class='ocrx_word' id='word_1_262' title='bbox 2050 2560 2213 2626; x_wconf 83' lang='lat' dir='ltr'><strong>regio</strong></span> 
     </span>
    </p>
   </div>
   <div class='ocr_carea' id='block_1_35' title="bbox 562 2624 2214 2698">
    <p class='ocr_par' dir='ltr' id='par_1_35' title="bbox 562 2624 2214 2698">
     <span class='ocr_line' id='line_1_35' title="bbox 562 2624 2214 2698; baseline 0.004 -21"><span class='ocrx_word' id='word_1_263' title='bbox 562 2624 657 2698; x_wconf 65' lang='lat' dir='ltr'><strong>vel</strong></span> <span class='ocrx_word' id='word_1_264' title='bbox 684 2638 831 2692; x_wconf 87' lang='lat' dir='ltr'><strong>gens</strong></span> <span class='ocrx_word' id='word_1_265' title='bbox 862 2624 1102 2696; x_wconf 84' lang='lat' dir='ltr'><strong>propria</strong></span> <span class='ocrx_word' id='word_1_266' title='bbox 1150 2624 1331 2681; x_wconf 81' lang='lat' dir='ltr'><strong>habet</strong></span> <span class='ocrx_word' id='word_1_267' title='bbox 1355 2643 1487 2698; x_wconf 69' lang='lat' dir='ltr'><strong>quas</strong></span> <span class='ocrx_word' id='word_1_268' title='bbox 1519 2634 1726 2681; x_wconf 86' lang='lat' dir='ltr'><strong>servet.</strong></span> <span class='ocrx_word' id='word_1_269' title='bbox 1763 2624 2214 2685; x_wconf 16' lang='lat' dir='ltr'><strong>S&#39;icut&#39;Solonfet</strong></span> 
     </span>
    </p>
   </div>
   <div class='ocr_carea' id='block_1_36' title="bbox 564 2696 2212 2769">
    <p class='ocr_par' dir='ltr' id='par_1_36' title="bbox 564 2696 2212 2769">
     <span class='ocr_line' id='line_1_36' title="bbox 564 2696 2212 2769; baseline 0.004 -20"><span class='ocrx_word' id='word_1_270' title='bbox 564 2696 872 2767; x_wconf 86' lang='lat' dir='ltr'><strong>Lycurgus</strong></span> <span class='ocrx_word' id='word_1_271' title='bbox 901 2698 1087 2751; x_wconf 89' lang='lat' dir='ltr'><strong>multa</strong></span> <span class='ocrx_word' id='word_1_272' title='bbox 1106 2696 1578 2768; x_wconf 71' lang='lat' dir='ltr'><strong>statueruntquas</strong></span> <span class='ocrx_word' id='word_1_273' title='bbox 1600 2699 1861 2753; x_wconf 62' lang='lat' dir='ltr'><strong>aGruacis</strong></span> <span class='ocrx_word' id='word_1_274' title='bbox 1880 2700 2023 2769; x_wconf 88' lang='lat' dir='ltr'><strong>legis</strong></span> <span class='ocrx_word' id='word_1_275' title='bbox 2050 2716 2212 2755; x_wconf 92' lang='lat' dir='ltr'><strong>more</strong></span> 
     </span>
    </p>
   </div>
   <div class='ocr_carea' id='block_1_37' title="bbox 566 2769 2211 2839">
    <p class='ocr_par' dir='ltr' id='par_1_37' title="bbox 566 2769 2211 2839">
     <span class='ocr_line' id='line_1_37' title="bbox 566 2769 2211 2839; baseline 0.004 -19"><span class='ocrx_word' id='word_1_276' title='bbox 566 2772 964 2839; x_wconf 80' lang='lat' dir='ltr'><strong>servarentur,</strong></span> <span class='ocrx_word' id='word_1_277' title='bbox 995 2769 1433 2837; x_wconf 83' lang='lat' dir='ltr'><strong>quaepaulatim</strong></span> <span class='ocrx_word' id='word_1_278' title='bbox 1461 2769 1768 2823; x_wconf 78' lang='lat' dir='ltr'><strong>deficiente</strong></span> <span class='ocrx_word' id='word_1_279' title='bbox 1800 2786 1983 2839; x_wconf 89' lang='lat' dir='ltr'><strong>regno</strong></span> <span class='ocrx_word' id='word_1_280' title='bbox 2004 2786 2211 2827; x_wconf 91' lang='lat' dir='ltr'><strong>eorum</strong></span> 
     </span>
    </p>
   </div>
   <div class='ocr_carea' id='block_1_38' title="bbox 563 2837 2211 2907">
    <p class='ocr_par' dir='ltr' id='par_1_38' title="bbox 563 2837 2211 2907">
     <span class='ocr_line' id='line_1_38' title="bbox 563 2837 2211 2907; baseline 0.004 -15"><span class='ocrx_word' id='word_1_281' title='bbox 563 2837 903 2892; x_wconf 85' lang='lat' dir='ltr'><strong>oblitterata</strong></span> <span class='ocrx_word' id='word_1_282' title='bbox 954 2843 1111 2891; x_wconf 89' lang='lat' dir='ltr'><strong>sunt.</strong></span> <span class='ocrx_word' id='word_1_283' title='bbox 1154 2840 1297 2892; x_wconf 86' lang='lat' dir='ltr'><strong>Nam</strong></span> <span class='ocrx_word' id='word_1_284' title='bbox 1355 2839 1595 2907; x_wconf 86' lang='lat' dir='ltr'><strong>regibus</strong></span> <span class='ocrx_word' id='word_1_285' title='bbox 1637 2837 1979 2897; x_wconf 69' lang='lat' dir='ltr'><strong>Iudaeorum</strong></span> <span class='ocrx_word' id='word_1_286' title='bbox 2037 2843 2211 2898; x_wconf 64' lang='lat' dir='ltr'><strong>multa</strong></span> 
     </span>
    </p>
   </div>
   <div class='ocr_carea' id='block_1_39' title="bbox 564 2907 2211 2979">
    <p class='ocr_par' dir='ltr' id='par_1_39' title="bbox 564 2907 2211 2979">
     <span class='ocr_line' id='line_1_39' title="bbox 564 2907 2211 2979; baseline 0.005 -18"><span class='ocrx_word' id='word_1_287' title='bbox 564 2907 917 2979; x_wconf 82' lang='lat' dir='ltr'><strong>placuerunt</strong></span> <span class='ocrx_word' id='word_1_288' title='bbox 946 2907 1022 2962; x_wconf 84' lang='lat' dir='ltr'><strong>ad</strong></span> <span class='ocrx_word' id='word_1_289' title='bbox 1066 2923 1343 2977; x_wconf 87' lang='lat' dir='ltr'><strong>sessum;</strong></span> <span class='ocrx_word' id='word_1_290' title='bbox 1394 2912 1802 2966; x_wconf 81' lang='lat' dir='ltr'><strong>Romanorum</strong></span> <span class='ocrx_word' id='word_1_291' title='bbox 1855 2920 2056 2969; x_wconf 90' lang='lat' dir='ltr'><strong>autem</strong></span> <span class='ocrx_word' id='word_1_292' title='bbox 2091 2930 2211 2969; x_wconf 90' lang='lat' dir='ltr'><strong>non</strong></span> 
     </span>
    </p>
   </div>
   <div class='ocr_carea' id='block_1_40' title="bbox 564 2977 2212 3057">
    <p class='ocr_par' dir='ltr' id='par_1_40' title="bbox 564 2977 2212 3057">
     <span class='ocr_line' id='line_1_40' title="bbox 564 2977 2212 3057; baseline 0.007 -27"><span class='ocrx_word' id='word_1_293' title='bbox 564 2977 902 3057; x_wconf 55' lang='lat' dir='ltr'><strong>mulae,_sed</strong></span> <span class='ocrx_word' id='word_1_294' title='bbox 926 2979 1069 3057; x_wconf 88' lang='lat' dir='ltr'><strong>_equi</strong></span> <span class='ocrx_word' id='word_1_295' title='bbox 1108 2995 1125 3044; x_wconf 91' lang='lat'><strong><em>;</em></strong></span> <span class='ocrx_word' id='word_1_296' title='bbox 1172 2982 1597 3057; x_wconf 77' lang='lat' dir='ltr'><strong>Garamantum</strong></span> <span class='ocrx_word' id='word_1_297' title='bbox 1626 2988 1848 3057; x_wconf 89' lang='lat' dir='ltr'><strong>autem,</strong></span> <span class='ocrx_word' id='word_1_298' title='bbox 1890 2986 1992 3055; x_wconf 91' lang='lat' dir='ltr'><strong>qui</strong></span> <span class='ocrx_word' id='word_1_299' title='bbox 2028 3002 2212 3057; x_wconf 88' lang='lat' dir='ltr'><strong>supra</strong></span> 
     </span>
    </p>
   </div>
   <div class='ocr_carea' id='block_1_41' title="bbox 563 3048 2210 3126">
    <p class='ocr_par' dir='ltr' id='par_1_41' title="bbox 563 3048 2210 3126">
     <span class='ocr_line' id='line_1_41' title="bbox 563 3048 2210 3126; baseline 0.006 -24"><span class='ocrx_word' id='word_1_300' title='bbox 563 3048 845 3120; x_wconf 89' lang='lat' dir='ltr'><strong>Tripolim</strong></span> <span class='ocrx_word' id='word_1_301' title='bbox 863 3048 1145 3126; x_wconf 46' lang='lat' dir='ltr'><strong>{afrorum</strong></span> <span class='ocrx_word' id='word_1_302' title='bbox 1165 3056 1322 3116; x_wconf 90' lang='lat' dir='ltr'><strong>sunt,</strong></span> <span class='ocrx_word' id='word_1_303' title='bbox 1340 3053 1580 3121; x_wconf 85' lang='lat' dir='ltr'><strong>regibus</strong></span> <span class='ocrx_word' id='word_1_304' title='bbox 1598 3056 1749 3109; x_wconf 89' lang='lat' dir='ltr'><strong>tauri</strong></span> <span class='ocrx_word' id='word_1_305' title='bbox 1766 3048 2210 3126; x_wconf 70' lang='lat' dir='ltr'><strong>placﬁeruntad</strong></span> 
     </span>
    </p>
   </div>
   <div class='ocr_carea' id='block_1_42' title="bbox 562 3125 2205 3195">
    <p class='ocr_par' dir='ltr' id='par_1_42' title="bbox 562 3125 2205 3195">
     <span class='ocr_line' id='line_1_42' title="bbox 562 3125 2205 3195; baseline 0.005 -21"><span class='ocrx_word' id='word_1_306' title='bbox 562 3135 796 3175; x_wconf 90' lang='lat' dir='ltr'><strong>sessum</strong></span> <span class='ocrx_word' id='word_1_307' title='bbox 829 3140 842 3173; x_wconf 91' lang='lat'><strong>:</strong></span> <span class='ocrx_word' id='word_1_308' title='bbox 874 3125 1183 3176; x_wconf 88' lang='lat' dir='ltr'><strong>Persarum</strong></span> <span class='ocrx_word' id='word_1_309' title='bbox 1223 3139 1362 3178; x_wconf 87' lang='lat' dir='ltr'><strong>vero</strong></span> <span class='ocrx_word' id='word_1_310' title='bbox 1386 3139 1555 3193; x_wconf 87' lang='lat' dir='ltr'><strong>reges</strong></span> <span class='ocrx_word' id='word_1_311' title='bbox 1586 3125 1872 3181; x_wconf 87' lang='lat' dir='ltr'><strong>vehiculis</strong></span> <span class='ocrx_word' id='word_1_312' title='bbox 1904 3128 2205 3195; x_wconf 84' lang='lat' dir='ltr'><strong>feruntur;</strong></span> 
     </span>
    </p>
   </div>
   <div class='ocr_carea' id='block_1_43' title="bbox 561 3196 2211 3270">
    <p class='ocr_par' dir='ltr' id='par_1_43' title="bbox 561 3196 2211 3270">
     <span class='ocr_line' id='line_1_43' title="bbox 561 3196 2211 3270; baseline 0.005 -24"><span class='ocrx_word' id='word_1_313' title='bbox 561 3206 702 3270; x_wconf 76' lang='lat' dir='ltr'><strong>nam</strong></span> <span class='ocrx_word' id='word_1_314' title='bbox 734 3198 959 3247; x_wconf 89' lang='lat' dir='ltr'><strong>veteres</strong></span> <span class='ocrx_word' id='word_1_315' title='bbox 982 3208 1151 3270; x_wconf 75' lang='lat' dir='ltr'><strong>reges</strong></span> <span class='ocrx_word' id='word_1_316' title='bbox 1178 3196 1517 3270; x_wconf 65' lang='lat' dir='ltr'><strong>Persarum,</strong></span> <span class='ocrx_word' id='word_1_317' title='bbox 1541 3212 1648 3270; x_wconf 84' lang='lat' dir='ltr'><strong>nec</strong></span> <span class='ocrx_word' id='word_1_318' title='bbox 1681 3197 2085 3270; x_wconf 86' lang='lat' dir='ltr'><strong>videbantura</strong></span> <span class='ocrx_word' id='word_1_319' title='bbox 2107 3216 2211 3270; x_wconf 91' lang='lat' dir='ltr'><strong>po-</strong></span> 
     </span>
    </p>
   </div>
   <div class='ocr_carea' id='block_1_44' title="bbox 561 3262 2211 3333">
    <p class='ocr_par' dir='ltr' id='par_1_44' title="bbox 561 3262 2211 3333">
     <span class='ocr_line' id='line_1_44' title="bbox 561 3262 2211 3333; baseline 0.005 -17"><span class='ocrx_word' id='word_1_320' title='bbox 561 3262 721 3333; x_wconf 91' lang='lat' dir='ltr'><strong>pulis</strong></span> <span class='ocrx_word' id='word_1_321' title='bbox 756 3280 767 3317; x_wconf 94' lang='lat'>:</span> <span class='ocrx_word' id='word_1_322' title='bbox 802 3270 858 3318; x_wconf 91' lang='lat' dir='ltr'><strong>et</strong></span> <span class='ocrx_word' id='word_1_323' title='bbox 884 3278 1053 3332; x_wconf 88' lang='lat' dir='ltr'><strong>reges</strong></span> <span class='ocrx_word' id='word_1_324' title='bbox 1076 3265 1311 3320; x_wconf 89' lang='lat' dir='ltr'><strong>Madian</strong></span> <span class='ocrx_word' id='word_1_325' title='bbox 1330 3268 1576 3321; x_wconf 91' lang='lat' dir='ltr'><strong>camelis</strong></span> <span class='ocrx_word' id='word_1_326' title='bbox 1598 3268 1969 3324; x_wconf 87' lang='lat' dir='ltr'><strong>delectantur</strong></span> <span class='ocrx_word' id='word_1_327' title='bbox 1986 3272 2060 3325; x_wconf 92' lang='lat' dir='ltr'><strong>ad</strong></span> <span class='ocrx_word' id='word_1_328' title='bbox 2090 3262 2211 3325; x_wconf 80' lang='lat' dir='ltr'><strong>ses-</strong></span> 
     </span>
    </p>
   </div>
   <div class='ocr_carea' id='block_1_45' title="bbox 562 3335 2206 3399">
    <p class='ocr_par' dir='ltr' id='par_1_45' title="bbox 562 3335 2206 3399">
     <span class='ocr_line' id='line_1_45' title="bbox 562 3335 2206 3399; baseline 0.005 -12"><span class='ocrx_word' id='word_1_329' title='bbox 562 3349 719 3399; x_wconf 89' lang='lat' dir='ltr'><strong>sum,</strong></span> <span class='ocrx_word' id='word_1_330' title='bbox 752 3335 833 3389; x_wconf 89' lang='lat' dir='ltr'><strong>ita</strong></span> <span class='ocrx_word' id='word_1_331' title='bbox 865 3342 925 3389; x_wconf 89' lang='lat' dir='ltr'><strong>ut</strong></span> <span class='ocrx_word' id='word_1_332' title='bbox 955 3340 1010 3390; x_wconf 90' lang='lat' dir='ltr'><strong>et</strong></span> <span class='ocrx_word' id='word_1_333' title='bbox 1031 3336 1182 3391; x_wconf 92' lang='lat' dir='ltr'><strong>colla</strong></span> <span class='ocrx_word' id='word_1_334' title='bbox 1212 3353 1419 3391; x_wconf 91' lang='lat' dir='ltr'><strong>eorum</strong></span> <span class='ocrx_word' id='word_1_335' title='bbox 1453 3338 1647 3394; x_wconf 89' lang='lat' dir='ltr'><strong>aureis</strong></span> <span class='ocrx_word' id='word_1_336' title='bbox 1696 3347 2057 3396; x_wconf 87' lang='lat' dir='ltr'><strong>exornentur</strong></span> <span class='ocrx_word' id='word_1_337' title='bbox 2091 3349 2206 3396; x_wconf 82' lang='lat' dir='ltr'><strong>tor-</strong></span> 
     </span>
    </p>
   </div>
   <div class='ocr_carea' id='block_1_46' title="bbox 556 3406 2208 3479">
    <p class='ocr_par' dir='ltr' id='par_1_46' title="bbox 556 3406 2208 3479">
     <span class='ocr_line' id='line_1_46' title="bbox 556 3406 2208 3479; baseline 0.006 -20"><span class='ocrx_word' id='word_1_338' title='bbox 556 3406 777 3476; x_wconf 89' lang='lat' dir='ltr'><strong>quibus</strong></span> <span class='ocrx_word' id='word_1_339' title='bbox 808 3407 1276 3477; x_wconf 85' lang='lat' dir='ltr'><strong>:etperAfricam</strong></span> <span class='ocrx_word' id='word_1_340' title='bbox 1306 3409 1492 3463; x_wconf 89' lang='lat' dir='ltr'><strong>asinis</strong></span> <span class='ocrx_word' id='word_1_341' title='bbox 1518 3412 1709 3479; x_wconf 86' lang='lat' dir='ltr'><strong>magis</strong></span> <span class='ocrx_word' id='word_1_342' title='bbox 1733 3412 2208 3469; x_wconf 87' lang='lat' dir='ltr'><strong>voluntinsidere</strong></span> 
     </span>
    </p>
   </div>
   <div class='ocr_carea' id='block_1_47' title="bbox 558 3479 2205 3552">
    <p class='ocr_par' dir='ltr' id='par_1_47' title="bbox 558 3479 2205 3552">
     <span class='ocr_line' id='line_1_47' title="bbox 558 3479 2205 3552; baseline 0.005 -21"><span class='ocrx_word' id='word_1_343' title='bbox 558 3492 743 3552; x_wconf 83' lang='lat' dir='ltr'><strong>quam</strong></span> <span class='ocrx_word' id='word_1_344' title='bbox 775 3479 970 3552; x_wconf 90' lang='lat' dir='ltr'><strong>equis_._</strong></span> <span class='ocrx_word' id='word_1_345' title='bbox 999 3480 1143 3532; x_wconf 88' lang='lat' dir='ltr'><strong>Cum</strong></span> <span class='ocrx_word' id='word_1_346' title='bbox 1172 3481 1377 3535; x_wconf 88' lang='lat' dir='ltr'><strong>omnia</strong></span> <span class='ocrx_word' id='word_1_347' title='bbox 1428 3481 1649 3552; x_wconf 91' lang='lat' dir='ltr'><strong>ubique</strong></span> <span class='ocrx_word' id='word_1_348' title='bbox 1678 3484 1815 3550; x_wconf 85' lang='lat' dir='ltr'><strong>sint,</strong></span> <span class='ocrx_word' id='word_1_349' title='bbox 1851 3499 1970 3537; x_wconf 90' lang='lat' dir='ltr'><strong>non</strong></span> <span class='ocrx_word' id='word_1_350' title='bbox 2004 3488 2205 3539; x_wconf 88' lang='lat' dir='ltr'><strong>tamen</strong></span> 
     </span>
    </p>
   </div>
   <div class='ocr_carea' id='block_1_48' title="bbox 556 3549 2207 3626">
    <p class='ocr_par' dir='ltr' id='par_1_48' title="bbox 556 3549 2207 3626">
     <span class='ocr_line' id='line_1_48' title="bbox 556 3549 2207 3626; baseline 0.005 -24"><span class='ocrx_word' id='word_1_351' title='bbox 556 3563 631 3626; x_wconf 85' lang='lat' dir='ltr'><strong>o__</strong></span> <span class='ocrx_word' id='word_1_352' title='bbox 665 3549 763 3626; x_wconf 78' lang='lat' dir='ltr'><strong>nia</strong></span> <span class='ocrx_word' id='word_1_353' title='bbox 788 3549 1573 3626; x_wconf 24' lang='lat' dir='ltr'><strong>omnibus‘gratiosausunt3</strong></span> <span class='ocrx_word' id='word_1_354' title='bbox 1606 3554 1758 3626; x_wconf 83' lang='lat' dir='ltr'><strong>quia</strong></span> <span class='ocrx_word' id='word_1_355' title='bbox 1791 3556 2207 3626; x_wconf 88' lang='lat' dir='ltr'><strong>unusquisque</strong></span> 
     </span>
    </p>
   </div>
   <div class='ocr_carea' id='block_1_49' title="bbox 564 3618 2206 3699">
    <p class='ocr_par' dir='ltr' id='par_1_49' title="bbox 564 3618 2206 3699">
     <span class='ocr_line' id='line_1_49' title="bbox 564 3618 2206 3699; baseline 0.005 -26"><span class='ocrx_word' id='word_1_356' title='bbox 564 3618 909 3699; x_wconf 43' lang='lat' dir='ltr'><strong>eligit‘quod</strong></span> <span class='ocrx_word' id='word_1_357' title='bbox 939 3618 1131 3699; x_wconf 76' lang='lat' dir='ltr'><strong>magis</strong></span> <span class='ocrx_word' id='word_1_358' title='bbox 1158 3621 1321 3691; x_wconf 88' lang='lat' dir='ltr'><strong>apud</strong></span> <span class='ocrx_word' id='word_1_359' title='bbox 1341 3622 1503 3699; x_wconf 75' lang='lat' dir='ltr'><strong>illum</strong></span> <span class='ocrx_word' id='word_1_360' title='bbox 1524 3618 1741 3679; x_wconf 56' lang='lat' dir='ltr'><strong>hab&#39;eat</strong></span> <span class='ocrx_word' id='word_1_361' title='bbox 1761 3618 2033 3699; x_wconf 80' lang='lat' dir='ltr'><strong>gratiam.</strong></span> <span class='ocrx_word' id='word_1_362' title='bbox 2062 3618 2206 3682; x_wconf 58' lang='lat' dir='ltr'><strong>NAm</strong></span> 
     </span>
    </p>
   </div>
   <div class='ocr_carea' id='block_1_50' title="bbox 558 3690 2207 3765">
    <p class='ocr_par' dir='ltr' id='par_1_50' title="bbox 558 3690 2207 3765">
     <span class='ocr_line' id='line_1_50' title="bbox 558 3690 2207 3765; baseline 0.007 -22"><span class='ocrx_word' id='word_1_363' title='bbox 558 3695 614 3765; x_wconf 80' lang='lat' dir='ltr'><strong>et</strong></span> <span class='ocrx_word' id='word_1_364' title='bbox 648 3690 819 3765; x_wconf 72' lang='lat' dir='ltr'><strong>nobis</strong></span> <span class='ocrx_word' id='word_1_365' title='bbox 850 3691 994 3765; x_wconf 87' lang='lat' dir='ltr'><strong>ipsis</strong></span> <span class='ocrx_word' id='word_1_366' title='bbox 1011 3690 1249 3747; x_wconf 87' lang='lat' dir='ltr'><strong>diversa</strong></span> <span class='ocrx_word' id='word_1_367' title='bbox 1271 3693 1547 3749; x_wconf 82' lang='lat' dir='ltr'><strong>voluntas</strong></span> <span class='ocrx_word' id='word_1_368' title='bbox 1567 3702 1675 3760; x_wconf 90' lang='lat' dir='ltr'><strong>est,</strong></span> <span class='ocrx_word' id='word_1_369' title='bbox 1696 3701 1749 3751; x_wconf 88' lang='lat' dir='ltr'><strong>et</strong></span> <span class='ocrx_word' id='word_1_370' title='bbox 1766 3690 1823 3750; x_wconf 83' lang='lat' dir='ltr'><strong>in</strong></span> <span class='ocrx_word' id='word_1_371' title='bbox 1850 3698 2132 3765; x_wconf 85' lang='lat' dir='ltr'><strong>vestibus,</strong></span> <span class='ocrx_word' id='word_1_372' title='bbox 2152 3706 2207 3754; x_wconf 92' lang='lat' dir='ltr'><strong>et</strong></span> 
     </span>
    </p>
   </div>
   <div class='ocr_carea' id='block_1_51' title="bbox 557 3760 2205 3837">
    <p class='ocr_par' dir='ltr' id='par_1_51' title="bbox 557 3760 2205 3837">
     <span class='ocr_line' id='line_1_51' title="bbox 557 3760 2205 3837; baseline 0.008 -24"><span class='ocrx_word' id='word_1_373' title='bbox 557 3760 619 3813; x_wconf 91' lang='lat' dir='ltr'><strong>in</strong></span> <span class='ocrx_word' id='word_1_374' title='bbox 651 3760 893 3837; x_wconf 78' lang='lat' dir='ltr'><strong>cib_is,__et</strong></span> <span class='ocrx_word' id='word_1_375' title='bbox 919 3763 975 3815; x_wconf 91' lang='lat' dir='ltr'><strong>in</strong></span> <span class='ocrx_word' id='word_1_376' title='bbox 1004 3770 1215 3837; x_wconf 67' lang='lat' dir='ltr'><strong>cretero</strong></span> <span class='ocrx_word' id='word_1_377' title='bbox 1237 3780 1367 3837; x_wconf 82' lang='lat' dir='ltr'><strong>usu,</strong></span> <span class='ocrx_word' id='word_1_378' title='bbox 1396 3772 1450 3818; x_wconf 91' lang='lat' dir='ltr'><strong>et</strong></span> <span class='ocrx_word' id='word_1_379' title='bbox 1472 3766 1529 3819; x_wconf 92' lang='lat' dir='ltr'><strong>in</strong></span> <span class='ocrx_word' id='word_1_380' title='bbox 1550 3768 1679 3837; x_wconf 92' lang='lat' dir='ltr'><strong>ipsa</strong></span> <span class='ocrx_word' id='word_1_381' title='bbox 1695 3770 2006 3823; x_wconf 87' lang='lat' dir='ltr'><strong>sententia.</strong></span> <span class='ocrx_word' id='word_1_382' title='bbox 2034 3760 2205 3833; x_wconf 85' lang='lat' dir='ltr'><strong>Quod</strong></span> 
     </span>
    </p>
   </div>
   <div class='ocr_carea' id='block_1_52' title="bbox 556 3832 2202 3907">
    <p class='ocr_par' dir='ltr' id='par_1_52' title="bbox 556 3832 2202 3907">
     <span class='ocr_line' id='line_1_52' title="bbox 556 3832 2202 3907; baseline 0.007 -24"><span class='ocrx_word' id='word_1_383' title='bbox 556 3846 631 3907; x_wconf 76' lang='lat' dir='ltr'><strong>pe</strong></span> <span class='ocrx_word' id='word_1_384' title='bbox 657 3832 757 3886; x_wconf 89' lang='lat' dir='ltr'><strong>fati</strong></span> <span class='ocrx_word' id='word_1_385' title='bbox 790 3833 1113 3907; x_wconf 82' lang='lat' dir='ltr'><strong>dicantqui</strong></span> <span class='ocrx_word' id='word_1_386' title='bbox 1146 3835 1466 3907; x_wconf 80' lang='lat' dir='ltr'><strong>multorum</strong></span> <span class='ocrx_word' id='word_1_387' title='bbox 1499 3832 1735 3893; x_wconf 79' lang='lat' dir='ltr'><strong>diversa</strong></span> <span class='ocrx_word' id='word_1_388' title='bbox 1760 3846 2035 3895; x_wconf 89' lang='lat' dir='ltr'><strong>asserunt</strong></span> <span class='ocrx_word' id='word_1_389' title='bbox 2060 3832 2202 3907; x_wconf 83' lang='lat' dir='ltr'><strong>l&#39;ata,</strong></span> 
     </span>
    </p>
   </div>
   <div class='ocr_carea' id='block_1_53' title="bbox 559 3900 2207 3978">
    <p class='ocr_par' dir='ltr' id='par_1_53' title="bbox 559 3900 2207 3978">
     <span class='ocr_line' id='line_1_53' title="bbox 559 3900 2207 3978; baseline 0.008 -24"><span class='ocrx_word' id='word_1_390' title='bbox 559 3900 686 3978; x_wconf 69' lang='lat' dir='ltr'><strong>haec</strong></span> <span class='ocrx_word' id='word_1_391' title='bbox 720 3900 1236 3978; x_wconf 34' lang='lat' dir='ltr'><strong>res‘probat,_quia</strong></span> <span class='ocrx_word' id='word_1_392' title='bbox 1258 3905 1592 3978; x_wconf 86' lang='lat' dir='ltr'><strong>frequenter</strong></span> <span class='ocrx_word' id='word_1_393' title='bbox 1625 3915 1885 3965; x_wconf 88' lang='lat' dir='ltr'><strong>mutatur</strong></span> <span class='ocrx_word' id='word_1_394' title='bbox 1916 3911 2088 3966; x_wconf 90' lang='lat' dir='ltr'><strong>nobis</strong></span> <span class='ocrx_word' id='word_1_395' title='bbox 2111 3900 2207 3967; x_wconf 53' lang='lat' dir='ltr'><strong>vo;</strong></span> 
     </span>
    </p>
   </div>
   <div class='ocr_carea' id='block_1_54' title="bbox 555 3972 2201 4053">
    <p class='ocr_par' dir='ltr' id='par_1_54' title="bbox 555 3972 2201 4053">
     <span class='ocr_line' id='line_1_54' title="bbox 555 3972 2201 4053; baseline 0.009 -29"><span class='ocrx_word' id='word_1_396' title='bbox 555 3972 772 4053; x_wconf 65' lang='lat' dir='ltr'><strong>lautas.</strong></span> <span class='ocrx_word' id='word_1_397' title='bbox 795 3972 965 4053; x_wconf 86' lang='lat' dir='ltr'><strong>Quod</strong></span> <span class='ocrx_word' id='word_1_398' title='bbox 988 3972 1147 4053; x_wconf 79' lang='lat' dir='ltr'><strong>enim</strong></span> <span class='ocrx_word' id='word_1_399' title='bbox 1166 3978 1268 4031; x_wconf 91' lang='lat' dir='ltr'><strong>diu</strong></span> <span class='ocrx_word' id='word_1_400' title='bbox 1289 3972 1879 4053; x_wconf 74' lang='lat' dir='ltr'><strong>amavimus,postea</strong></span> <span class='ocrx_word' id='word_1_401' title='bbox 1893 3982 2167 4053; x_wconf 87' lang='lat' dir='ltr'><strong>displicet</strong></span> <span class='ocrx_word' id='word_1_402' title='bbox 2188 4002 2201 4050; x_wconf 88' lang='lat'><strong>;</strong></span> 
     </span>
    </p>
   </div>
   <div class='ocr_carea' id='block_1_55' title="bbox 554 4042 2205 4130">
    <p class='ocr_par' dir='ltr' id='par_1_55' title="bbox 554 4042 2205 4130">
     <span class='ocr_line' id='line_1_55' title="bbox 554 4042 2205 4130; baseline 0.008 -34"><span class='ocrx_word' id='word_1_403' title='bbox 554 4049 609 4130; x_wconf 73' lang='lat' dir='ltr'><strong>et</strong></span> <span class='ocrx_word' id='word_1_404' title='bbox 630 4042 1205 4130; x_wconf 75' lang='lat' dir='ltr'><strong>diligereipcipimus</strong></span> <span class='ocrx_word' id='word_1_405' title='bbox 1228 4050 1586 4130; x_wconf 71' lang='lat' dir='ltr'><strong>quodprius</strong></span> <span class='ocrx_word' id='word_1_406' title='bbox 1610 4042 1861 4130; x_wconf 74' lang='lat' dir='ltr'><strong>libenter</strong></span> <span class='ocrx_word' id='word_1_407' title='bbox 1882 4042 2007 4108; x_wconf 43' lang='lat' dir='ltr'><strong>non.</strong></span> <span class='ocrx_word' id='word_1_408' title='bbox 2024 4042 2205 4109; x_wconf 50' lang='lat' dir='ltr'><strong>habe;</strong></span> 
     </span>
    </p>
   </div>
   <div class='ocr_carea' id='block_1_56' title="bbox 554 4113 2198 4180">
    <p class='ocr_par' dir='ltr' id='par_1_56' title="bbox 554 4113 2198 4180">
     <span class='ocr_line' id='line_1_56' title="bbox 554 4113 2198 4180; baseline 0.007 -13"><span class='ocrx_word' id='word_1_409' title='bbox 554 4113 793 4180; x_wconf 84' lang='lat' dir='ltr'><strong>bamus,</strong></span> <span class='ocrx_word' id='word_1_410' title='bbox 823 4121 877 4171; x_wconf 89' lang='lat' dir='ltr'><strong>et</strong></span> <span class='ocrx_word' id='word_1_411' title='bbox 908 4113 1061 4172; x_wconf 82' lang='lat' dir='ltr'><strong>facta</strong></span> <span class='ocrx_word' id='word_1_412' title='bbox 1080 4113 1512 4175; x_wconf 66' lang='lat' dir='ltr'><strong>consnietudine</strong></span> <span class='ocrx_word' id='word_1_413' title='bbox 1540 4122 1833 4177; x_wconf 88' lang='lat' dir='ltr'><strong>immutati</strong></span> <span class='ocrx_word' id='word_1_414' title='bbox 1862 4140 2198 4179; x_wconf 88' lang='lat' dir='ltr'><strong>manemus.</strong></span> 
     </span>
    </p>
   </div>
   <div class='ocr_carea' id='block_1_57' title="bbox 556 4186 2202 4267">
    <p class='ocr_par' dir='ltr' id='par_1_57' title="bbox 556 4186 2202 4267">
     <span class='ocr_line' id='line_1_57' title="bbox 556 4186 2202 4267; baseline 0.007 -26"><span class='ocrx_word' id='word_1_415' title='bbox 556 4186 1070 4267; x_wconf 40' lang='lat' dir='ltr'><strong>Ordinem‘autem</strong></span> <span class='ocrx_word' id='word_1_416' title='bbox 1104 4190 1151 4244; x_wconf 93' lang='lat' dir='ltr'><strong>si</strong></span> <span class='ocrx_word' id='word_1_417' title='bbox 1170 4191 1534 4267; x_wconf 86' lang='lat' dir='ltr'><strong>dicunt_csse</strong></span> <span class='ocrx_word' id='word_1_418' title='bbox 1564 4193 1843 4267; x_wconf 86' lang='lat' dir='ltr'><strong>fatorum,</strong></span> <span class='ocrx_word' id='word_1_419' title='bbox 1870 4202 1931 4267; x_wconf 89' lang='lat' dir='ltr'><strong>ut</strong></span> <span class='ocrx_word' id='word_1_420' title='bbox 1954 4196 2028 4250; x_wconf 89' lang='lat' dir='ltr'><strong>sit</strong></span> <span class='ocrx_word' id='word_1_421' title='bbox 2056 4198 2202 4267; x_wconf 90' lang='lat' dir='ltr'><strong>quid</strong></span> 
     </span>
    </p>
   </div>
   <div class='ocr_carea' id='block_1_58' title="bbox 554 4258 2201 4335">
    <p class='ocr_par' dir='ltr' id='par_1_58' title="bbox 554 4258 2201 4335">
     <span class='ocr_line' id='line_1_58' title="bbox 554 4258 2201 4335; baseline 0.007 -25"><span class='ocrx_word' id='word_1_422' title='bbox 554 4259 777 4335; x_wconf 82' lang='lat' dir='ltr'><strong>quibus</strong></span> <span class='ocrx_word' id='word_1_423' title='bbox 806 4258 1071 4335; x_wconf 81' lang='lat' dir='ltr'><strong>efﬁciant</strong></span> <span class='ocrx_word' id='word_1_424' title='bbox 1128 4261 1495 4331; x_wconf 87' lang='lat' dir='ltr'><strong>temporibus</strong></span> <span class='ocrx_word' id='word_1_425' title='bbox 1526 4281 1628 4335; x_wconf 88' lang='lat' dir='ltr'><strong>per</strong></span> <span class='ocrx_word' id='word_1_426' title='bbox 1666 4265 1978 4321; x_wconf 89' lang='lat' dir='ltr'><strong>intervalla</strong></span> <span class='ocrx_word' id='word_1_427' title='bbox 2010 4258 2201 4322; x_wconf 73' lang='lat' dir='ltr'><strong>recur-</strong></span> 
     </span>
    </p>
   </div>
   <div class='ocr_carea' id='block_1_59' title="bbox 551 4330 2200 4405">
    <p class='ocr_par' dir='ltr' id='par_1_59' title="bbox 551 4330 2200 4405">
     <span class='ocr_line' id='line_1_59' title="bbox 551 4330 2200 4405; baseline 0.007 -23"><span class='ocrx_word' id='word_1_428' title='bbox 551 4330 741 4405; x_wconf 68' lang='lat' dir='ltr'><strong>rentia</strong></span> <span class='ocrx_word' id='word_1_429' title='bbox 768 4331 1033 4399; x_wconf 87' lang='lat' dir='ltr'><strong>pristina,</strong></span> <span class='ocrx_word' id='word_1_430' title='bbox 1065 4337 1124 4385; x_wconf 91' lang='lat' dir='ltr'><strong>ut</strong></span> <span class='ocrx_word' id='word_1_431' title='bbox 1155 4330 1297 4403; x_wconf 88' lang='lat' dir='ltr'><strong>puta</strong></span> <span class='ocrx_word' id='word_1_432' title='bbox 1315 4335 1476 4405; x_wconf 92' lang='lat' dir='ltr'><strong>quod</strong></span> <span class='ocrx_word' id='word_1_433' title='bbox 1510 4330 1683 4390; x_wconf 84' lang='lat' dir='ltr'><strong>hodie</strong></span> <span class='ocrx_word' id='word_1_434' title='bbox 1714 4336 1956 4401; x_wconf 85' lang='lat' dir='ltr'><strong>faciunt,</strong></span> <span class='ocrx_word' id='word_1_435' title='bbox 1988 4338 2200 4393; x_wconf 89' lang='lat' dir='ltr'><strong>iterum</strong></span> 
     </span>
    </p>
   </div>
   <div class='ocr_carea' id='block_1_60' title="bbox 554 4398 2205 4472">
    <p class='ocr_par' dir='ltr' id='par_1_60' title="bbox 554 4398 2205 4472">
     <span class='ocr_line' id='line_1_60' title="bbox 554 4398 2205 4472; baseline 0.007 -19"><span class='ocrx_word' id='word_1_436' title='bbox 554 4398 781 4455; x_wconf 86' lang='lat' dir='ltr'><strong>faciant</strong></span> <span class='ocrx_word' id='word_1_437' title='bbox 800 4408 934 4471; x_wconf 90' lang='lat' dir='ltr'><strong>post</strong></span> <span class='ocrx_word' id='word_1_438' title='bbox 966 4398 1196 4472; x_wconf 78' lang='lat' dir='ltr'><strong>tempus</strong></span> <span class='ocrx_word' id='word_1_439' title='bbox 1225 4419 1237 4458; x_wconf 92' lang='lat'>:</span> <span class='ocrx_word' id='word_1_440' title='bbox 1272 4398 1389 4459; x_wconf 78' lang='lat' dir='ltr'><strong>non</strong></span> <span class='ocrx_word' id='word_1_441' title='bbox 1422 4407 1581 4463; x_wconf 92' lang='lat' dir='ltr'><strong>enim</strong></span> <span class='ocrx_word' id='word_1_442' title='bbox 1635 4408 1693 4462; x_wconf 90' lang='lat' dir='ltr'><strong>in</strong></span> <span class='ocrx_word' id='word_1_443' title='bbox 1762 4424 1881 4463; x_wconf 91' lang='lat' dir='ltr'><strong>uno</strong></span> <span class='ocrx_word' id='word_1_444' title='bbox 1925 4398 2205 4465; x_wconf 87' lang='lat' dir='ltr'><strong>dicuntur</strong></span> 
     </span>
    </p>
   </div>
   <div class='ocr_carea' id='block_1_61' title="bbox 552 4474 2200 4545">
    <p class='ocr_par' dir='ltr' id='par_1_61' title="bbox 552 4474 2200 4545">
     <span class='ocr_line' id='line_1_61' title="bbox 552 4474 2200 4545; baseline 0.007 -20"><span class='ocrx_word' id='word_1_445' title='bbox 552 4486 818 4545; x_wconf 87' lang='lat' dir='ltr'><strong>manere.</strong></span> <span class='ocrx_word' id='word_1_446' title='bbox 855 4475 998 4527; x_wconf 89' lang='lat' dir='ltr'><strong>Nam</strong></span> <span class='ocrx_word' id='word_1_447' title='bbox 1042 4491 1149 4544; x_wconf 92' lang='lat' dir='ltr'><strong>per</strong></span> <span class='ocrx_word' id='word_1_448' title='bbox 1178 4474 1555 4545; x_wconf 88' lang='lat' dir='ltr'><strong>disciplinam</strong></span> <span class='ocrx_word' id='word_1_449' title='bbox 1600 4484 1653 4533; x_wconf 91' lang='lat' dir='ltr'><strong>et</strong></span> <span class='ocrx_word' id='word_1_450' title='bbox 1701 4481 2200 4536; x_wconf 89' lang='lat' dir='ltr'><strong>consuetudinem</strong></span> 
     </span>
    </p>
   </div>
   <div class='ocr_carea' id='block_1_62' title="bbox 552 4543 2198 4606">
    <p class='ocr_par' dir='ltr' id='par_1_62' title="bbox 552 4543 2198 4606">
     <span class='ocr_line' id='line_1_62' title="bbox 552 4543 2198 4606; baseline 0.007 -11"><span class='ocrx_word' id='word_1_451' title='bbox 552 4543 885 4597; x_wconf 90' lang='lat' dir='ltr'><strong>vincuntur.</strong></span> <span class='ocrx_word' id='word_1_452' title='bbox 919 4543 1254 4599; x_wconf 27' lang='lat' dir='ltr'><strong>Muli’eribus</strong></span> <span class='ocrx_word' id='word_1_453' title='bbox 1287 4543 1501 4603; x_wconf 81' lang='lat' dir='ltr'><strong>etenim</strong></span> <span class='ocrx_word' id='word_1_454' title='bbox 1543 4553 1948 4606; x_wconf 84' lang='lat' dir='ltr'><strong>Romanorum</strong></span> <span class='ocrx_word' id='word_1_455' title='bbox 1999 4552 2198 4606; x_wconf 88' lang='lat' dir='ltr'><strong>multis</strong></span> 
     </span>
    </p>
   </div>
   <div class='ocr_carea' id='block_1_63' title="bbox 553 4614 2201 4694">
    <p class='ocr_par' dir='ltr' id='par_1_63' title="bbox 553 4614 2201 4694">
     <span class='ocr_line' id='line_1_63' title="bbox 553 4614 2201 4694; baseline 0.007 -27"><span class='ocrx_word' id='word_1_456' title='bbox 553 4614 922 4694; x_wconf 73' lang='lat' dir='ltr'><strong>temporibus</strong></span> <span class='ocrx_word' id='word_1_457' title='bbox 962 4617 1083 4670; x_wconf 87' lang='lat' dir='ltr'><strong>vini</strong></span> <span class='ocrx_word' id='word_1_458' title='bbox 1118 4634 1258 4694; x_wconf 78' lang='lat' dir='ltr'><strong>usus</strong></span> <span class='ocrx_word' id='word_1_459' title='bbox 1309 4618 1645 4694; x_wconf 75' lang='lat' dir='ltr'><strong>incognitus</strong></span> <span class='ocrx_word' id='word_1_460' title='bbox 1683 4621 1828 4694; x_wconf 65' lang='lat' dir='ltr'><strong>fuit.</strong></span> <span class='ocrx_word' id='word_1_461' title='bbox 1880 4623 2201 4694; x_wconf 88' lang='lat' dir='ltr'><strong>Disciplina</strong></span> 
     </span>
    </p>
   </div>
   <div class='ocr_carea' id='block_1_64' title="bbox 548 4684 2195 4760">
    <p class='ocr_par' dir='ltr' id='par_1_64' title="bbox 548 4684 2195 4760">
     <span class='ocr_line' id='line_1_64' title="bbox 548 4684 2195 4760; baseline 0.008 -24"><span class='ocrx_word' id='word_1_462' title='bbox 548 4684 706 4760; x_wconf 84' lang='lat' dir='ltr'><strong>enim</strong></span> <span class='ocrx_word' id='word_1_463' title='bbox 728 4684 1329 4760; x_wconf 67' lang='lat' dir='ltr'><strong>factaconsuetudine</strong></span> <span class='ocrx_word' id='word_1_464' title='bbox 1346 4685 1718 4747; x_wconf 79' lang='lat' dir='ltr'><strong>confirmavit</strong></span> <span class='ocrx_word' id='word_1_465' title='bbox 1742 4709 1981 4749; x_wconf 80' lang='lat' dir='ltr'><strong>sensum</strong></span> <span class='ocrx_word' id='word_1_466' title='bbox 1999 4684 2195 4760; x_wconf 78' lang='lat' dir='ltr'><strong>suum,</strong></span> 
     </span>
    </p>
   </div>
   <div class='ocr_carea' id='block_1_65' title="bbox 552 4754 2196 4836">
    <p class='ocr_par' dir='ltr' id='par_1_65' title="bbox 552 4754 2196 4836">
     <span class='ocr_line' id='line_1_65' title="bbox 552 4754 2196 4836; baseline 0.009 -30"><span class='ocrx_word' id='word_1_467' title='bbox 552 4758 614 4836; x_wconf 80' lang='lat' dir='ltr'><strong>ut</strong></span> <span class='ocrx_word' id='word_1_468' title='bbox 635 4754 908 4836; x_wconf 71' lang='lat' dir='ltr'><strong>retineret</strong></span> <span class='ocrx_word' id='word_1_469' title='bbox 928 4759 1089 4836; x_wconf 80' lang='lat' dir='ltr'><strong>quod</strong></span> <span class='ocrx_word' id='word_1_470' title='bbox 1122 4764 1403 4836; x_wconf 80' lang='lat' dir='ltr'><strong>prodesse</strong></span> <span class='ocrx_word' id='word_1_471' title='bbox 1431 4762 1733 4819; x_wconf 88' lang='lat' dir='ltr'><strong>didicerat.</strong></span> <span class='ocrx_word' id='word_1_472' title='bbox 1771 4754 2196 4836; x_wconf 85' lang='lat' dir='ltr'><strong>Numquidillis</strong></span> 
     </span>
    </p>
   </div>
   <div class='ocr_carea' id='block_1_66' title="bbox 550 4825 2197 4904">
    <p class='ocr_par' dir='ltr' id='par_1_66' title="bbox 550 4825 2197 4904">
     <span class='ocr_line' id='line_1_66' title="bbox 550 4825 2197 4904; baseline 0.008 -25"><span class='ocrx_word' id='word_1_473' title='bbox 550 4825 924 4904; x_wconf 78' lang='lat' dir='ltr'><strong>temporibus</strong></span> <span class='ocrx_word' id='word_1_474' title='bbox 950 4825 1261 4904; x_wconf 45' lang='lat' dir='ltr'><strong>&#39;liaec&#39;fata</strong></span> <span class='ocrx_word' id='word_1_475' title='bbox 1290 4832 1545 4895; x_wconf 82' lang='lat' dir='ltr'><strong>fuerunt,</strong></span> <span class='ocrx_word' id='word_1_476' title='bbox 1597 4839 1652 4889; x_wconf 90' lang='lat' dir='ltr'><strong>et</strong></span> <span class='ocrx_word' id='word_1_477' title='bbox 1698 4842 1905 4904; x_wconf 90' lang='lat' dir='ltr'><strong>postea</strong></span> <span class='ocrx_word' id='word_1_478' title='bbox 1944 4825 2197 4892; x_wconf 43' lang='lat' dir='ltr'><strong>.mortua</strong></span> 
     </span>
    </p>
   </div>
   <div class='ocr_carea' id='block_1_67' title="bbox 547 4901 2196 4963">
    <p class='ocr_par' dir='ltr' id='par_1_67' title="bbox 547 4901 2196 4963">
     <span class='ocr_line' id='line_1_67' title="bbox 547 4901 2196 4963; baseline 0.008 -14"><span class='ocrx_word' id='word_1_479' title='bbox 547 4901 707 4961; x_wconf 93' lang='lat' dir='ltr'><strong>sunt,</strong></span> <span class='ocrx_word' id='word_1_480' title='bbox 744 4901 803 4951; x_wconf 89' lang='lat' dir='ltr'><strong>ut</strong></span> <span class='ocrx_word' id='word_1_481' title='bbox 835 4906 1091 4954; x_wconf 90' lang='lat' dir='ltr'><strong>cessaret</strong></span> <span class='ocrx_word' id='word_1_482' title='bbox 1120 4916 1209 4954; x_wconf 90' lang='lat' dir='ltr'><strong>res</strong></span> <span class='ocrx_word' id='word_1_483' title='bbox 1243 4902 1393 4958; x_wconf 86' lang='lat' dir='ltr'><strong>bene</strong></span> <span class='ocrx_word' id='word_1_484' title='bbox 1450 4901 1748 4959; x_wconf 67' lang='lat' dir='ltr'><strong>inventa&quot;?</strong></span> <span class='ocrx_word' id='word_1_485' title='bbox 1781 4906 1893 4961; x_wconf 88' lang='lat' dir='ltr'><strong>Sed</strong></span> <span class='ocrx_word' id='word_1_486' title='bbox 1922 4922 2038 4961; x_wconf 89' lang='lat' dir='ltr'><strong>non</strong></span> <span class='ocrx_word' id='word_1_487' title='bbox 2076 4908 2196 4963; x_wconf 83' lang='lat' dir='ltr'><strong>fata</strong></span> 
     </span>
    </p>
   </div>
   <div class='ocr_carea' id='block_1_68' title="bbox 547 4967 2196 5040">
    <p class='ocr_par' dir='ltr' id='par_1_68' title="bbox 547 4967 2196 5040">
     <span class='ocr_line' id='line_1_68' title="bbox 547 4967 2196 5040; baseline 0.007 -18"><span class='ocrx_word' id='word_1_488' title='bbox 547 4968 697 5034; x_wconf 55' lang='lat' dir='ltr'><strong>huic,</strong></span> <span class='ocrx_word' id='word_1_489' title='bbox 727 4967 829 5023; x_wconf 89' lang='lat' dir='ltr'><strong>sed</strong></span> <span class='ocrx_word' id='word_1_490' title='bbox 860 4968 1175 5040; x_wconf 87' lang='lat' dir='ltr'><strong>disciplina</strong></span> <span class='ocrx_word' id='word_1_491' title='bbox 1199 4974 1520 5029; x_wconf 64' lang='lat' dir='ltr'><strong>invnnerat.</strong></span> <span class='ocrx_word' id='word_1_492' title='bbox 1556 4980 1624 5029; x_wconf 85' lang='lat' dir='ltr'><strong>At</strong></span> <span class='ocrx_word' id='word_1_493' title='bbox 1647 4976 1745 5031; x_wconf 91' lang='lat' dir='ltr'><strong>ubi</strong></span> <span class='ocrx_word' id='word_1_494' title='bbox 1775 4992 2073 5031; x_wconf 89' lang='lat' dir='ltr'><strong>recessum</strong></span> <span class='ocrx_word' id='word_1_495' title='bbox 2109 4986 2196 5034; x_wconf 92' lang='lat' dir='ltr'><strong>est</strong></span> 
     </span>
    </p>
   </div>
   <div class='ocr_carea' id='block_1_69' title="bbox 545 5040 2193 5115">
    <p class='ocr_par' dir='ltr' id='par_1_69' title="bbox 545 5040 2193 5115">
     <span class='ocr_line' id='line_1_69' title="bbox 545 5040 2193 5115; baseline 0.007 -22"><span class='ocrx_word' id='word_1_496' title='bbox 545 5054 581 5093; x_wconf 90' lang='lat' dir='ltr'><strong>a</strong></span> <span class='ocrx_word' id='word_1_497' title='bbox 604 5040 1057 5105; x_wconf 86' lang='lat' dir='ltr'><strong>consuetudine,</strong></span> <span class='ocrx_word' id='word_1_498' title='bbox 1090 5044 1257 5115; x_wconf 89' lang='lat' dir='ltr'><strong>periit</strong></span> <span class='ocrx_word' id='word_1_499' title='bbox 1288 5045 1622 5115; x_wconf 85' lang='lat' dir='ltr'><strong>disciplina.</strong></span> <span class='ocrx_word' id='word_1_500' title='bbox 1660 5048 1959 5102; x_wconf 88' lang='lat' dir='ltr'><strong>Etveteres</strong></span> <span class='ocrx_word' id='word_1_501' title='bbox 1976 5052 2193 5105; x_wconf 81' lang='lat' dir='ltr'><strong>Roma-</strong></span> 
     </span>
    </p>
   </div>
   <div class='ocr_carea' id='block_1_70' title="bbox 544 5114 2195 5183">
    <p class='ocr_par' dir='ltr' id='par_1_70' title="bbox 544 5114 2195 5183">
     <span class='ocr_line' id='line_1_70' title="bbox 544 5114 2195 5183; baseline 0.007 -19"><span class='ocrx_word' id='word_1_502' title='bbox 544 5126 762 5165; x_wconf 89' lang='lat' dir='ltr'><strong>norum</strong></span> <span class='ocrx_word' id='word_1_503' title='bbox 796 5118 972 5167; x_wconf 72' lang='lat' dir='ltr'><strong>tanta:</strong></span> <span class='ocrx_word' id='word_1_504' title='bbox 997 5114 1374 5169; x_wconf 70' lang='lat' dir='ltr'><strong>continentiae</strong></span> <span class='ocrx_word' id='word_1_505' title='bbox 1403 5114 1660 5183; x_wconf 84' lang='lat' dir='ltr'><strong>fuerunt,</strong></span> <span class='ocrx_word' id='word_1_506' title='bbox 1695 5120 1959 5175; x_wconf 80' lang='lat' dir='ltr'><strong>utetiam</strong></span> <span class='ocrx_word' id='word_1_507' title='bbox 1992 5121 2195 5177; x_wconf 88' lang='lat' dir='ltr'><strong>oblata</strong></span> 
     </span>
    </p>
   </div>
   <div class='ocr_carea' id='block_1_71' title="bbox 542 5184 2191 5249">
    <p class='ocr_par' dir='ltr' id='par_1_71' title="bbox 542 5184 2191 5249">
     <span class='ocr_line' id='line_1_71' title="bbox 542 5184 2191 5249; baseline 0.007 -14"><span class='ocrx_word' id='word_1_508' title='bbox 542 5197 796 5238; x_wconf 90' lang='lat' dir='ltr'><strong>munera</strong></span> <span class='ocrx_word' id='word_1_509' title='bbox 824 5184 1167 5249; x_wconf 86' lang='lat' dir='ltr'><strong>refutarent,</strong></span> <span class='ocrx_word' id='word_1_510' title='bbox 1228 5185 1453 5242; x_wconf 89' lang='lat' dir='ltr'><strong>bonam</strong></span> <span class='ocrx_word' id='word_1_511' title='bbox 1487 5190 1710 5245; x_wconf 88' lang='lat' dir='ltr'><strong>famam</strong></span> <span class='ocrx_word' id='word_1_512' title='bbox 1761 5190 1999 5246; x_wconf 90' lang='lat' dir='ltr'><strong>divitias</strong></span> <span class='ocrx_word' id='word_1_513' title='bbox 2032 5193 2191 5247; x_wconf 91' lang='lat' dir='ltr'><strong>arbi-</strong></span> 
     </span>
    </p>
   </div>
   <div class='ocr_carea' id='block_1_72' title="bbox 541 5256 2192 5333">
    <p class='ocr_par' dir='ltr' id='par_1_72' title="bbox 541 5256 2192 5333">
     <span class='ocr_line' id='line_1_72' title="bbox 541 5256 2192 5333; baseline 0.007 -27"><span class='ocrx_word' id='word_1_514' title='bbox 541 5258 783 5333; x_wconf 63' lang='lat' dir='ltr'><strong>trantes,</strong></span> <span class='ocrx_word' id='word_1_515' title='bbox 806 5262 862 5309; x_wconf 93' lang='lat' dir='ltr'><strong>et</strong></span> <span class='ocrx_word' id='word_1_516' title='bbox 894 5256 1165 5311; x_wconf 89' lang='lat' dir='ltr'><strong>virtutem</strong></span> <span class='ocrx_word' id='word_1_517' title='bbox 1201 5258 1603 5328; x_wconf 89' lang='lat' dir='ltr'><strong>voluptatibus</strong></span> <span class='ocrx_word' id='word_1_518' title='bbox 1630 5269 2048 5333; x_wconf 62' lang='lat' dir='ltr'><strong>praeponentes</strong></span> <span class='ocrx_word' id='word_1_519' title='bbox 2093 5281 2103 5317; x_wconf 91' lang='lat'>:</span> <span class='ocrx_word' id='word_1_520' title='bbox 2137 5270 2192 5318; x_wconf 91' lang='lat' dir='ltr'><strong>et</strong></span> 
     </span>
    </p>
   </div>
   <div class='ocr_carea' id='block_1_73' title="bbox 539 5322 2189 5399">
    <p class='ocr_par' dir='ltr' id='par_1_73' title="bbox 539 5322 2189 5399">
     <span class='ocr_line' id='line_1_73' title="bbox 539 5322 2189 5399; baseline 0.008 -22"><span class='ocrx_word' id='word_1_521' title='bbox 539 5322 631 5399; x_wconf 78' lang='lat' dir='ltr'><strong>his</strong></span> <span class='ocrx_word' id='word_1_522' title='bbox 660 5325 795 5399; x_wconf 84' lang='lat' dir='ltr'><strong>fatis</strong></span> <span class='ocrx_word' id='word_1_523' title='bbox 823 5342 1161 5399; x_wconf 80' lang='lat' dir='ltr'><strong>successum</strong></span> <span class='ocrx_word' id='word_1_524' title='bbox 1203 5334 1309 5393; x_wconf 89' lang='lat' dir='ltr'><strong>est,</strong></span> <span class='ocrx_word' id='word_1_525' title='bbox 1336 5322 1435 5385; x_wconf 83' lang='lat' dir='ltr'><strong>aut</strong></span> <span class='ocrx_word' id='word_1_526' title='bbox 1467 5322 1786 5399; x_wconf 44' lang='lat' dir='ltr'><strong>obier‘unt’;</strong></span> <span class='ocrx_word' id='word_1_527' title='bbox 1818 5334 1922 5387; x_wconf 86' lang='lat' dir='ltr'><strong>sed</strong></span> <span class='ocrx_word' id='word_1_528' title='bbox 1940 5350 2057 5389; x_wconf 90' lang='lat' dir='ltr'><strong>non</strong></span> <span class='ocrx_word' id='word_1_529' title='bbox 2088 5336 2189 5390; x_wconf 84' lang='lat' dir='ltr'><strong>fati</strong></span> 
     </span>
    </p>
   </div>
   <div class='ocr_carea' id='block_1_74' title="bbox 542 5392 2177 5475">
    <p class='ocr_par' dir='ltr' id='par_1_74' title="bbox 542 5392 2177 5475">
     <span class='ocr_line' id='line_1_74' title="bbox 542 5392 2177 5475; baseline 0.009 -29"><span class='ocrx_word' id='word_1_530' title='bbox 542 5392 667 5455; x_wconf 85' lang='lat' dir='ltr'><strong>fuit,</strong></span> <span class='ocrx_word' id='word_1_531' title='bbox 698 5397 800 5475; x_wconf 85' lang='lat' dir='ltr'><strong>sed</strong></span> <span class='ocrx_word' id='word_1_532' title='bbox 820 5397 1180 5475; x_wconf 72' lang='lat' dir='ltr'><strong>disciplima,</strong></span> <span class='ocrx_word' id='word_1_533' title='bbox 1212 5392 1347 5475; x_wconf 66' lang='lat' dir='ltr'><strong>quas</strong></span> <span class='ocrx_word' id='word_1_534' title='bbox 1370 5403 1548 5458; x_wconf 91' lang='lat' dir='ltr'><strong>etiam</strong></span> <span class='ocrx_word' id='word_1_535' title='bbox 1571 5392 1880 5474; x_wconf 40' lang='lat' dir='ltr'><strong>ipsius&#39;fati</strong></span> <span class='ocrx_word' id='word_1_536' title='bbox 1909 5406 2177 5475; x_wconf 64' lang='lat' dir='ltr'><strong>paedago</strong></span> 
     </span>
    </p>
   </div>
   <div class='ocr_carea' id='block_1_75' title="bbox 540 5470 2186 5549">
    <p class='ocr_par' dir='ltr' id='par_1_75' title="bbox 540 5470 2186 5549">
     <span class='ocr_line' id='line_1_75' title="bbox 540 5470 2186 5549; baseline 0.009 -32"><span class='ocrx_word' id='word_1_537' title='bbox 540 5479 649 5549; x_wconf 81' lang='lat' dir='ltr'><strong>gus</strong></span> <span class='ocrx_word' id='word_1_538' title='bbox 672 5472 776 5549; x_wconf 85' lang='lat' dir='ltr'><strong>est.</strong></span> <span class='ocrx_word' id='word_1_539' title='bbox 810 5470 1121 5549; x_wconf 75' lang='lat' dir='ltr'><strong>Quomodo</strong></span> <span class='ocrx_word' id='word_1_540' title='bbox 1138 5472 1297 5549; x_wconf 84' lang='lat' dir='ltr'><strong>enim</strong></span> <span class='ocrx_word' id='word_1_541' title='bbox 1313 5479 1501 5542; x_wconf 92' lang='lat' dir='ltr'><strong>potest</strong></span> <span class='ocrx_word' id='word_1_542' title='bbox 1524 5470 1631 5549; x_wconf 79' lang='lat' dir='ltr'><strong>fati</strong></span> <span class='ocrx_word' id='word_1_543' title='bbox 1651 5491 1776 5549; x_wconf 85' lang='lat' dir='ltr'><strong>esse</strong></span> <span class='ocrx_word' id='word_1_544' title='bbox 1804 5470 1966 5549; x_wconf 86' lang='lat' dir='ltr'><strong>quod</strong></span> <span class='ocrx_word' id='word_1_545' title='bbox 1994 5470 2186 5549; x_wconf 77' lang='lat' dir='ltr'><strong>neque</strong></span> 
     </span>
    </p>
   </div>
   <div class='ocr_carea' id='block_1_76' title="bbox 538 5540 2181 5619">
    <p class='ocr_par' dir='ltr' id='par_1_76' title="bbox 538 5540 2181 5619">
     <span class='ocr_line' id='line_1_76' title="bbox 538 5540 2181 5619; baseline 0.009 -30"><span class='ocrx_word' id='word_1_546' title='bbox 538 5541 941 5619; x_wconf 29' lang='lat' dir='ltr'><strong>anteotem-pus</strong></span> <span class='ocrx_word' id='word_1_547' title='bbox 963 5540 1199 5619; x_wconf 73' lang='lat' dir='ltr'><strong>habuit,</strong></span> <span class='ocrx_word' id='word_1_548' title='bbox 1229 5540 1838 5619; x_wconf 75' lang='lat' dir='ltr'><strong>nequenunchabet‘?</strong></span> <span class='ocrx_word' id='word_1_549' title='bbox 1866 5540 2181 5619; x_wconf 78' lang='lat' dir='ltr'><strong>thuidem</strong></span> 
     </span>
    </p>
   </div>
   <div class='ocr_carea' id='block_1_77' title="bbox 537 5610 2183 5689">
    <p class='ocr_par' dir='ltr' id='par_1_77' title="bbox 537 5610 2183 5689">
     <span class='ocr_line' id='line_1_77' title="bbox 537 5610 2183 5689; baseline 0.01 -31"><span class='ocrx_word' id='word_1_550' title='bbox 537 5610 739 5689; x_wconf 75' lang='lat' dir='ltr'><strong>nescio</strong></span> <span class='ocrx_word' id='word_1_551' title='bbox 775 5610 1231 5689; x_wconf 71' lang='lat' dir='ltr'><strong>utquidtantam</strong></span> <span class='ocrx_word' id='word_1_552' title='bbox 1265 5610 1555 5689; x_wconf 59' lang='lat' dir='ltr'><strong>invidiam</strong></span> <span class='ocrx_word' id='word_1_553' title='bbox 1588 5616 1708 5673; x_wconf 86' lang='lat' dir='ltr'><strong>fato</strong></span> <span class='ocrx_word' id='word_1_554' title='bbox 1743 5610 1980 5685; x_wconf 64' lang='lat' dir='ltr'><strong>faciant,</strong></span> <span class='ocrx_word' id='word_1_555' title='bbox 2026 5624 2091 5673; x_wconf 88' lang='lat' dir='ltr'><strong>ut</strong></span> <span class='ocrx_word' id='word_1_556' title='bbox 2124 5622 2183 5675; x_wconf 89' lang='lat' dir='ltr'><strong>in</strong></span> 
     </span>
    </p>
   </div>
   <div class='ocr_carea' id='block_1_78' title="bbox 537 5673 2181 5753">
    <p class='ocr_par' dir='ltr' id='par_1_78' title="bbox 537 5673 2181 5753">
     <span class='ocr_line' id='line_1_78' title="bbox 537 5673 2181 5753; baseline 0.011 -24"><span class='ocrx_word' id='word_1_557' title='bbox 537 5673 820 5729; x_wconf 90' lang='lat' dir='ltr'><strong>omnibus</strong></span> <span class='ocrx_word' id='word_1_558' title='bbox 848 5673 1244 5750; x_wconf 78' lang='lat' dir='ltr'><strong>gestisipsum</strong></span> <span class='ocrx_word' id='word_1_559' title='bbox 1274 5685 1476 5743; x_wconf 87' lang='lat' dir='ltr'><strong>dicant</strong></span> <span class='ocrx_word' id='word_1_560' title='bbox 1506 5694 1833 5753; x_wconf 87' lang='lat' dir='ltr'><strong>auctorem,</strong></span> <span class='ocrx_word' id='word_1_561' title='bbox 1859 5673 1997 5746; x_wconf 81' lang='lat' dir='ltr'><strong>cum</strong></span> <span class='ocrx_word' id='word_1_562' title='bbox 2030 5692 2101 5747; x_wconf 91' lang='lat' dir='ltr'><strong>sit</strong></span> <span class='ocrx_word' id='word_1_563' title='bbox 2125 5673 2181 5747; x_wconf 85' lang='lat' dir='ltr'><strong>et</strong></span> 
     </span>
    </p>
   </div>
   <div class='ocr_carea' id='block_1_79' title="bbox 1593 148 2907 221">
    <p class='ocr_par' dir='ltr' id='par_1_79' title="bbox 1593 148 2907 221">
     <span class='ocr_line' id='line_1_79' title="bbox 1593 148 2907 221; baseline -0.004 -11"><span class='ocrx_word' id='word_1_564' title='bbox 1593 148 2067 221; x_wconf 67' lang='lat' dir='ltr'><strong>QUESTIONES</strong></span> <span class='ocrx_word' id='word_1_565' title='bbox 2108 151 2203 206; x_wconf 85' lang='lat' dir='ltr'><strong>EX</strong></span> <span class='ocrx_word' id='word_1_566' title='bbox 2240 149 2582 218; x_wconf 80' lang='lat' dir='ltr'><strong>UTHOQUE</strong></span> <span class='ocrx_word' id='word_1_567' title='bbox 2622 150 2907 207; x_wconf 85' lang='lat' dir='ltr'><strong>MIXTIM.</strong></span> 
     </span>
    </p>
   </div>
   <div class='ocr_carea' id='block_1_80' title="bbox 3767 162 3871 219">
    <p class='ocr_par' dir='ltr' id='par_1_80' title="bbox 3767 162 3871 219">
     <span class='ocr_line' id='line_1_80' title="bbox 3767 162 3871 219; baseline 0.058 -6"><span class='ocrx_word' id='word_1_568' title='bbox 3767 162 3871 219; x_wconf 75' lang='grc'><strong>2356</strong></span> 
     </span>
    </p>
   </div>
   <div class='ocr_carea' id='block_1_81' title="bbox 2318 274 3867 348">
    <p class='ocr_par' dir='ltr' id='par_1_81' title="bbox 2318 274 3867 348">
     <span class='ocr_line' id='line_1_81' title="bbox 2318 274 3867 348; baseline 0.006 -16"><span class='ocrx_word' id='word_1_569' title='bbox 2318 292 2441 332; x_wconf 91' lang='lat' dir='ltr'><strong>non</strong></span> <span class='ocrx_word' id='word_1_570' title='bbox 2468 276 2560 333; x_wconf 87' lang='lat' dir='ltr'><strong>sit.</strong></span> <span class='ocrx_word' id='word_1_571' title='bbox 2598 276 2706 332; x_wconf 92' lang='lat' dir='ltr'><strong>Ubi</strong></span> <span class='ocrx_word' id='word_1_572' title='bbox 2749 276 2910 331; x_wconf 90' lang='lat' dir='ltr'><strong>enim</strong></span> <span class='ocrx_word' id='word_1_573' title='bbox 2952 274 3391 348; x_wconf 82' lang='lat' dir='ltr'><strong>disciplinaest,</strong></span> <span class='ocrx_word' id='word_1_574' title='bbox 3430 291 3544 332; x_wconf 90' lang='lat' dir='ltr'><strong>non</strong></span> <span class='ocrx_word' id='word_1_575' title='bbox 3586 282 3663 334; x_wconf 88' lang='lat' dir='ltr'><strong>est</strong></span> <span class='ocrx_word' id='word_1_576' title='bbox 3688 297 3699 345; x_wconf 86' lang='lat'><strong>;</strong></span> <span class='ocrx_word' id='word_1_577' title='bbox 3728 288 3773 338; x_wconf 89' lang='lat' dir='ltr'><strong>et</strong></span> <span class='ocrx_word' id='word_1_578' title='bbox 3797 286 3867 342; x_wconf 87' lang='lat' dir='ltr'><strong>ubi</strong></span> 
     </span>
    </p>
   </div>
   <div class='ocr_carea' id='block_1_82' title="bbox 2319 347 3869 417">
    <p class='ocr_par' dir='ltr' id='par_1_82' title="bbox 2319 347 3869 417">
     <span class='ocr_line' id='line_1_82' title="bbox 2319 347 3869 417; baseline 0.006 -14"><span class='ocrx_word' id='word_1_579' title='bbox 2319 348 2693 403; x_wconf 88' lang='lat' dir='ltr'><strong>consuetudo</strong></span> <span class='ocrx_word' id='word_1_580' title='bbox 2718 354 2823 411; x_wconf 88' lang='lat' dir='ltr'><strong>est,</strong></span> <span class='ocrx_word' id='word_1_581' title='bbox 2851 363 2969 401; x_wconf 89' lang='lat' dir='ltr'><strong>non</strong></span> <span class='ocrx_word' id='word_1_582' title='bbox 2995 354 3085 401; x_wconf 89' lang='lat' dir='ltr'><strong>est</strong></span> <span class='ocrx_word' id='word_1_583' title='bbox 3108 347 3130 417; x_wconf 57' lang='grc' dir='ltr'><strong><em>ζ</em></strong></span> <span class='ocrx_word' id='word_1_584' title='bbox 3161 347 3511 403; x_wconf 89' lang='lat' dir='ltr'><strong>etubicasus</strong></span> <span class='ocrx_word' id='word_1_585' title='bbox 3531 355 3624 413; x_wconf 91' lang='lat' dir='ltr'><strong>est,</strong></span> <span class='ocrx_word' id='word_1_586' title='bbox 3651 367 3751 407; x_wconf 91' lang='lat' dir='ltr'><strong>non</strong></span> <span class='ocrx_word' id='word_1_587' title='bbox 3778 366 3869 413; x_wconf 83' lang='lat' dir='ltr'><strong>est:</strong></span> 
     </span>
    </p>
   </div>
   <div class='ocr_carea' id='block_1_83' title="bbox 2321 418 3874 489">
    <p class='ocr_par' dir='ltr' id='par_1_83' title="bbox 2321 418 3874 489">
     <span class='ocr_line' id='line_1_83' title="bbox 2321 418 3874 489; baseline 0.005 -14"><span class='ocrx_word' id='word_1_588' title='bbox 2321 420 2420 475; x_wconf 91' lang='lat' dir='ltr'><strong>ubi</strong></span> <span class='ocrx_word' id='word_1_589' title='bbox 2448 428 2649 474; x_wconf 87' lang='lat' dir='ltr'><strong>autem</strong></span> <span class='ocrx_word' id='word_1_590' title='bbox 2684 420 2911 473; x_wconf 92' lang='lat' dir='ltr'><strong>videtur</strong></span> <span class='ocrx_word' id='word_1_591' title='bbox 2944 435 3091 483; x_wconf 88' lang='lat' dir='ltr'><strong>esse,</strong></span> <span class='ocrx_word' id='word_1_592' title='bbox 3132 419 3336 473; x_wconf 90' lang='lat' dir='ltr'><strong>timore</strong></span> <span class='ocrx_word' id='word_1_593' title='bbox 3374 418 3512 487; x_wconf 85' lang='lat' dir='ltr'><strong>legis</strong></span> <span class='ocrx_word' id='word_1_594' title='bbox 3543 424 3757 478; x_wconf 77' lang='lat' dir='ltr'><strong>Vincitur</strong></span> <span class='ocrx_word' id='word_1_595' title='bbox 3789 443 3799 489; x_wconf 89' lang='lat'>;</span> <span class='ocrx_word' id='word_1_596' title='bbox 3837 436 3874 482; x_wconf 88' lang='lat' dir='ltr'><strong>et</strong></span> 
     </span>
    </p>
   </div>
   <div class='ocr_carea' id='block_1_84' title="bbox 2319 491 3873 563">
    <p class='ocr_par' dir='ltr' id='par_1_84' title="bbox 2319 491 3873 563">
     <span class='ocr_line' id='line_1_84' title="bbox 2319 491 3873 563; baseline 0.005 -18"><span class='ocrx_word' id='word_1_597' title='bbox 2319 492 2503 546; x_wconf 89' lang='lat' dir='ltr'><strong>libido</strong></span> <span class='ocrx_word' id='word_1_598' title='bbox 2516 492 2677 563; x_wconf 81' lang='lat' dir='ltr'><strong>enim</strong></span> <span class='ocrx_word' id='word_1_599' title='bbox 2711 498 2867 545; x_wconf 90' lang='lat' dir='ltr'><strong>metu</strong></span> <span class='ocrx_word' id='word_1_600' title='bbox 2884 491 3298 563; x_wconf 87' lang='lat' dir='ltr'><strong>compescitur,</strong></span> <span class='ocrx_word' id='word_1_601' title='bbox 3324 495 3380 545; x_wconf 89' lang='lat' dir='ltr'><strong>et</strong></span> <span class='ocrx_word' id='word_1_602' title='bbox 3403 498 3643 561; x_wconf 64' lang='lat' dir='ltr'><strong>quaastus</strong></span> <span class='ocrx_word' id='word_1_603' title='bbox 3666 500 3873 563; x_wconf 66' lang='lat' dir='ltr'><strong>pecunia:</strong></span> 
     </span>
    </p>
   </div>
   <div class='ocr_carea' id='block_1_85' title="bbox 2321 562 3873 634">
    <p class='ocr_par' dir='ltr' id='par_1_85' title="bbox 2321 562 3873 634">
     <span class='ocr_line' id='line_1_85' title="bbox 2321 562 3873 634; baseline 0.004 -17"><span class='ocrx_word' id='word_1_604' title='bbox 2321 570 2561 634; x_wconf 89' lang='lat' dir='ltr'><strong>propter</strong></span> <span class='ocrx_word' id='word_1_605' title='bbox 2590 562 2775 616; x_wconf 91' lang='lat' dir='ltr'><strong>Deum</strong></span> <span class='ocrx_word' id='word_1_606' title='bbox 2828 562 3293 633; x_wconf 84' lang='lat' dir='ltr'><strong>promerendum</strong></span> <span class='ocrx_word' id='word_1_607' title='bbox 3352 562 3686 632; x_wconf 67' lang='lat' dir='ltr'><strong>repudiatur.</strong></span> <span class='ocrx_word' id='word_1_608' title='bbox 3717 569 3766 620; x_wconf 87' lang='lat' dir='ltr'><strong>In</strong></span> <span class='ocrx_word' id='word_1_609' title='bbox 3791 568 3873 624; x_wconf 85' lang='lat' dir='ltr'><strong>hac</strong></span> 
     </span>
    </p>
   </div>
   <div class='ocr_carea' id='block_1_86' title="bbox 2318 634 3875 705">
    <p class='ocr_par' dir='ltr' id='par_1_86' title="bbox 2318 634 3875 705">
     <span class='ocr_line' id='line_1_86' title="bbox 2318 634 3875 705; baseline 0.004 -17"><span class='ocrx_word' id='word_1_610' title='bbox 2318 650 2460 701; x_wconf 84' lang='lat' dir='ltr'><strong>ergo</strong></span> <span class='ocrx_word' id='word_1_611' title='bbox 2491 640 2655 704; x_wconf 90' lang='lat' dir='ltr'><strong>parte</strong></span> <span class='ocrx_word' id='word_1_612' title='bbox 2682 635 2884 705; x_wconf 86' lang='lat' dir='ltr'><strong>negari</strong></span> <span class='ocrx_word' id='word_1_613' title='bbox 2919 648 3037 688; x_wconf 88' lang='lat' dir='ltr'><strong>non</strong></span> <span class='ocrx_word' id='word_1_614' title='bbox 3072 639 3282 704; x_wconf 90' lang='lat' dir='ltr'><strong>potest,</strong></span> <span class='ocrx_word' id='word_1_615' title='bbox 3314 634 3450 703; x_wconf 89' lang='lat' dir='ltr'><strong>quia</strong></span> <span class='ocrx_word' id='word_1_616' title='bbox 3472 649 3582 687; x_wconf 92' lang='lat' dir='ltr'><strong>non</strong></span> <span class='ocrx_word' id='word_1_617' title='bbox 3612 644 3769 705; x_wconf 88' lang='lat' dir='ltr'><strong>potest</strong></span> <span class='ocrx_word' id='word_1_618' title='bbox 3790 654 3875 695; x_wconf 88' lang='lat' dir='ltr'><strong>non</strong></span> 
     </span>
    </p>
   </div>
   <div class='ocr_carea' id='block_1_87' title="bbox 2318 704 3878 776">
    <p class='ocr_par' dir='ltr' id='par_1_87' title="bbox 2318 704 3878 776">
     <span class='ocr_line' id='line_1_87' title="bbox 2318 704 3878 776; baseline 0.004 -17"><span class='ocrx_word' id='word_1_619' title='bbox 2318 722 2449 759; x_wconf 59' lang='lat' dir='ltr'><strong>exse</strong></span> <span class='ocrx_word' id='word_1_620' title='bbox 2488 706 2649 776; x_wconf 90' lang='lat' dir='ltr'><strong>quod</strong></span> <span class='ocrx_word' id='word_1_621' title='bbox 2687 704 2939 759; x_wconf 88' lang='lat' dir='ltr'><strong>vincitur</strong></span> <span class='ocrx_word' id='word_1_622' title='bbox 2972 723 2983 759; x_wconf 88' lang='lat'>:</span> <span class='ocrx_word' id='word_1_623' title='bbox 3017 711 3074 759; x_wconf 91' lang='lat' dir='ltr'><strong>et</strong></span> <span class='ocrx_word' id='word_1_624' title='bbox 3103 710 3303 759; x_wconf 89' lang='lat' dir='ltr'><strong>tamen</strong></span> <span class='ocrx_word' id='word_1_625' title='bbox 3330 710 3474 759; x_wconf 90' lang='lat' dir='ltr'><strong>recte</strong></span> <span class='ocrx_word' id='word_1_626' title='bbox 3512 710 3687 774; x_wconf 89' lang='lat' dir='ltr'><strong>potest</strong></span> <span class='ocrx_word' id='word_1_627' title='bbox 3726 709 3815 762; x_wconf 83' lang='lat' dir='ltr'><strong>dici</strong></span> <span class='ocrx_word' id='word_1_628' title='bbox 3838 722 3878 765; x_wconf 87' lang='lat' dir='ltr'><strong>et</strong></span> 
     </span>
    </p>
   </div>
   <div class='ocr_carea' id='block_1_88' title="bbox 2318 777 3878 851">
    <p class='ocr_par' dir='ltr' id='par_1_88' title="bbox 2318 777 3878 851">
     <span class='ocr_line' id='line_1_88' title="bbox 2318 777 3878 851; baseline 0.003 -20"><span class='ocrx_word' id='word_1_629' title='bbox 2318 778 2377 851; x_wconf 84' lang='lat' dir='ltr'><strong>in</strong></span> <span class='ocrx_word' id='word_1_630' title='bbox 2401 792 2470 851; x_wconf 88' lang='lat' dir='ltr'><strong>eo</strong></span> <span class='ocrx_word' id='word_1_631' title='bbox 2503 779 2638 846; x_wconf 90' lang='lat' dir='ltr'><strong>ipso</strong></span> <span class='ocrx_word' id='word_1_632' title='bbox 2673 791 2791 830; x_wconf 91' lang='lat' dir='ltr'><strong>non</strong></span> <span class='ocrx_word' id='word_1_633' title='bbox 2816 792 2970 851; x_wconf 78' lang='lat' dir='ltr'><strong>esse,</strong></span> <span class='ocrx_word' id='word_1_634' title='bbox 2991 777 3147 851; x_wconf 78' lang='lat' dir='ltr'><strong>quia</strong></span> <span class='ocrx_word' id='word_1_635' title='bbox 3204 781 3361 851; x_wconf 81' lang='lat' dir='ltr'><strong>caret</strong></span> <span class='ocrx_word' id='word_1_636' title='bbox 3416 780 3729 851; x_wconf 86' lang='lat' dir='ltr'><strong>auctoritate</strong></span> <span class='ocrx_word' id='word_1_637' title='bbox 3756 784 3878 851; x_wconf 89' lang='lat' dir='ltr'><strong>quod</strong></span> 
     </span>
    </p>
   </div>
   <div class='ocr_carea' id='block_1_89' title="bbox 2318 846 3879 918">
    <p class='ocr_par' dir='ltr' id='par_1_89' title="bbox 2318 846 3879 918">
     <span class='ocr_line' id='line_1_89' title="bbox 2318 846 3879 918; baseline 0.003 -16"><span class='ocrx_word' id='word_1_638' title='bbox 2318 849 2594 902; x_wconf 89' lang='lat' dir='ltr'><strong>vincitur.</strong></span> <span class='ocrx_word' id='word_1_639' title='bbox 2629 851 2827 918; x_wconf 86' lang='lat' dir='ltr'><strong>itaque</strong></span> <span class='ocrx_word' id='word_1_640' title='bbox 2862 848 2957 901; x_wconf 91' lang='lat' dir='ltr'><strong>Dei</strong></span> <span class='ocrx_word' id='word_1_641' title='bbox 2989 846 3181 916; x_wconf 82' lang='lat' dir='ltr'><strong>legem</strong></span> <span class='ocrx_word' id='word_1_642' title='bbox 3208 848 3307 918; x_wconf 87' lang='lat' dir='ltr'><strong>qui</strong></span> <span class='ocrx_word' id='word_1_643' title='bbox 3329 848 3596 918; x_wconf 84' lang='lat' dir='ltr'><strong>sequitur,</strong></span> <span class='ocrx_word' id='word_1_644' title='bbox 3613 856 3661 902; x_wconf 89' lang='lat' dir='ltr'><strong>et</strong></span> <span class='ocrx_word' id='word_1_645' title='bbox 3685 846 3879 906; x_wconf 75' lang='lat' dir='ltr'><strong>consue-</strong></span> 
     </span>
    </p>
   </div>
   <div class='ocr_carea' id='block_1_90' title="bbox 2320 917 3877 993">
    <p class='ocr_par' dir='ltr' id='par_1_90' title="bbox 2320 917 3877 993">
     <span class='ocr_line' id='line_1_90' title="bbox 2320 917 3877 993; baseline 0.003 -20"><span class='ocrx_word' id='word_1_646' title='bbox 2320 919 2586 993; x_wconf 83' lang='lat' dir='ltr'><strong>tudinem</strong></span> <span class='ocrx_word' id='word_1_647' title='bbox 2621 917 2776 993; x_wconf 83' lang='lat' dir='ltr'><strong>tenet</strong></span> <span class='ocrx_word' id='word_1_648' title='bbox 2809 917 2979 993; x_wconf 72' lang='lat' dir='ltr'><strong>bonae</strong></span> <span class='ocrx_word' id='word_1_649' title='bbox 3010 919 3169 993; x_wconf 67' lang='lat' dir='ltr'><strong>vitm,</strong></span> <span class='ocrx_word' id='word_1_650' title='bbox 3194 917 3329 973; x_wconf 86' lang='lat' dir='ltr'><strong>huic</strong></span> <span class='ocrx_word' id='word_1_651' title='bbox 3358 917 3567 973; x_wconf 80' lang='lat' dir='ltr'><strong>cedunt</strong></span> <span class='ocrx_word' id='word_1_652' title='bbox 3593 921 3761 975; x_wconf 87' lang='lat' dir='ltr'><strong>omnia</strong></span> <span class='ocrx_word' id='word_1_653' title='bbox 3781 938 3877 993; x_wconf 70' lang='lat' dir='ltr'><strong>qua:</strong></span> 
     </span>
    </p>
   </div>
   <div class='ocr_carea' id='block_1_91' title="bbox 2319 990 3880 1060">
    <p class='ocr_par' dir='ltr' id='par_1_91' title="bbox 2319 990 3880 1060">
     <span class='ocr_line' id='line_1_91' title="bbox 2319 990 3880 1060; baseline 0.003 -15"><span class='ocrx_word' id='word_1_654' title='bbox 2319 991 2596 1045; x_wconf 89' lang='lat' dir='ltr'><strong>dicuntur</strong></span> <span class='ocrx_word' id='word_1_655' title='bbox 2622 990 2761 1044; x_wconf 84' lang='lat' dir='ltr'><strong>fata.</strong></span> <span class='ocrx_word' id='word_1_656' title='bbox 2794 992 3044 1045; x_wconf 88' lang='lat' dir='ltr'><strong>Tantum</strong></span> <span class='ocrx_word' id='word_1_657' title='bbox 3079 990 3236 1044; x_wconf 91' lang='lat' dir='ltr'><strong>enim</strong></span> <span class='ocrx_word' id='word_1_658' title='bbox 3264 996 3448 1060; x_wconf 85' lang='lat' dir='ltr'><strong>potest</strong></span> <span class='ocrx_word' id='word_1_659' title='bbox 3475 990 3810 1057; x_wconf 63' lang='lat' dir='ltr'><strong>consuetudo,</strong></span> <span class='ocrx_word' id='word_1_660' title='bbox 3837 1003 3880 1049; x_wconf 91' lang='lat' dir='ltr'><strong>ut</strong></span> 
     </span>
    </p>
   </div>
   <div class='ocr_carea' id='block_1_92' title="bbox 2318 1059 3876 1131">
    <p class='ocr_par' dir='ltr' id='par_1_92' title="bbox 2318 1059 3876 1131">
     <span class='ocr_line' id='line_1_92' title="bbox 2318 1059 3876 1131; baseline 0.001 -15"><span class='ocrx_word' id='word_1_661' title='bbox 2318 1064 2497 1116; x_wconf 89' lang='lat' dir='ltr'><strong>etiam</strong></span> <span class='ocrx_word' id='word_1_662' title='bbox 2533 1062 2750 1117; x_wconf 90' lang='lat' dir='ltr'><strong>bestias</strong></span> <span class='ocrx_word' id='word_1_663' title='bbox 2787 1062 3028 1131; x_wconf 90' lang='lat' dir='ltr'><strong>mitiget.</strong></span> <span class='ocrx_word' id='word_1_664' title='bbox 3064 1064 3208 1116; x_wconf 80' lang='lat' dir='ltr'><strong>Nam</strong></span> <span class='ocrx_word' id='word_1_665' title='bbox 3269 1059 3423 1115; x_wconf 84' lang='lat' dir='ltr'><strong>male</strong></span> <span class='ocrx_word' id='word_1_666' title='bbox 3448 1062 3628 1115; x_wconf 86' lang='lat' dir='ltr'><strong>vivere</strong></span> <span class='ocrx_word' id='word_1_667' title='bbox 3654 1062 3876 1127; x_wconf 85' lang='lat' dir='ltr'><strong>volentes,</strong></span> 
     </span>
    </p>
   </div>
   <div class='ocr_carea' id='block_1_93' title="bbox 2318 1131 3880 1204">
    <p class='ocr_par' dir='ltr' id='par_1_93' title="bbox 2318 1131 3880 1204">
     <span class='ocr_line' id='line_1_93' title="bbox 2318 1131 3880 1204; baseline 0.001 -16"><span class='ocrx_word' id='word_1_668' title='bbox 2318 1133 2428 1204; x_wconf 86' lang='lat' dir='ltr'><strong>ipsi</strong></span> <span class='ocrx_word' id='word_1_669' title='bbox 2454 1133 2562 1186; x_wconf 88' lang='lat' dir='ltr'><strong>sibi</strong></span> <span class='ocrx_word' id='word_1_670' title='bbox 2584 1132 2705 1204; x_wconf 84' lang='lat' dir='ltr'><strong>fata</strong></span> <span class='ocrx_word' id='word_1_671' title='bbox 2730 1136 3123 1188; x_wconf 86' lang='lat' dir='ltr'><strong>constituunt.</strong></span> <span class='ocrx_word' id='word_1_672' title='bbox 3162 1136 3264 1186; x_wconf 88' lang='lat' dir='ltr'><strong>Per</strong></span> <span class='ocrx_word' id='word_1_673' title='bbox 3292 1131 3572 1187; x_wconf 83' lang='lat' dir='ltr'><strong>luxuriam</strong></span> <span class='ocrx_word' id='word_1_674' title='bbox 3596 1134 3734 1187; x_wconf 89' lang='lat' dir='ltr'><strong>enim</strong></span> <span class='ocrx_word' id='word_1_675' title='bbox 3758 1142 3880 1190; x_wconf 76' lang='lat' dir='ltr'><strong>eivo-</strong></span> 
     </span>
    </p>
   </div>
   <div class='ocr_carea' id='block_1_94' title="bbox 2318 1203 3882 1276">
    <p class='ocr_par' dir='ltr' id='par_1_94' title="bbox 2318 1203 3882 1276">
     <span class='ocr_line' id='line_1_94' title="bbox 2318 1203 3882 1276; baseline 0.001 -17"><span class='ocrx_word' id='word_1_676' title='bbox 2318 1203 2605 1276; x_wconf 87' lang='lat' dir='ltr'><strong>luptatem</strong></span> <span class='ocrx_word' id='word_1_677' title='bbox 2632 1203 2694 1258; x_wconf 82' lang='lat' dir='ltr'><strong>fit</strong></span> <span class='ocrx_word' id='word_1_678' title='bbox 2724 1205 3183 1276; x_wconf 85' lang='lat' dir='ltr'><strong>intemperantia</strong></span> <span class='ocrx_word' id='word_1_679' title='bbox 3210 1208 3272 1276; x_wconf 78' lang='lat' dir='ltr'><strong>et</strong></span> <span class='ocrx_word' id='word_1_680' title='bbox 3298 1204 3650 1276; x_wconf 88' lang='lat' dir='ltr'><strong>inquietudo,</strong></span> <span class='ocrx_word' id='word_1_681' title='bbox 3674 1220 3788 1275; x_wconf 67' lang='lat' dir='ltr'><strong>quis</strong></span> <span class='ocrx_word' id='word_1_682' title='bbox 3811 1222 3882 1276; x_wconf 83' lang='lat' dir='ltr'><strong>pa-</strong></span> 
     </span>
    </p>
   </div>
   <div class='ocr_carea' id='block_1_95' title="bbox 2318 1273 3880 1331">
    <p class='ocr_par' dir='ltr' id='par_1_95' title="bbox 2318 1273 3880 1331">
     <span class='ocr_line' id='line_1_95' title="bbox 2318 1273 3880 1331; baseline -0.001 0"><span class='ocrx_word' id='word_1_683' title='bbox 2318 1273 2400 1331; x_wconf 51' lang='lat' dir='ltr'><strong>rit&#39;</strong></span> <span class='ocrx_word' id='word_1_684' title='bbox 2425 1273 2924 1330; x_wconf 88' lang='lat' dir='ltr'><strong>incontinentiam</strong></span> <span class='ocrx_word' id='word_1_685' title='bbox 2946 1282 3001 1329; x_wconf 85' lang='lat' dir='ltr'><strong>et</strong></span> <span class='ocrx_word' id='word_1_686' title='bbox 3026 1273 3425 1330; x_wconf 90' lang='lat' dir='ltr'><strong>iracundiam.</strong></span> <span class='ocrx_word' id='word_1_687' title='bbox 3457 1277 3517 1328; x_wconf 85' lang='lat' dir='ltr'><strong>Et</strong></span> <span class='ocrx_word' id='word_1_688' title='bbox 3534 1273 3751 1330; x_wconf 81' lang='lat' dir='ltr'><strong>scientes</strong></span> <span class='ocrx_word' id='word_1_689' title='bbox 3766 1273 3880 1331; x_wconf 78' lang='lat' dir='ltr'><strong>istud</strong></span> 
     </span>
    </p>
   </div>
   <div class='ocr_carea' id='block_1_96' title="bbox 2321 1345 3882 1419">
    <p class='ocr_par' dir='ltr' id='par_1_96' title="bbox 2321 1345 3882 1419">
     <span class='ocr_line' id='line_1_96' title="bbox 2321 1345 3882 1419; baseline 0.001 -18"><span class='ocrx_word' id='word_1_690' title='bbox 2321 1363 2526 1419; x_wconf 70' lang='lat' dir='ltr'><strong>poena</strong></span> <span class='ocrx_word' id='word_1_691' title='bbox 2550 1347 2825 1415; x_wconf 88' lang='lat' dir='ltr'><strong>dignum,</strong></span> <span class='ocrx_word' id='word_1_692' title='bbox 2862 1351 2922 1419; x_wconf 83' lang='lat' dir='ltr'><strong>ut</strong></span> <span class='ocrx_word' id='word_1_693' title='bbox 2971 1347 3270 1419; x_wconf 85' lang='lat' dir='ltr'><strong>immunes</strong></span> <span class='ocrx_word' id='word_1_694' title='bbox 3302 1362 3362 1419; x_wconf 82' lang='lat' dir='ltr'><strong>se</strong></span> <span class='ocrx_word' id='word_1_695' title='bbox 3397 1345 3626 1408; x_wconf 82' lang='lat' dir='ltr'><strong>faciant,</strong></span> <span class='ocrx_word' id='word_1_696' title='bbox 3658 1347 3882 1415; x_wconf 85' lang='lat' dir='ltr'><strong>pudorem</strong></span> 
     </span>
    </p>
   </div>
   <div class='ocr_carea' id='block_1_97' title="bbox 2322 1417 3884 1490">
    <p class='ocr_par' dir='ltr' id='par_1_97' title="bbox 2322 1417 3884 1490">
     <span class='ocr_line' id='line_1_97' title="bbox 2322 1417 3884 1490; baseline 0 -19"><span class='ocrx_word' id='word_1_697' title='bbox 2322 1417 2481 1490; x_wconf 82' lang='lat' dir='ltr'><strong>passi</strong></span> <span class='ocrx_word' id='word_1_698' title='bbox 2508 1418 2639 1490; x_wconf 85' lang='lat' dir='ltr'><strong>fatis</strong></span> <span class='ocrx_word' id='word_1_699' title='bbox 2666 1417 3034 1490; x_wconf 82' lang='lat' dir='ltr'><strong>adscribunt,</strong></span> <span class='ocrx_word' id='word_1_700' title='bbox 3065 1434 3203 1471; x_wconf 92' lang='lat' dir='ltr'><strong>cum</strong></span> <span class='ocrx_word' id='word_1_701' title='bbox 3237 1418 3307 1471; x_wconf 91' lang='lat' dir='ltr'><strong>de</strong></span> <span class='ocrx_word' id='word_1_702' title='bbox 3341 1417 3450 1490; x_wconf 82' lang='lat' dir='ltr'><strong>hac</strong></span> <span class='ocrx_word' id='word_1_703' title='bbox 3479 1418 3884 1490; x_wconf 30' lang='lat' dir='ltr'><strong>re‘cogitautibus</strong></span> 
     </span>
    </p>
   </div>
   <div class='ocr_carea' id='block_1_98' title="bbox 2322 1487 3883 1559">
    <p class='ocr_par' dir='ltr' id='par_1_98' title="bbox 2322 1487 3883 1559">
     <span class='ocr_line' id='line_1_98' title="bbox 2322 1487 3883 1559; baseline -0.001 -14"><span class='ocrx_word' id='word_1_704' title='bbox 2322 1487 2687 1559; x_wconf 83' lang='lat' dir='ltr'><strong>adjutorium</strong></span> <span class='ocrx_word' id='word_1_705' title='bbox 2716 1488 2935 1545; x_wconf 87' lang='lat' dir='ltr'><strong>faciant</strong></span> <span class='ocrx_word' id='word_1_706' title='bbox 2965 1489 3272 1543; x_wconf 68' lang='lat' dir='ltr'><strong>daemones</strong></span> <span class='ocrx_word' id='word_1_707' title='bbox 3293 1489 3433 1559; x_wconf 90' lang='lat' dir='ltr'><strong>quia</strong></span> <span class='ocrx_word' id='word_1_708' title='bbox 3461 1492 3514 1541; x_wconf 89' lang='lat' dir='ltr'><strong>et</strong></span> <span class='ocrx_word' id='word_1_709' title='bbox 3535 1487 3639 1542; x_wconf 89' lang='lat' dir='ltr'><strong>hoc</strong></span> <span class='ocrx_word' id='word_1_710' title='bbox 3660 1493 3883 1553; x_wconf 85' lang='lat' dir='ltr'><strong>statuunt,</strong></span> 
     </span>
    </p>
   </div>
   <div class='ocr_carea' id='block_1_99' title="bbox 2326 1558 3887 1628">
    <p class='ocr_par' dir='ltr' id='par_1_99' title="bbox 2326 1558 3887 1628">
     <span class='ocr_line' id='line_1_99' title="bbox 2326 1558 3887 1628; baseline 0.001 -15"><span class='ocrx_word' id='word_1_711' title='bbox 2326 1568 2385 1615; x_wconf 88' lang='lat' dir='ltr'><strong>ut</strong></span> <span class='ocrx_word' id='word_1_712' title='bbox 2404 1558 2569 1615; x_wconf 88' lang='lat' dir='ltr'><strong>male</strong></span> <span class='ocrx_word' id='word_1_713' title='bbox 2597 1561 2997 1628; x_wconf 85' lang='lat' dir='ltr'><strong>cogitantibus</strong></span> <span class='ocrx_word' id='word_1_714' title='bbox 3025 1561 3288 1615; x_wconf 92' lang='lat' dir='ltr'><strong>tribuant</strong></span> <span class='ocrx_word' id='word_1_715' title='bbox 3316 1558 3581 1613; x_wconf 73' lang='lat' dir='ltr'><strong>effectum</strong></span> <span class='ocrx_word' id='word_1_716' title='bbox 3610 1574 3620 1613; x_wconf 91' lang='lat'>:</span> <span class='ocrx_word' id='word_1_717' title='bbox 3653 1560 3770 1614; x_wconf 87' lang='lat' dir='ltr'><strong>istos</strong></span> <span class='ocrx_word' id='word_1_718' title='bbox 3800 1560 3887 1615; x_wconf 80' lang='lat' dir='ltr'><strong>fata</strong></span> 
     </span>
    </p>
   </div>
   <div class='ocr_carea' id='block_1_100' title="bbox 2322 1630 3887 1703">
    <p class='ocr_par' dir='ltr' id='par_1_100' title="bbox 2322 1630 3887 1703">
     <span class='ocr_line' id='line_1_100' title="bbox 2322 1630 3887 1703; baseline -0.001 -16"><span class='ocrx_word' id='word_1_719' title='bbox 2322 1632 2647 1703; x_wconf 90' lang='lat' dir='ltr'><strong>appellant,</strong></span> <span class='ocrx_word' id='word_1_720' title='bbox 2680 1632 3203 1700; x_wconf 84' lang='lat' dir='ltr'><strong>nonintelligeutes</strong></span> <span class='ocrx_word' id='word_1_721' title='bbox 3229 1631 3383 1703; x_wconf 86' lang='lat' dir='ltr'><strong>quia</strong></span> <span class='ocrx_word' id='word_1_722' title='bbox 3402 1636 3533 1703; x_wconf 87' lang='lat' dir='ltr'><strong>sunt</strong></span> <span class='ocrx_word' id='word_1_723' title='bbox 3560 1630 3783 1684; x_wconf 84' lang='lat' dir='ltr'><strong>hominis</strong></span> <span class='ocrx_word' id='word_1_724' title='bbox 3811 1633 3887 1685; x_wconf 86' lang='lat' dir='ltr'><strong>ini-</strong></span> 
     </span>
    </p>
   </div>
   <div class='ocr_carea' id='block_1_101' title="bbox 2324 1702 3887 1775">
    <p class='ocr_par' dir='ltr' id='par_1_101' title="bbox 2324 1702 3887 1775">
     <span class='ocr_line' id='line_1_101' title="bbox 2324 1702 3887 1775; baseline 0.001 -18"><span class='ocrx_word' id='word_1_725' title='bbox 2324 1704 2477 1757; x_wconf 80' lang='lat' dir='ltr'><strong>mici.</strong></span> <span class='ocrx_word' id='word_1_726' title='bbox 2510 1707 2655 1758; x_wconf 86' lang='lat' dir='ltr'><strong>Nam</strong></span> <span class='ocrx_word' id='word_1_727' title='bbox 2684 1705 2730 1757; x_wconf 91' lang='lat' dir='ltr'><strong>si</strong></span> <span class='ocrx_word' id='word_1_728' title='bbox 2771 1719 3122 1775; x_wconf 81' lang='lat' dir='ltr'><strong>persensus</strong></span> <span class='ocrx_word' id='word_1_729' title='bbox 3150 1718 3269 1757; x_wconf 92' lang='lat' dir='ltr'><strong>non</strong></span> <span class='ocrx_word' id='word_1_730' title='bbox 3299 1702 3682 1756; x_wconf 85' lang='lat' dir='ltr'><strong>subintrarent</strong></span> <span class='ocrx_word' id='word_1_731' title='bbox 3703 1711 3887 1771; x_wconf 83' lang='lat' dir='ltr'><strong>peccata</strong></span> 
     </span>
    </p>
   </div>
   <div class='ocr_carea' id='block_1_102' title="bbox 2322 1774 3888 1839">
    <p class='ocr_par' dir='ltr' id='par_1_102' title="bbox 2322 1774 3888 1839">
     <span class='ocr_line' id='line_1_102' title="bbox 2322 1774 3888 1839; baseline -0.001 -10"><span class='ocrx_word' id='word_1_732' title='bbox 2322 1776 2397 1829; x_wconf 89' lang='lat' dir='ltr'><strong>ad</strong></span> <span class='ocrx_word' id='word_1_733' title='bbox 2432 1776 2718 1839; x_wconf 89' lang='lat' dir='ltr'><strong>animam,</strong></span> <span class='ocrx_word' id='word_1_734' title='bbox 2745 1776 2848 1829; x_wconf 87' lang='lat' dir='ltr'><strong>sed</strong></span> <span class='ocrx_word' id='word_1_735' title='bbox 2870 1774 2945 1829; x_wconf 91' lang='lat' dir='ltr'><strong>de</strong></span> <span class='ocrx_word' id='word_1_736' title='bbox 2985 1775 3143 1828; x_wconf 89' lang='lat' dir='ltr'><strong>intus</strong></span> <span class='ocrx_word' id='word_1_737' title='bbox 3171 1779 3573 1837; x_wconf 82' lang='lat' dir='ltr'><strong>nascerentur,</strong></span> <span class='ocrx_word' id='word_1_738' title='bbox 3595 1780 3729 1827; x_wconf 87' lang='lat' dir='ltr'><strong>recte</strong></span> <span class='ocrx_word' id='word_1_739' title='bbox 3755 1790 3888 1827; x_wconf 85' lang='lat' dir='ltr'><strong>omne</strong></span> 
     </span>
    </p>
   </div>
   <div class='ocr_carea' id='block_1_103' title="bbox 2321 1844 3888 1917">
    <p class='ocr_par' dir='ltr' id='par_1_103' title="bbox 2321 1844 3888 1917">
     <span class='ocr_line' id='line_1_103' title="bbox 2321 1844 3888 1917; baseline -0.001 -18"><span class='ocrx_word' id='word_1_740' title='bbox 2321 1846 2483 1917; x_wconf 90' lang='lat' dir='ltr'><strong>quod</strong></span> <span class='ocrx_word' id='word_1_741' title='bbox 2555 1846 2940 1917; x_wconf 86' lang='lat' dir='ltr'><strong>delinquitur,</strong></span> <span class='ocrx_word' id='word_1_742' title='bbox 2996 1846 3253 1917; x_wconf 84' lang='lat' dir='ltr'><strong>fatorum</strong></span> <span class='ocrx_word' id='word_1_743' title='bbox 3294 1844 3888 1917; x_wconf 17' lang='lat' dir='ltr'><strong>essebvidereturzcutn</strong></span> 
     </span>
    </p>
   </div>
   <div class='ocr_carea' id='block_1_104' title="bbox 2323 1914 3890 1988">
    <p class='ocr_par' dir='ltr' id='par_1_104' title="bbox 2323 1914 3890 1988">
     <span class='ocr_line' id='line_1_104' title="bbox 2323 1914 3890 1988; baseline -0.002 -16"><span class='ocrx_word' id='word_1_744' title='bbox 2323 1914 2521 1972; x_wconf 78' lang='lat' dir='ltr'><strong>autem</strong></span> <span class='ocrx_word' id='word_1_745' title='bbox 2555 1914 2812 1987; x_wconf 80' lang='lat' dir='ltr'><strong>videant,</strong></span> <span class='ocrx_word' id='word_1_746' title='bbox 2858 1932 2963 1988; x_wconf 93' lang='lat' dir='ltr'><strong>per</strong></span> <span class='ocrx_word' id='word_1_747' title='bbox 3002 1916 3193 1971; x_wconf 91' lang='lat' dir='ltr'><strong>visum</strong></span> <span class='ocrx_word' id='word_1_748' title='bbox 3233 1920 3290 1971; x_wconf 90' lang='lat' dir='ltr'><strong>et</strong></span> <span class='ocrx_word' id='word_1_749' title='bbox 3318 1914 3582 1971; x_wconf 89' lang='lat' dir='ltr'><strong>auditum</strong></span> <span class='ocrx_word' id='word_1_750' title='bbox 3617 1922 3665 1969; x_wconf 90' lang='lat' dir='ltr'><strong>et</strong></span> <span class='ocrx_word' id='word_1_751' title='bbox 3694 1931 3779 1985; x_wconf 89' lang='lat' dir='ltr'><strong>per</strong></span> <span class='ocrx_word' id='word_1_752' title='bbox 3798 1916 3890 1969; x_wconf 87' lang='lat' dir='ltr'><strong>reli-</strong></span> 
     </span>
    </p>
   </div>
   <div class='ocr_carea' id='block_1_105' title="bbox 2321 1988 3891 2065">
    <p class='ocr_par' dir='ltr' id='par_1_105' title="bbox 2321 1988 3891 2065">
     <span class='ocr_line' id='line_1_105' title="bbox 2321 1988 3891 2065; baseline 0 -24"><span class='ocrx_word' id='word_1_753' title='bbox 2321 2004 2475 2065; x_wconf 79' lang='lat' dir='ltr'><strong>quos</strong></span> <span class='ocrx_word' id='word_1_754' title='bbox 2524 2004 2738 2065; x_wconf 75' lang='lat' dir='ltr'><strong>sensus</strong></span> <span class='ocrx_word' id='word_1_755' title='bbox 2770 1989 2950 2065; x_wconf 79' lang='lat' dir='ltr'><strong>nasci</strong></span> <span class='ocrx_word' id='word_1_756' title='bbox 2992 1988 3535 2065; x_wconf 79' lang='lat' dir='ltr'><strong>concupiscentiam</strong></span> <span class='ocrx_word' id='word_1_757' title='bbox 3582 1993 3891 2065; x_wconf 73' lang='lat' dir='ltr'><strong>peccatorum</strong></span> 
     </span>
    </p>
   </div>
   <div class='ocr_carea' id='block_1_106' title="bbox 2326 2057 3889 2137">
    <p class='ocr_par' dir='ltr' id='par_1_106' title="bbox 2326 2057 3889 2137">
     <span class='ocr_line' id='line_1_106' title="bbox 2326 2057 3889 2137; baseline -0.002 -24"><span class='ocrx_word' id='word_1_758' title='bbox 2326 2057 2775 2137; x_wconf 79' lang='lat' dir='ltr'><strong>(adjuvantibus</strong></span> <span class='ocrx_word' id='word_1_759' title='bbox 2790 2060 3043 2137; x_wconf 90' lang='lat' dir='ltr'><strong>inimicis</strong></span> <span class='ocrx_word' id='word_1_760' title='bbox 3060 2060 3157 2129; x_wconf 91' lang='lat' dir='ltr'><strong>qui</strong></span> <span class='ocrx_word' id='word_1_761' title='bbox 3173 2057 3593 2137; x_wconf 85' lang='lat' dir='ltr'><strong>suggesserunt</strong></span> <span class='ocrx_word' id='word_1_762' title='bbox 3616 2057 3889 2137; x_wconf 73' lang='lat' dir='ltr'><strong>faciendum</strong></span> 
     </span>
    </p>
   </div>
   <div class='ocr_carea' id='block_1_107' title="bbox 2371 2129 3887 2200">
    <p class='ocr_par' dir='ltr' id='par_1_107' title="bbox 2371 2129 3887 2200">
     <span class='ocr_line' id='line_1_107' title="bbox 2371 2129 3887 2200; baseline -0.001 -17"><span class='ocrx_word' id='word_1_763' title='bbox 2371 2130 2488 2185; x_wconf 90' lang='lat' dir='ltr'><strong>uod</strong></span> <span class='ocrx_word' id='word_1_764' title='bbox 2522 2132 2885 2186; x_wconf 88' lang='lat' dir='ltr'><strong>contrarium</strong></span> <span class='ocrx_word' id='word_1_765' title='bbox 2910 2136 3027 2194; x_wconf 89' lang='lat' dir='ltr'><strong>est;</strong></span> <span class='ocrx_word' id='word_1_766' title='bbox 3049 2137 3105 2186; x_wconf 93' lang='lat' dir='ltr'><strong>et</strong></span> <span class='ocrx_word' id='word_1_767' title='bbox 3121 2146 3243 2185; x_wconf 91' lang='lat' dir='ltr'><strong>non</strong></span> <span class='ocrx_word' id='word_1_768' title='bbox 3260 2135 3501 2199; x_wconf 89' lang='lat' dir='ltr'><strong>putatur</strong></span> <span class='ocrx_word' id='word_1_769' title='bbox 3519 2129 3887 2200; x_wconf 81' lang='lat' dir='ltr'><strong>quamdiutiat:</strong></span> 
     </span>
    </p>
   </div>
   <div class='ocr_carea' id='block_1_108' title="bbox 2322 2147 3887 2280">
    <p class='ocr_par' dir='ltr' id='par_1_108' title="bbox 2322 2147 3887 2280">
     <span class='ocr_line' id='line_1_108' title="bbox 2371 2147 3887 2200; baseline -0.001 -17"><span class='ocrx_word' id='word_1_770' title='bbox 2371 2147 2488 2185; x_wconf 90' lang='lat' dir='ltr'><strong>uoa</strong></span> <span class='ocrx_word' id='word_1_771' title='bbox 2522 2147 2885 2186; x_wconf 81' lang='lat' dir='ltr'><strong>contrarium</strong></span> <span class='ocrx_word' id='word_1_772' title='bbox 2910 2147 3027 2194; x_wconf 84' lang='lat' dir='ltr'><strong>est;</strong></span> <span class='ocrx_word' id='word_1_773' title='bbox 3049 2147 3243 2186; x_wconf 81' lang='lat' dir='ltr'><strong>etnon</strong></span> <span class='ocrx_word' id='word_1_774' title='bbox 3260 2147 3501 2199; x_wconf 77' lang='lat' dir='ltr'><strong>putatur</strong></span> <span class='ocrx_word' id='word_1_775' title='bbox 3519 2147 3887 2200; x_wconf 77' lang='lat' dir='ltr'><strong>quamuninat:</strong></span> 
     </span>
     <span class='ocr_line' id='line_1_109' title="bbox 2322 2147 3887 2280; baseline -0.002 -24"><span class='ocrx_word' id='word_1_776' title='bbox 2322 2147 2494 2280; x_wconf 66' lang='lat' dir='ltr'><strong>dulce</strong></span> <span class='ocrx_word' id='word_1_777' title='bbox 2531 2202 2709 2280; x_wconf 86' lang='lat' dir='ltr'><strong>enim</strong></span> <span class='ocrx_word' id='word_1_778' title='bbox 2760 2202 2995 2280; x_wconf 86' lang='lat' dir='ltr'><strong>videtur</strong></span> <span class='ocrx_word' id='word_1_779' title='bbox 3037 2218 3170 2280; x_wconf 89' lang='lat' dir='ltr'><strong>cum</strong></span> <span class='ocrx_word' id='word_1_780' title='bbox 3220 2201 3305 2266; x_wconf 82' lang='lat' dir='ltr'><strong>ﬁt,</strong></span> <span class='ocrx_word' id='word_1_781' title='bbox 3340 2208 3442 2257; x_wconf 88' lang='lat' dir='ltr'><strong>aut</strong></span> <span class='ocrx_word' id='word_1_782' title='bbox 3478 2206 3767 2280; x_wconf 69' lang='lat' dir='ltr'><strong>antequam</strong></span> <span class='ocrx_word' id='word_1_783' title='bbox 3792 2200 3887 2280; x_wconf 66' lang='lat' dir='ltr'><strong>fiat;</strong></span> 
     </span>
    </p>
   </div>
   <div class='ocr_carea' id='block_1_109' title="bbox 2322 2270 3888 2353">
    <p class='ocr_par' dir='ltr' id='par_1_109' title="bbox 2322 2270 3888 2353">
     <span class='ocr_line' id='line_1_110' title="bbox 2322 2270 3888 2353; baseline -0.003 -26"><span class='ocrx_word' id='word_1_784' title='bbox 2322 2273 2882 2353; x_wconf 32' lang='lat' dir='ltr'><strong>perfectumhautem</strong></span> <span class='ocrx_word' id='word_1_785' title='bbox 2897 2270 3772 2353; x_wconf 24' lang='lat' dir='ltr'><strong>apparetesse‘amar-um),quid</strong></span> <span class='ocrx_word' id='word_1_786' title='bbox 3794 2271 3888 2353; x_wconf 75' lang='lat' dir='ltr'><strong>fatis</strong></span> 
     </span>
    </p>
   </div>
   <div class='ocr_carea' id='block_1_110' title="bbox 2322 2342 3889 2422">
    <p class='ocr_par' dir='ltr' id='par_1_110' title="bbox 2322 2342 3889 2422">
     <span class='ocr_line' id='line_1_111' title="bbox 2322 2342 3889 2422; baseline -0.001 -24"><span class='ocrx_word' id='word_1_787' title='bbox 2322 2342 2677 2422; x_wconf 67' lang='lat' dir='ltr'><strong>imputant?</strong></span> <span class='ocrx_word' id='word_1_788' title='bbox 2709 2347 2856 2422; x_wconf 78' lang='lat' dir='ltr'><strong>Quia</strong></span> <span class='ocrx_word' id='word_1_789' title='bbox 2891 2342 3094 2422; x_wconf 82' lang='lat' dir='ltr'><strong>autem</strong></span> <span class='ocrx_word' id='word_1_790' title='bbox 3126 2349 3321 2422; x_wconf 83' lang='lat' dir='ltr'><strong>potest</strong></span> <span class='ocrx_word' id='word_1_791' title='bbox 3349 2343 3521 2422; x_wconf 67' lang='lat' dir='ltr'><strong>vinci,</strong></span> <span class='ocrx_word' id='word_1_792' title='bbox 3551 2342 3889 2422; x_wconf 76' lang='lat' dir='ltr'><strong>hinc_adverti-</strong></span> 
     </span>
    </p>
   </div>
   <div class='ocr_carea' id='block_1_111' title="bbox 2325 2413 3888 2494">
    <p class='ocr_par' dir='ltr' id='par_1_111' title="bbox 2325 2413 3888 2494">
     <span class='ocr_line' id='line_1_112' title="bbox 2325 2413 3888 2494; baseline -0.003 -25"><span class='ocrx_word' id='word_1_793' title='bbox 2325 2413 2477 2494; x_wconf 68' lang='lat' dir='ltr'><strong>mtis.</strong></span> <span class='ocrx_word' id='word_1_794' title='bbox 2498 2417 2918 2494; x_wconf 83' lang='lat' dir='ltr'><strong>_C_ogit_antib_us</strong></span> <span class='ocrx_word' id='word_1_795' title='bbox 2948 2413 3165 2494; x_wconf 83' lang='lat' dir='ltr'><strong>etenim</strong></span> <span class='ocrx_word' id='word_1_796' title='bbox 3216 2415 3414 2494; x_wconf 37' lang='lat' dir='ltr'><strong>nobis.</strong></span> <span class='ocrx_word' id='word_1_797' title='bbox 3447 2420 3501 2468; x_wconf 91' lang='lat' dir='ltr'><strong>et</strong></span> <span class='ocrx_word' id='word_1_798' title='bbox 3523 2413 3814 2494; x_wconf 37' lang='lat' dir='ltr'><strong>.deal‘iqua</strong></span> <span class='ocrx_word' id='word_1_799' title='bbox 3848 2428 3888 2465; x_wconf 85' lang='lat' dir='ltr'><strong>re</strong></span> 
     </span>
    </p>
   </div>
   <div class='ocr_carea' id='block_1_112' title="bbox 2323 2484 3889 2566">
    <p class='ocr_par' dir='ltr' id='par_1_112' title="bbox 2323 2484 3889 2566">
     <span class='ocr_line' id='line_1_113' title="bbox 2323 2484 3889 2566; baseline -0.003 -25"><span class='ocrx_word' id='word_1_800' title='bbox 2323 2484 2613 2566; x_wconf 78' lang='lat' dir='ltr'><strong>sollicitis,</strong></span> <span class='ocrx_word' id='word_1_801' title='bbox 2635 2488 2807 2566; x_wconf 87' lang='lat' dir='ltr'><strong>silent</strong></span> <span class='ocrx_word' id='word_1_802' title='bbox 2838 2488 3082 2552; x_wconf 89' lang='lat' dir='ltr'><strong>inimici,</strong></span> <span class='ocrx_word' id='word_1_803' title='bbox 3110 2492 3165 2543; x_wconf 89' lang='lat' dir='ltr'><strong>et</strong></span> <span class='ocrx_word' id='word_1_804' title='bbox 3194 2485 3560 2566; x_wconf 78' lang='lat' dir='ltr'><strong>conquiescit</strong></span> <span class='ocrx_word' id='word_1_805' title='bbox 3574 2484 3743 2566; x_wconf 67' lang='lat' dir='ltr'><strong>libtdo</strong></span> <span class='ocrx_word' id='word_1_806' title='bbox 3770 2498 3779 2535; x_wconf 93' lang='lat'>:</span> <span class='ocrx_word' id='word_1_807' title='bbox 3807 2499 3889 2566; x_wconf 74' lang='lat' dir='ltr'><strong>non</strong></span> 
     </span>
    </p>
   </div>
   <div class='ocr_carea' id='block_1_113' title="bbox 2321 2554 3888 2633">
    <p class='ocr_par' dir='ltr' id='par_1_113' title="bbox 2321 2554 3888 2633">
     <span class='ocr_line' id='line_1_114' title="bbox 2321 2554 3888 2633; baseline -0.003 -22"><span class='ocrx_word' id='word_1_808' title='bbox 2321 2559 2479 2633; x_wconf 82' lang='lat' dir='ltr'><strong>enim</strong></span> <span class='ocrx_word' id='word_1_809' title='bbox 2494 2564 2758 2633; x_wconf 85' lang='lat' dir='ltr'><strong>possunt</strong></span> <span class='ocrx_word' id='word_1_810' title='bbox 2780 2574 3096 2627; x_wconf 80' lang='lat' dir='ltr'><strong>suggerere</strong></span> <span class='ocrx_word' id='word_1_811' title='bbox 3110 2554 3430 2633; x_wconf 76' lang='lat' dir='ltr'><strong>occupatis</strong></span> <span class='ocrx_word' id='word_1_812' title='bbox 3452 2556 3635 2633; x_wconf 55' lang='lat' dir='ltr'><strong>nobis:</strong></span> <span class='ocrx_word' id='word_1_813' title='bbox 3656 2554 3888 2633; x_wconf 65' lang='lat' dir='ltr'><strong>Numquid</strong></span> 
     </span>
    </p>
   </div>
   <div class='ocr_carea' id='block_1_114' title="bbox 2320 2625 3888 2705">
    <p class='ocr_par' dir='ltr' id='par_1_114' title="bbox 2320 2625 3888 2705">
     <span class='ocr_line' id='line_1_115' title="bbox 2320 2625 3888 2705; baseline -0.003 -22"><span class='ocrx_word' id='word_1_814' title='bbox 2320 2625 2536 2705; x_wconf 79' lang='lat' dir='ltr'><strong>aliquis</strong></span> <span class='ocrx_word' id='word_1_815' title='bbox 2551 2631 2625 2705; x_wconf 83' lang='lat' dir='ltr'><strong>ad</strong></span> <span class='ocrx_word' id='word_1_816' title='bbox 2641 2630 2758 2705; x_wconf 87' lang='lat' dir='ltr'><strong>aliq</strong></span> <span class='ocrx_word' id='word_1_817' title='bbox 2770 2625 2917 2685; x_wconf 23' lang='lat' dir='ltr'><strong>uam’</strong></span> <span class='ocrx_word' id='word_1_818' title='bbox 2933 2646 3056 2685; x_wconf 89' lang='lat' dir='ltr'><strong>rem</strong></span> <span class='ocrx_word' id='word_1_819' title='bbox 3072 2630 3249 2685; x_wconf 88' lang='lat' dir='ltr'><strong>alicui</strong></span> <span class='ocrx_word' id='word_1_820' title='bbox 3263 2625 3888 2705; x_wconf 60' lang='lat' dir='ltr'><strong>deditoaliudsnggeritt</strong></span> 
     </span>
    </p>
   </div>
   <div class='ocr_carea' id='block_1_115' title="bbox 2318 2700 3890 2779">
    <p class='ocr_par' dir='ltr' id='par_1_115' title="bbox 2318 2700 3890 2779">
     <span class='ocr_line' id='line_1_116' title="bbox 2318 2700 3890 2779; baseline -0.003 -24"><span class='ocrx_word' id='word_1_821' title='bbox 2318 2700 2447 2755; x_wconf 87' lang='lat' dir='ltr'><strong>Non</strong></span> <span class='ocrx_word' id='word_1_822' title='bbox 2480 2700 2636 2779; x_wconf 66' lang='lat' dir='ltr'><strong>facit,</strong></span> <span class='ocrx_word' id='word_1_823' title='bbox 2668 2701 2862 2756; x_wconf 89' lang='lat' dir='ltr'><strong>sciens</strong></span> <span class='ocrx_word' id='word_1_824' title='bbox 2889 2707 2991 2756; x_wconf 90' lang='lat' dir='ltr'><strong>aut</strong></span> <span class='ocrx_word' id='word_1_825' title='bbox 3023 2717 3087 2756; x_wconf 91' lang='lat' dir='ltr'><strong>se</strong></span> <span class='ocrx_word' id='word_1_826' title='bbox 3139 2717 3261 2757; x_wconf 91' lang='lat' dir='ltr'><strong>non</strong></span> <span class='ocrx_word' id='word_1_827' title='bbox 3295 2700 3530 2779; x_wconf 50' lang='lat' dir='ltr'><strong>audiri,</strong></span> <span class='ocrx_word' id='word_1_828' title='bbox 3562 2703 3657 2779; x_wconf 78' lang='lat' dir='ltr'><strong>aut</strong></span> <span class='ocrx_word' id='word_1_829' title='bbox 3693 2700 3890 2779; x_wconf 80' lang='lat' dir='ltr'><strong>aporiari</strong></span> 
     </span>
    </p>
   </div>
   <div class='ocr_carea' id='block_1_116' title="bbox 2319 2774 3890 2850">
    <p class='ocr_par' dir='ltr' id='par_1_116' title="bbox 2319 2774 3890 2850">
     <span class='ocr_line' id='line_1_117' title="bbox 2319 2774 3890 2850; baseline -0.004 -23"><span class='ocrx_word' id='word_1_830' title='bbox 2319 2774 2490 2850; x_wconf 89' lang='lat' dir='ltr'><strong>quasi</strong></span> <span class='ocrx_word' id='word_1_831' title='bbox 2520 2774 2857 2850; x_wconf 83' lang='lat' dir='ltr'><strong>importune</strong></span> <span class='ocrx_word' id='word_1_832' title='bbox 2886 2779 3328 2850; x_wconf 76' lang='lat' dir='ltr'><strong>suggerentem.</strong></span> <span class='ocrx_word' id='word_1_833' title='bbox 3364 2775 3448 2850; x_wconf 83' lang='lat' dir='ltr'><strong>ita</strong></span> <span class='ocrx_word' id='word_1_834' title='bbox 3484 2774 3757 2850; x_wconf 56' lang='lat' dir='ltr'><strong>etinimici</strong></span> <span class='ocrx_word' id='word_1_835' title='bbox 3780 2784 3890 2839; x_wconf 88' lang='lat' dir='ltr'><strong>quos</strong></span> 
     </span>
    </p>
   </div>
   <div class='ocr_carea' id='block_1_117' title="bbox 2319 2842 3889 2908">
    <p class='ocr_par' dir='ltr' id='par_1_117' title="bbox 2319 2842 3889 2908">
     <span class='ocr_line' id='line_1_118' title="bbox 2319 2842 3889 2908; baseline -0.001 -10"><span class='ocrx_word' id='word_1_836' title='bbox 2319 2842 2554 2898; x_wconf 77' lang='lat' dir='ltr'><strong>constat</strong></span> <span class='ocrx_word' id='word_1_837' title='bbox 2586 2842 2716 2897; x_wconf 84' lang='lat' dir='ltr'><strong>esse</strong></span> <span class='ocrx_word' id='word_1_838' title='bbox 2738 2842 3074 2908; x_wconf 44' lang='lat' dir='ltr'><strong>daemones;</strong></span> <span class='ocrx_word' id='word_1_839' title='bbox 3097 2844 3133 2898; x_wconf 93' lang='lat' dir='ltr'><strong>ii</strong></span> <span class='ocrx_word' id='word_1_840' title='bbox 3150 2842 3889 2908; x_wconf 79' lang='lat' dir='ltr'><strong>suntenimdiiPaganorum.</strong></span> 
     </span>
    </p>
   </div>
   <div class='ocr_carea' id='block_1_118' title="bbox 2319 2915 3891 2992">
    <p class='ocr_par' dir='ltr' id='par_1_118' title="bbox 2319 2915 3891 2992">
     <span class='ocr_line' id='line_1_119' title="bbox 2319 2915 3891 2992; baseline -0.004 -23"><span class='ocrx_word' id='word_1_841' title='bbox 2319 2917 2419 2992; x_wconf 87' lang='lat' dir='ltr'><strong>qui</strong></span> <span class='ocrx_word' id='word_1_842' title='bbox 2446 2916 2493 2969; x_wconf 90' lang='lat' dir='ltr'><strong>si</strong></span> <span class='ocrx_word' id='word_1_843' title='bbox 2526 2915 3010 2992; x_wconf 81' lang='lat' dir='ltr'><strong>viderintdivinis</strong></span> <span class='ocrx_word' id='word_1_844' title='bbox 3039 2916 3218 2971; x_wconf 91' lang='lat' dir='ltr'><strong>rebus</strong></span> <span class='ocrx_word' id='word_1_845' title='bbox 3244 2931 3355 2971; x_wconf 89' lang='lat' dir='ltr'><strong>nos</strong></span> <span class='ocrx_word' id='word_1_846' title='bbox 3386 2920 3891 2992; x_wconf 70' lang='lat' dir='ltr'><strong>occupatos,_nonse</strong></span> 
     </span>
    </p>
   </div>
   <div class='ocr_carea' id='block_1_119' title="bbox 2320 2982 3891 3059">
    <p class='ocr_par' dir='ltr' id='par_1_119' title="bbox 2320 2982 3891 3059">
     <span class='ocr_line' id='line_1_120' title="bbox 2320 2982 3891 3059; baseline -0.006 -19"><span class='ocrx_word' id='word_1_847' title='bbox 2320 2982 2691 3055; x_wconf 76' lang='lat' dir='ltr'><strong>ihgeruntad</strong></span> <span class='ocrx_word' id='word_1_848' title='bbox 2717 2987 3017 3042; x_wconf 87' lang='lat' dir='ltr'><strong>contraria</strong></span> <span class='ocrx_word' id='word_1_849' title='bbox 3062 2986 3481 3059; x_wconf 72' lang='lat' dir='ltr'><strong>suggerenda,</strong></span> <span class='ocrx_word' id='word_1_850' title='bbox 3508 2982 3604 3037; x_wconf 86' lang='lat' dir='ltr'><strong>sed</strong></span> <span class='ocrx_word' id='word_1_851' title='bbox 3637 2984 3687 3039; x_wconf 86' lang='lat' dir='ltr'><strong>in</strong></span> <span class='ocrx_word' id='word_1_852' title='bbox 3718 2982 3891 3059; x_wconf 66' lang='lat' dir='ltr'><strong>insidiis</strong></span> 
     </span>
    </p>
   </div>
   <div class='ocr_carea' id='block_1_120' title="bbox 2320 3055 3892 3133">
    <p class='ocr_par' dir='ltr' id='par_1_120' title="bbox 2320 3055 3892 3133">
     <span class='ocr_line' id='line_1_121' title="bbox 2320 3055 3892 3133; baseline -0.005 -22"><span class='ocrx_word' id='word_1_853' title='bbox 2320 3063 2456 3112; x_wconf 90' lang='lat' dir='ltr'><strong>sunt</strong></span> <span class='ocrx_word' id='word_1_854' title='bbox 2482 3063 2813 3129; x_wconf 71' lang='lat' dir='ltr'><strong>quaerentes</strong></span> <span class='ocrx_word' id='word_1_855' title='bbox 2845 3055 3222 3133; x_wconf 84' lang='lat' dir='ltr'><strong>occasionem</strong></span> <span class='ocrx_word' id='word_1_856' title='bbox 3239 3056 3735 3133; x_wconf 80' lang='lat' dir='ltr'><strong>qua__seingeran_t.</strong></span> <span class='ocrx_word' id='word_1_857' title='bbox 3762 3055 3892 3133; x_wconf 69' lang='lat' dir='ltr'><strong>hinni-</strong></span> 
     </span>
    </p>
   </div>
   <div class='ocr_carea' id='block_1_121' title="bbox 2322 3125 3891 3207">
    <p class='ocr_par' dir='ltr' id='par_1_121' title="bbox 2322 3125 3891 3207">
     <span class='ocr_line' id='line_1_122' title="bbox 2322 3125 3891 3207; baseline -0.005 -25"><span class='ocrx_word' id='word_1_858' title='bbox 2322 3125 2521 3207; x_wconf 80' lang='lat' dir='ltr'><strong>menta</strong></span> <span class='ocrx_word' id='word_1_859' title='bbox 2550 3144 2687 3197; x_wconf 83' lang='lat' dir='ltr'><strong>ergo</strong></span> <span class='ocrx_word' id='word_1_860' title='bbox 2719 3134 2859 3207; x_wconf 83' lang='lat' dir='ltr'><strong>sunt</strong></span> <span class='ocrx_word' id='word_1_861' title='bbox 2888 3130 3231 3207; x_wconf 74' lang='lat' dir='ltr'><strong>animorum</strong></span> <span class='ocrx_word' id='word_1_862' title='bbox 3251 3125 3891 3207; x_wconf 73' lang='lat' dir='ltr'><strong>meditatioassidnalegis</strong></span> 
     </span>
    </p>
   </div>
   <div class='ocr_carea' id='block_1_122' title="bbox 2321 3198 3891 3271">
    <p class='ocr_par' dir='ltr' id='par_1_122' title="bbox 2321 3198 3891 3271">
     <span class='ocr_line' id='line_1_123' title="bbox 2321 3198 3891 3271; baseline -0.004 -17"><span class='ocrx_word' id='word_1_863' title='bbox 2321 3201 2418 3255; x_wconf 90' lang='lat' dir='ltr'><strong>Dei</strong></span> <span class='ocrx_word' id='word_1_864' title='bbox 2450 3206 2504 3254; x_wconf 89' lang='lat' dir='ltr'><strong>et</strong></span> <span class='ocrx_word' id='word_1_865' title='bbox 2534 3201 2804 3270; x_wconf 91' lang='lat' dir='ltr'><strong>operatio</strong></span> <span class='ocrx_word' id='word_1_866' title='bbox 2839 3217 2851 3265; x_wconf 93' lang='lat'>;</span> <span class='ocrx_word' id='word_1_867' title='bbox 2884 3202 3027 3271; x_wconf 90' lang='lat' dir='ltr'><strong>quia</strong></span> <span class='ocrx_word' id='word_1_868' title='bbox 3057 3201 3103 3255; x_wconf 91' lang='lat' dir='ltr'><strong>si</strong></span> <span class='ocrx_word' id='word_1_869' title='bbox 3131 3201 3357 3271; x_wconf 89' lang='lat' dir='ltr'><strong>otiosos</strong></span> <span class='ocrx_word' id='word_1_870' title='bbox 3398 3198 3891 3271; x_wconf 11' lang='lat' dir='ltr'><strong>nostviderintatref</strong></span> 
     </span>
    </p>
   </div>
   <div class='ocr_carea' id='block_1_123' title="bbox 2319 3268 3892 3345">
    <p class='ocr_par' dir='ltr' id='par_1_123' title="bbox 2319 3268 3892 3345">
     <span class='ocr_line' id='line_1_124' title="bbox 2319 3268 3892 3345; baseline -0.003 -21"><span class='ocrx_word' id='word_1_871' title='bbox 2319 3272 2425 3345; x_wconf 84' lang='lat' dir='ltr'><strong>bus</strong></span> <span class='ocrx_word' id='word_1_872' title='bbox 2450 3268 2690 3333; x_wconf 82' lang='lat' dir='ltr'><strong>divinis,</strong></span> <span class='ocrx_word' id='word_1_873' title='bbox 2721 3268 3054 3327; x_wconf 78' lang='lat' dir='ltr'><strong>excitantur</strong></span> <span class='ocrx_word' id='word_1_874' title='bbox 3084 3272 3160 3327; x_wconf 86' lang='lat' dir='ltr'><strong>ad</strong></span> <span class='ocrx_word' id='word_1_875' title='bbox 3193 3269 3599 3345; x_wconf 88' lang='lat' dir='ltr'><strong>sollicitandos</strong></span> <span class='ocrx_word' id='word_1_876' title='bbox 3656 3282 3783 3345; x_wconf 57' lang='lat' dir='ltr'><strong>nos.</strong></span> <span class='ocrx_word' id='word_1_877' title='bbox 3812 3268 3892 3345; x_wconf 79' lang='lat' dir='ltr'><strong>Ipsi</strong></span> 
     </span>
    </p>
   </div>
   <div class='ocr_carea' id='block_1_124' title="bbox 2317 3341 3892 3413">
    <p class='ocr_par' dir='ltr' id='par_1_124' title="bbox 2317 3341 3892 3413">
     <span class='ocr_line' id='line_1_125' title="bbox 2317 3341 3892 3413; baseline -0.006 -17"><span class='ocrx_word' id='word_1_878' title='bbox 2317 3343 2634 3397; x_wconf 91' lang='lat' dir='ltr'><strong>enimsunt</strong></span> <span class='ocrx_word' id='word_1_879' title='bbox 2667 3345 2768 3413; x_wconf 94' lang='lat' dir='ltr'><strong>qui</strong></span> <span class='ocrx_word' id='word_1_880' title='bbox 2812 3359 2914 3412; x_wconf 91' lang='lat' dir='ltr'><strong>per</strong></span> <span class='ocrx_word' id='word_1_881' title='bbox 2940 3360 3177 3398; x_wconf 90' lang='lat' dir='ltr'><strong>carnem</strong></span> <span class='ocrx_word' id='word_1_882' title='bbox 3194 3348 3251 3398; x_wconf 90' lang='lat' dir='ltr'><strong>et</strong></span> <span class='ocrx_word' id='word_1_883' title='bbox 3282 3343 3633 3411; x_wconf 89' lang='lat' dir='ltr'><strong>sanguinem</strong></span> <span class='ocrx_word' id='word_1_884' title='bbox 3662 3341 3892 3393; x_wconf 79' lang='lat' dir='ltr'><strong>seminam</strong></span> 
     </span>
    </p>
   </div>
   <div class='ocr_carea' id='block_1_125' title="bbox 2316 3413 3890 3490">
    <p class='ocr_par' dir='ltr' id='par_1_125' title="bbox 2316 3413 3890 3490">
     <span class='ocr_line' id='line_1_126' title="bbox 2316 3413 3890 3490; baseline -0.006 -23"><span class='ocrx_word' id='word_1_885' title='bbox 2316 3415 3172 3490; x_wconf 86' lang='lat' dir='ltr'><strong>concupiscentias._Quamvis</strong></span> <span class='ocrx_word' id='word_1_886' title='bbox 3203 3415 3367 3490; x_wconf 82' lang='lat' dir='ltr'><strong>enim</strong></span> <span class='ocrx_word' id='word_1_887' title='bbox 3427 3413 3890 3490; x_wconf 72' lang='lat' dir='ltr'><strong>habeatcaropro-</strong></span> 
     </span>
    </p>
   </div>
   <div class='ocr_carea' id='block_1_126' title="bbox 2316 3481 3891 3563">
    <p class='ocr_par' dir='ltr' id='par_1_126' title="bbox 2316 3481 3891 3563">
     <span class='ocr_line' id='line_1_127' title="bbox 2316 3481 3891 3563; baseline -0.016 -8"><span class='ocrx_word' id='word_1_888' title='bbox 2316 3481 2762 3563; x_wconf 35' lang='lat' dir='ltr'><strong>Prillm—mqtum</strong></span> <span class='ocrx_word' id='word_1_889' title='bbox 2787 3487 3032 3555; x_wconf 86' lang='lat' dir='ltr'><strong>originis</strong></span> <span class='ocrx_word' id='word_1_890' title='bbox 3049 3503 3197 3563; x_wconf 66' lang='lat' dir='ltr'><strong>suae,</strong></span> <span class='ocrx_word' id='word_1_891' title='bbox 3208 3488 3355 3558; x_wconf 91' lang='lat' dir='ltr'><strong>quia</strong></span> <span class='ocrx_word' id='word_1_892' title='bbox 3369 3500 3488 3540; x_wconf 91' lang='lat' dir='ltr'><strong>non</strong></span> <span class='ocrx_word' id='word_1_893' title='bbox 3505 3481 3789 3563; x_wconf 71' lang='lat' dir='ltr'><strong>estotiosa‘</strong></span> <span class='ocrx_word' id='word_1_894' title='bbox 3804 3493 3891 3531; x_wconf 84' lang='lat' dir='ltr'><strong>car-</strong></span> 
     </span>
    </p>
   </div>
   <div class='ocr_carea' id='block_1_127' title="bbox 2315 3553 3888 3628">
    <p class='ocr_par' dir='ltr' id='par_1_127' title="bbox 2315 3553 3888 3628">
     <span class='ocr_line' id='line_1_128' title="bbox 2315 3553 3888 3628; baseline -0.006 -18"><span class='ocrx_word' id='word_1_895' title='bbox 2315 3553 2465 3610; x_wconf 82' lang='lat' dir='ltr'><strong>nalis</strong></span> <span class='ocrx_word' id='word_1_896' title='bbox 2510 3557 2786 3612; x_wconf 89' lang='lat' dir='ltr'><strong>nativitas</strong></span> <span class='ocrx_word' id='word_1_897' title='bbox 2822 3575 2834 3620; x_wconf 88' lang='lat'><strong>;</strong></span> <span class='ocrx_word' id='word_1_898' title='bbox 2864 3553 3064 3611; x_wconf 81' lang='lat' dir='ltr'><strong>tamen</strong></span> <span class='ocrx_word' id='word_1_899' title='bbox 3093 3559 3150 3611; x_wconf 90' lang='lat' dir='ltr'><strong>in</strong></span> <span class='ocrx_word' id='word_1_900' title='bbox 3182 3553 3300 3612; x_wconf 75' lang='lat' dir='ltr'><strong>hac</strong></span> <span class='ocrx_word' id='word_1_901' title='bbox 3332 3573 3395 3611; x_wconf 86' lang='lat' dir='ltr'><strong>re</strong></span> <span class='ocrx_word' id='word_1_902' title='bbox 3421 3553 3715 3628; x_wconf 86' lang='lat' dir='ltr'><strong>acceditad</strong></span> <span class='ocrx_word' id='word_1_903' title='bbox 3736 3564 3888 3628; x_wconf 78' lang='lat' dir='ltr'><strong>necem</strong></span> 
     </span>
    </p>
   </div>
   <div class='ocr_carea' id='block_1_128' title="bbox 2317 3627 3887 3698">
    <p class='ocr_par' dir='ltr' id='par_1_128' title="bbox 2317 3627 3887 3698">
     <span class='ocr_line' id='line_1_129' title="bbox 2317 3627 3887 3698; baseline -0.006 -16"><span class='ocrx_word' id='word_1_904' title='bbox 2317 3627 2628 3682; x_wconf 87' lang='lat' dir='ltr'><strong>hominum</strong></span> <span class='ocrx_word' id='word_1_905' title='bbox 2678 3628 3041 3698; x_wconf 89' lang='lat' dir='ltr'><strong>adjutorium</strong></span> <span class='ocrx_word' id='word_1_906' title='bbox 3108 3629 3480 3684; x_wconf 75' lang='lat' dir='ltr'><strong>dremonum.</strong></span> <span class='ocrx_word' id='word_1_907' title='bbox 3526 3627 3741 3698; x_wconf 86' lang='lat' dir='ltr'><strong>Diversa</strong></span> <span class='ocrx_word' id='word_1_908' title='bbox 3772 3634 3887 3675; x_wconf 79' lang='lat' dir='ltr'><strong>enim</strong></span> 
     </span>
    </p>
   </div>
   <div class='ocr_carea' id='block_1_129' title="bbox 2316 3697 3887 3773">
    <p class='ocr_par' dir='ltr' id='par_1_129' title="bbox 2316 3697 3887 3773">
     <span class='ocr_line' id='line_1_130' title="bbox 2316 3697 3887 3773; baseline -0.006 -22"><span class='ocrx_word' id='word_1_909' title='bbox 2316 3706 2450 3773; x_wconf 85' lang='lat' dir='ltr'><strong>sunt</strong></span> <span class='ocrx_word' id='word_1_910' title='bbox 2477 3700 2797 3773; x_wconf 77' lang='lat' dir='ltr'><strong>daemonia,</strong></span> <span class='ocrx_word' id='word_1_911' title='bbox 2831 3706 2885 3753; x_wconf 92' lang='lat' dir='ltr'><strong>et</strong></span> <span class='ocrx_word' id='word_1_912' title='bbox 2915 3700 3222 3770; x_wconf 88' lang='lat' dir='ltr'><strong>disparem</strong></span> <span class='ocrx_word' id='word_1_913' title='bbox 3257 3700 3541 3773; x_wconf 79' lang='lat' dir='ltr'><strong>habentia</strong></span> <span class='ocrx_word' id='word_1_914' title='bbox 3572 3697 3887 3773; x_wconf 79' lang='lat' dir='ltr'><strong>voluntatem.</strong></span> 
     </span>
    </p>
   </div>
   <div class='ocr_carea' id='block_1_130' title="bbox 2316 3769 3885 3845">
    <p class='ocr_par' dir='ltr' id='par_1_130' title="bbox 2316 3769 3885 3845">
     <span class='ocr_line' id='line_1_131' title="bbox 2316 3769 3885 3845; baseline -0.008 -20"><span class='ocrx_word' id='word_1_915' title='bbox 2316 3770 2603 3845; x_wconf 66' lang='lat' dir='ltr'><strong>Quasdam</strong></span> <span class='ocrx_word' id='word_1_916' title='bbox 2636 3771 2793 3825; x_wconf 90' lang='lat' dir='ltr'><strong>enim</strong></span> <span class='ocrx_word' id='word_1_917' title='bbox 2828 3769 3119 3845; x_wconf 72' lang='lat' dir='ltr'><strong>suntquae</strong></span> <span class='ocrx_word' id='word_1_918' title='bbox 3145 3788 3285 3825; x_wconf 91' lang='lat' dir='ltr'><strong>cum</strong></span> <span class='ocrx_word' id='word_1_919' title='bbox 3310 3769 3885 3845; x_wconf 27' lang='lat' dir='ltr'><strong>perturbantdanimos,</strong></span> 
     </span>
    </p>
   </div>
   <div class='ocr_carea' id='block_1_131' title="bbox 2313 3841 3890 3912">
    <p class='ocr_par' dir='ltr' id='par_1_131' title="bbox 2313 3841 3890 3912">
     <span class='ocr_line' id='line_1_132' title="bbox 2313 3841 3890 3912; baseline -0.006 -17"><span class='ocrx_word' id='word_1_920' title='bbox 2313 3842 2541 3895; x_wconf 88' lang='lat' dir='ltr'><strong>elidunt</strong></span> <span class='ocrx_word' id='word_1_921' title='bbox 2566 3857 2845 3912; x_wconf 89' lang='lat' dir='ltr'><strong>corpora:</strong></span> <span class='ocrx_word' id='word_1_922' title='bbox 2871 3841 3154 3912; x_wconf 62' lang='lat' dir='ltr'><strong>quasdam</strong></span> <span class='ocrx_word' id='word_1_923' title='bbox 3172 3841 3326 3898; x_wconf 83' lang='lat' dir='ltr'><strong>vero</strong></span> <span class='ocrx_word' id='word_1_924' title='bbox 3342 3841 3717 3897; x_wconf 87' lang='lat' dir='ltr'><strong>admiscentia</strong></span> <span class='ocrx_word' id='word_1_925' title='bbox 3735 3848 3890 3912; x_wconf 57' lang='lat' dir='ltr'><strong>sesauj</strong></span> 
     </span>
    </p>
   </div>
   <div class='ocr_carea' id='block_1_132' title="bbox 2314 3904 3887 3983">
    <p class='ocr_par' dir='ltr' id='par_1_132' title="bbox 2314 3904 3887 3983">
     <span class='ocr_line' id='line_1_133' title="bbox 2314 3904 3887 3983; baseline -0.003 -18"><span class='ocrx_word' id='word_1_926' title='bbox 2314 3912 2497 3979; x_wconf 89' lang='lat' dir='ltr'><strong>guiui,</strong></span> <span class='ocrx_word' id='word_1_927' title='bbox 2521 3904 2805 3979; x_wconf 78' lang='lat' dir='ltr'><strong>generant</strong></span> <span class='ocrx_word' id='word_1_928' title='bbox 2826 3904 3046 3968; x_wconf 80' lang='lat' dir='ltr'><strong>animis</strong></span> <span class='ocrx_word' id='word_1_929' title='bbox 3075 3914 3374 3969; x_wconf 87' lang='lat' dir='ltr'><strong>desideria</strong></span> <span class='ocrx_word' id='word_1_930' title='bbox 3400 3933 3412 3968; x_wconf 88' lang='lat'><strong>:</strong></span> <span class='ocrx_word' id='word_1_931' title='bbox 3439 3912 3553 3968; x_wconf 86' lang='lat' dir='ltr'><strong>alia</strong></span> <span class='ocrx_word' id='word_1_932' title='bbox 3582 3904 3887 3983; x_wconf 68' lang='lat' dir='ltr'><strong>autemcordi</strong></span> 
     </span>
    </p>
   </div>
   <div class='ocr_carea' id='block_1_133' title="bbox 2314 3976 3885 4057">
    <p class='ocr_par' dir='ltr' id='par_1_133' title="bbox 2314 3976 3885 4057">
     <span class='ocr_line' id='line_1_134' title="bbox 2314 3976 3885 4057; baseline -0.007 -21"><span class='ocrx_word' id='word_1_933' title='bbox 2314 3976 2571 4057; x_wconf 74' lang='lat' dir='ltr'><strong>hominis</strong></span> <span class='ocrx_word' id='word_1_934' title='bbox 2602 4001 2664 4037; x_wconf 87' lang='lat' dir='ltr'><strong>se</strong></span> <span class='ocrx_word' id='word_1_935' title='bbox 2706 3984 3069 4057; x_wconf 79' lang='lat' dir='ltr'><strong>copulantia,</strong></span> <span class='ocrx_word' id='word_1_936' title='bbox 3116 3990 3450 4057; x_wconf 80' lang='lat' dir='ltr'><strong>suggerunt</strong></span> <span class='ocrx_word' id='word_1_937' title='bbox 3478 3998 3608 4038; x_wconf 90' lang='lat' dir='ltr'><strong>cum</strong></span> <span class='ocrx_word' id='word_1_938' title='bbox 3630 3976 3885 4057; x_wconf 64' lang='lat' dir='ltr'><strong>blanditiis</strong></span> 
     </span>
    </p>
   </div>
   <div class='ocr_carea' id='block_1_134' title="bbox 2314 4050 3888 4127">
    <p class='ocr_par' dir='ltr' id='par_1_134' title="bbox 2314 4050 3888 4127">
     <span class='ocr_line' id='line_1_135' title="bbox 2314 4050 3888 4127; baseline 0 -21"><span class='ocrx_word' id='word_1_939' title='bbox 2314 4056 2640 4127; x_wconf 82' lang='lat' dir='ltr'><strong>contraria:</strong></span> <span class='ocrx_word' id='word_1_940' title='bbox 2672 4050 2957 4111; x_wconf 84' lang='lat' dir='ltr'><strong>nonnulla</strong></span> <span class='ocrx_word' id='word_1_941' title='bbox 2979 4062 3176 4111; x_wconf 90' lang='lat' dir='ltr'><strong>autem</strong></span> <span class='ocrx_word' id='word_1_942' title='bbox 3198 4050 3366 4120; x_wconf 70' lang='lat' dir='ltr'><strong>sunt,</strong></span> <span class='ocrx_word' id='word_1_943' title='bbox 3396 4050 3680 4127; x_wconf 22' lang='lat' dir='ltr'><strong>quasusola</strong></span> <span class='ocrx_word' id='word_1_944' title='bbox 3697 4060 3888 4127; x_wconf 71' lang='lat' dir='ltr'><strong>corpora</strong></span> 
     </span>
    </p>
   </div>
   <div class='ocr_carea' id='block_1_135' title="bbox 2312 4120 3885 4193">
    <p class='ocr_par' dir='ltr' id='par_1_135' title="bbox 2312 4120 3885 4193">
     <span class='ocr_line' id='line_1_136' title="bbox 2312 4120 3885 4193; baseline -0.004 -14"><span class='ocrx_word' id='word_1_945' title='bbox 2312 4124 2581 4193; x_wconf 88' lang='lat' dir='ltr'><strong>obligant</strong></span> <span class='ocrx_word' id='word_1_946' title='bbox 2646 4126 3140 4192; x_wconf 84' lang='lat' dir='ltr'><strong>inﬁrmitatibus;</strong></span> <span class='ocrx_word' id='word_1_947' title='bbox 3194 4128 3353 4183; x_wconf 91' lang='lat' dir='ltr'><strong>sicut</strong></span> <span class='ocrx_word' id='word_1_948' title='bbox 3405 4120 3461 4181; x_wconf 82' lang='lat' dir='ltr'><strong>et</strong></span> <span class='ocrx_word' id='word_1_949' title='bbox 3532 4124 3680 4179; x_wconf 87' lang='lat' dir='ltr'><strong>illam</strong></span> <span class='ocrx_word' id='word_1_950' title='bbox 3753 4120 3885 4193; x_wconf 76' lang='lat' dir='ltr'><strong>tiliam</strong></span> 
     </span>
    </p>
   </div>
   <div class='ocr_carea' id='block_1_136' title="bbox 2312 4190 3883 4279">
    <p class='ocr_par' dir='ltr' id='par_1_136' title="bbox 2312 4190 3883 4279">
     <span class='ocr_line' id='line_1_137' title="bbox 2312 4190 3883 4279; baseline 0.001 -29"><span class='ocrx_word' id='word_1_951' title='bbox 2312 4190 2585 4279; x_wconf 43' lang='lat' dir='ltr'><strong>abrahas,</strong></span> <span class='ocrx_word' id='word_1_952' title='bbox 2609 4213 2792 4279; x_wconf 82' lang='lat' dir='ltr'><strong>quam</strong></span> <span class='ocrx_word' id='word_1_953' title='bbox 2826 4190 3559 4279; x_wconf 15' lang='lat' dir='ltr'><strong>Dominusvcuravithuc.</strong></span> <span class='ocrx_word' id='word_1_954' title='bbox 3588 4210 3697 4255; x_wconf 80' lang='lat' dir='ltr'><strong>xm,</strong></span> 
     </span>
    </p>
   </div>
   <div class='ocr_carea' id='block_1_137' title="bbox 2313 4263 3883 4345">
    <p class='ocr_par' dir='ltr' id='par_1_137' title="bbox 2313 4263 3883 4345">
     <span class='ocr_line' id='line_1_138' title="bbox 2313 4263 3883 4345; baseline -0.007 -22"><span class='ocrx_word' id='word_1_955' title='bbox 2313 4270 2443 4323; x_wconf 67' lang='lat' dir='ltr'><strong>Haec</strong></span> <span class='ocrx_word' id='word_1_956' title='bbox 2473 4263 2680 4345; x_wconf 79' lang='lat' dir='ltr'><strong>omnia</strong></span> <span class='ocrx_word' id='word_1_957' title='bbox 2714 4269 3057 4345; x_wconf 85' lang='lat' dir='ltr'><strong>ignorantes</strong></span> <span class='ocrx_word' id='word_1_958' title='bbox 3090 4270 3329 4345; x_wconf 83' lang='lat' dir='ltr'><strong>Pagani,</strong></span> <span class='ocrx_word' id='word_1_959' title='bbox 3372 4263 3558 4345; x_wconf 73' lang='lat' dir='ltr'><strong>fatum</strong></span> <span class='ocrx_word' id='word_1_960' title='bbox 3600 4263 3883 4345; x_wconf 81' lang='lat' dir='ltr'><strong>appellant:</strong></span> 
     </span>
    </p>
   </div>
   <div class='ocr_carea' id='block_1_138' title="bbox 2311 4340 3887 4405">
    <p class='ocr_par' dir='ltr' id='par_1_138' title="bbox 2311 4340 3887 4405">
     <span class='ocr_line' id='line_1_139' title="bbox 2311 4340 3887 4405; baseline -0.003 -12"><span class='ocrx_word' id='word_1_961' title='bbox 2311 4356 2446 4393; x_wconf 92' lang='lat' dir='ltr'><strong>cum</strong></span> <span class='ocrx_word' id='word_1_962' title='bbox 2480 4340 2727 4394; x_wconf 74' lang='lat' dir='ltr'><strong>diversas</strong></span> <span class='ocrx_word' id='word_1_963' title='bbox 2755 4341 2869 4394; x_wconf 89' lang='lat' dir='ltr'><strong>sint</strong></span> <span class='ocrx_word' id='word_1_964' title='bbox 2899 4357 3116 4405; x_wconf 71' lang='lat' dir='ltr'><strong>causas,</strong></span> <span class='ocrx_word' id='word_1_965' title='bbox 3150 4348 3202 4396; x_wconf 91' lang='lat' dir='ltr'><strong>et</strong></span> <span class='ocrx_word' id='word_1_966' title='bbox 3221 4342 3336 4397; x_wconf 90' lang='lat' dir='ltr'><strong>ista</strong></span> <span class='ocrx_word' id='word_1_967' title='bbox 3362 4342 3437 4397; x_wconf 88' lang='lat' dir='ltr'><strong>ab</strong></span> <span class='ocrx_word' id='word_1_968' title='bbox 3464 4340 3699 4394; x_wconf 90' lang='lat' dir='ltr'><strong>inimicis</strong></span> <span class='ocrx_word' id='word_1_969' title='bbox 3726 4345 3887 4403; x_wconf 80' lang='lat' dir='ltr'><strong>procu-</strong></span> 
     </span>
    </p>
   </div>
   <div class='ocr_carea' id='block_1_139' title="bbox 2310 4405 3885 4495">
    <p class='ocr_par' dir='ltr' id='par_1_139' title="bbox 2310 4405 3885 4495">
     <span class='ocr_line' id='line_1_140' title="bbox 2310 4405 3885 4495; baseline -0.004 -30"><span class='ocrx_word' id='word_1_970' title='bbox 2310 4417 2531 4495; x_wconf 67' lang='lat' dir='ltr'><strong>rentur,</strong></span> <span class='ocrx_word' id='word_1_971' title='bbox 2567 4418 2628 4465; x_wconf 92' lang='lat' dir='ltr'><strong>ut</strong></span> <span class='ocrx_word' id='word_1_972' title='bbox 2654 4428 3038 4495; x_wconf 77' lang='lat' dir='ltr'><strong>quacumque</strong></span> <span class='ocrx_word' id='word_1_973' title='bbox 3068 4428 3155 4495; x_wconf 57' lang='grc' dir='ltr'><strong>εξ</strong></span> <span class='ocrx_word' id='word_1_974' title='bbox 3171 4428 3359 4495; x_wconf 76' lang='lat' dir='ltr'><strong>causa</strong></span> <span class='ocrx_word' id='word_1_975' title='bbox 3390 4412 3636 4495; x_wconf 74' lang='lat' dir='ltr'><strong>irritetur</strong></span> <span class='ocrx_word' id='word_1_976' title='bbox 3661 4405 3885 4495; x_wconf 35' lang='lat' dir='ltr'><strong>homoLeIl</strong></span> 
     </span>
    </p>
   </div>
   <div class='ocr_carea' id='block_1_140' title="bbox 2310 4471 3885 4552">
    <p class='ocr_par' dir='ltr' id='par_1_140' title="bbox 2310 4471 3885 4552">
     <span class='ocr_line' id='line_1_141' title="bbox 2310 4471 3885 4552; baseline 0.004 -19"><span class='ocrx_word' id='word_1_977' title='bbox 2310 4471 3093 4552; x_wconf 47' lang='lat' dir='ltr'><strong>subjiciatur‘passionibus.</strong></span> <span class='ocrx_word' id='word_1_978' title='bbox 3123 4484 3235 4538; x_wconf 92' lang='lat' dir='ltr'><strong>Sed</strong></span> <span class='ocrx_word' id='word_1_979' title='bbox 3280 4483 3473 4539; x_wconf 85' lang='lat' dir='ltr'><strong>fatum</strong></span> <span class='ocrx_word' id='word_1_980' title='bbox 3500 4482 3710 4536; x_wconf 88' lang='lat' dir='ltr'><strong>bonum</strong></span> <span class='ocrx_word' id='word_1_981' title='bbox 3737 4471 3885 4552; x_wconf 62' lang='lat' dir='ltr'><strong>aQDP!‘</strong></span> 
     </span>
    </p>
   </div>
   <div class='ocr_carea' id='block_1_141' title="bbox 2312 4543 3882 4625">
    <p class='ocr_par' dir='ltr' id='par_1_141' title="bbox 2312 4543 3882 4625">
     <span class='ocr_line' id='line_1_142' title="bbox 2312 4543 3882 4625; baseline -0.006 -18"><span class='ocrx_word' id='word_1_982' title='bbox 2312 4543 2454 4618; x_wconf 76' lang='lat' dir='ltr'><strong>lant,</strong></span> <span class='ocrx_word' id='word_1_983' title='bbox 2490 4570 2625 4608; x_wconf 91' lang='lat' dir='ltr'><strong>cum</strong></span> <span class='ocrx_word' id='word_1_984' title='bbox 2653 4543 2805 4608; x_wconf 78' lang='lat' dir='ltr'><strong>bene</strong></span> <span class='ocrx_word' id='word_1_985' title='bbox 2835 4560 3163 4625; x_wconf 88' lang='lat' dir='ltr'><strong>temperata</strong></span> <span class='ocrx_word' id='word_1_986' title='bbox 3189 4561 3605 4624; x_wconf 85' lang='lat' dir='ltr'><strong>suntcorpora,</strong></span> <span class='ocrx_word' id='word_1_987' title='bbox 3626 4543 3882 4625; x_wconf 71' lang='lat' dir='ltr'><strong>autailabi-</strong></span> 
     </span>
    </p>
   </div>
   <div class='ocr_carea' id='block_1_142' title="bbox 2307 4617 3880 4701">
    <p class='ocr_par' dir='ltr' id='par_1_142' title="bbox 2307 4617 3880 4701">
     <span class='ocr_line' id='line_1_143' title="bbox 2307 4617 3880 4701; baseline -0.002 -24"><span class='ocrx_word' id='word_1_988' title='bbox 2307 4625 2465 4701; x_wconf 87' lang='lat' dir='ltr'><strong>litate</strong></span> <span class='ocrx_word' id='word_1_989' title='bbox 2486 4640 2615 4678; x_wconf 87' lang='lat' dir='ltr'><strong>com</strong></span> <span class='ocrx_word' id='word_1_990' title='bbox 2630 4617 3009 4701; x_wconf 76' lang='lat' dir='ltr'><strong>mendantur,</strong></span> <span class='ocrx_word' id='word_1_991' title='bbox 3026 4617 3574 4701; x_wconf 79' lang='lat' dir='ltr'><strong>habentia_gratiam</strong></span> <span class='ocrx_word' id='word_1_992' title='bbox 3588 4617 3880 4701; x_wconf 40' lang='lat' dir='ltr'><strong>quamdam}</strong></span> 
     </span>
    </p>
   </div>
   <div class='ocr_carea' id='block_1_143' title="bbox 2310 4689 3879 4767">
    <p class='ocr_par' dir='ltr' id='par_1_143' title="bbox 2310 4689 3879 4767">
     <span class='ocr_line' id='line_1_144' title="bbox 2310 4689 3879 4767; baseline -0.006 -18"><span class='ocrx_word' id='word_1_993' title='bbox 2310 4696 2533 4767; x_wconf 87' lang='lat' dir='ltr'><strong>malum</strong></span> <span class='ocrx_word' id='word_1_994' title='bbox 2563 4702 2762 4751; x_wconf 89' lang='lat' dir='ltr'><strong>autem</strong></span> <span class='ocrx_word' id='word_1_995' title='bbox 2791 4697 2977 4752; x_wconf 81' lang='lat' dir='ltr'><strong>fatum</strong></span> <span class='ocrx_word' id='word_1_996' title='bbox 2998 4689 3157 4761; x_wconf 83' lang='lat' dir='ltr'><strong>esse,</strong></span> <span class='ocrx_word' id='word_1_997' title='bbox 3192 4699 3242 4751; x_wconf 88' lang='lat' dir='ltr'><strong>si</strong></span> <span class='ocrx_word' id='word_1_998' title='bbox 3271 4689 3409 4767; x_wconf 74' lang='lat' dir='ltr'><strong>plus</strong></span> <span class='ocrx_word' id='word_1_999' title='bbox 3433 4689 3636 4752; x_wconf 77' lang='lat' dir='ltr'><strong>caloris</strong></span> <span class='ocrx_word' id='word_1_1000' title='bbox 3662 4689 3879 4767; x_wconf 65' lang='lat' dir='ltr'><strong>habeant.</strong></span> 
     </span>
    </p>
   </div>
   <div class='ocr_carea' id='block_1_144' title="bbox 2308 4763 3879 4840">
    <p class='ocr_par' dir='ltr' id='par_1_144' title="bbox 2308 4763 3879 4840">
     <span class='ocr_line' id='line_1_145' title="bbox 2308 4763 3879 4840; baseline 0 -20"><span class='ocrx_word' id='word_1_1001' title='bbox 2308 4772 2407 4840; x_wconf 84' lang='lat' dir='ltr'><strong>aut</strong></span> <span class='ocrx_word' id='word_1_1002' title='bbox 2441 4766 2737 4840; x_wconf 81' lang='lat' dir='ltr'><strong>humoris;</strong></span> <span class='ocrx_word' id='word_1_1003' title='bbox 2761 4774 2879 4840; x_wconf 89' lang='lat' dir='ltr'><strong>aut</strong></span> <span class='ocrx_word' id='word_1_1004' title='bbox 2926 4770 2970 4822; x_wconf 90' lang='lat' dir='ltr'><strong>si</strong></span> <span class='ocrx_word' id='word_1_1005' title='bbox 2997 4770 3133 4840; x_wconf 91' lang='lat' dir='ltr'><strong>quis</strong></span> <span class='ocrx_word' id='word_1_1006' title='bbox 3165 4763 3285 4823; x_wconf 84' lang='lat' dir='ltr'><strong>non</strong></span> <span class='ocrx_word' id='word_1_1007' title='bbox 3317 4769 3393 4823; x_wconf 91' lang='lat' dir='ltr'><strong>sit</strong></span> <span class='ocrx_word' id='word_1_1008' title='bbox 3427 4779 3690 4840; x_wconf 72' lang='lat' dir='ltr'><strong>aspersus</strong></span> <span class='ocrx_word' id='word_1_1009' title='bbox 3722 4763 3879 4840; x_wconf 51' lang='lat' dir='ltr'><strong>gratia.</strong></span> 
     </span>
    </p>
   </div>
   <div class='ocr_carea' id='block_1_145' title="bbox 2306 4834 3879 4912">
    <p class='ocr_par' dir='ltr' id='par_1_145' title="bbox 2306 4834 3879 4912">
     <span class='ocr_line' id='line_1_146' title="bbox 2306 4834 3879 4912; baseline -0.005 -21"><span class='ocrx_word' id='word_1_1010' title='bbox 2306 4837 2407 4891; x_wconf 91' lang='lat' dir='ltr'><strong>sed</strong></span> <span class='ocrx_word' id='word_1_1011' title='bbox 2438 4839 2631 4907; x_wconf 88' lang='lat' dir='ltr'><strong>magis</strong></span> <span class='ocrx_word' id='word_1_1012' title='bbox 2645 4840 2720 4892; x_wconf 93' lang='lat' dir='ltr'><strong>ad</strong></span> <span class='ocrx_word' id='word_1_1013' title='bbox 2736 4834 3090 4894; x_wconf 73' lang='lat' dir='ltr'><strong>detrimenta</strong></span> <span class='ocrx_word' id='word_1_1014' title='bbox 3108 4846 3372 4909; x_wconf 89' lang='lat' dir='ltr'><strong>paratus,</strong></span> <span class='ocrx_word' id='word_1_1015' title='bbox 3388 4834 3541 4912; x_wconf 77' lang='lat' dir='ltr'><strong>quos</strong></span> <span class='ocrx_word' id='word_1_1016' title='bbox 3555 4834 3879 4912; x_wconf 49' lang='lat' dir='ltr'><strong>infortunatos</strong></span> 
     </span>
    </p>
   </div>
   <div class='ocr_carea' id='block_1_146' title="bbox 2308 4910 3877 4984">
    <p class='ocr_par' dir='ltr' id='par_1_146' title="bbox 2308 4910 3877 4984">
     <span class='ocr_line' id='line_1_147' title="bbox 2308 4910 3877 4984; baseline 0.008 -22"><span class='ocrx_word' id='word_1_1017' title='bbox 2308 4912 2667 4984; x_wconf 19' lang='lat' dir='ltr'><strong>vocantttFac</strong></span> <span class='ocrx_word' id='word_1_1018' title='bbox 2696 4927 2833 4965; x_wconf 83' lang='lat' dir='ltr'><strong>vera</strong></span> <span class='ocrx_word' id='word_1_1019' title='bbox 2854 4926 3006 4984; x_wconf 81' lang='lat' dir='ltr'><strong>esse.</strong></span> <span class='ocrx_word' id='word_1_1020' title='bbox 3043 4912 3321 4966; x_wconf 90' lang='lat' dir='ltr'><strong>Videmus</strong></span> <span class='ocrx_word' id='word_1_1021' title='bbox 3338 4910 3498 4984; x_wconf 79' lang='lat' dir='ltr'><strong>enim</strong></span> <span class='ocrx_word' id='word_1_1022' title='bbox 3524 4910 3643 4984; x_wconf 64' lang='lat' dir='ltr'><strong>him}</strong></span> <span class='ocrx_word' id='word_1_1023' title='bbox 3671 4910 3877 4984; x_wconf 52' lang='grc' dir='ltr'><strong>θῑξδωῇίῖ</strong></span> 
     </span>
    </p>
   </div>
   <div class='ocr_carea' id='block_1_147' title="bbox 2305 4969 3878 5052">
    <p class='ocr_par' dir='ltr' id='par_1_147' title="bbox 2305 4969 3878 5052">
     <span class='ocr_line' id='line_1_148' title="bbox 2305 4969 3878 5052; baseline -0.003 -19"><span class='ocrx_word' id='word_1_1024' title='bbox 2305 4980 2693 5046; x_wconf 88' lang='lat' dir='ltr'><strong>animalibus,</strong></span> <span class='ocrx_word' id='word_1_1025' title='bbox 2724 4987 2783 5035; x_wconf 91' lang='lat' dir='ltr'><strong>ut</strong></span> <span class='ocrx_word' id='word_1_1026' title='bbox 2812 4981 2944 5051; x_wconf 86' lang='lat' dir='ltr'><strong>plus</strong></span> <span class='ocrx_word' id='word_1_1027' title='bbox 2976 4982 3469 5038; x_wconf 89' lang='lat' dir='ltr'><strong>habeantcaloris</strong></span> <span class='ocrx_word' id='word_1_1028' title='bbox 3506 4976 3639 5035; x_wconf 88' lang='lat' dir='ltr'><strong>:sed</strong></span> <span class='ocrx_word' id='word_1_1029' title='bbox 3662 4969 3878 5052; x_wconf 40' lang='lat' dir='ltr'><strong>anim-alta</strong></span> 
     </span>
    </p>
   </div>
   <div class='ocr_carea' id='block_1_148' title="bbox 2306 5043 3877 5124">
    <p class='ocr_par' dir='ltr' id='par_1_148' title="bbox 2306 5043 3877 5124">
     <span class='ocr_line' id='line_1_149' title="bbox 2306 5043 3877 5124; baseline -0.005 -19"><span class='ocrx_word' id='word_1_1030' title='bbox 2306 5067 2425 5105; x_wconf 89' lang='lat' dir='ltr'><strong>non</strong></span> <span class='ocrx_word' id='word_1_1031' title='bbox 2461 5056 2602 5106; x_wconf 87' lang='lat' dir='ltr'><strong>sunt</strong></span> <span class='ocrx_word' id='word_1_1032' title='bbox 2635 5043 2949 5107; x_wconf 82' lang='lat' dir='ltr'><strong>rationalia</strong></span> <span class='ocrx_word' id='word_1_1033' title='bbox 2970 5054 3414 5117; x_wconf 89' lang='lat' dir='ltr'><strong>sicuthomo,ut</strong></span> <span class='ocrx_word' id='word_1_1034' title='bbox 3436 5043 3877 5124; x_wconf 51' lang='lat' dir='ltr'><strong>possintadhibitt</strong></span> 
     </span>
    </p>
   </div>
   <div class='ocr_carea' id='block_1_149' title="bbox 2303 5118 3875 5195">
    <p class='ocr_par' dir='ltr' id='par_1_149' title="bbox 2303 5118 3875 5195">
     <span class='ocr_line' id='line_1_150' title="bbox 2303 5118 3875 5195; baseline -0.008 -19"><span class='ocrx_word' id='word_1_1035' title='bbox 2303 5139 2444 5177; x_wconf 91' lang='lat' dir='ltr'><strong>cura</strong></span> <span class='ocrx_word' id='word_1_1036' title='bbox 2472 5139 2688 5193; x_wconf 88' lang='lat' dir='ltr'><strong>corpus</strong></span> <span class='ocrx_word' id='word_1_1037' title='bbox 2718 5140 2895 5178; x_wconf 89' lang='lat' dir='ltr'><strong>suum</strong></span> <span class='ocrx_word' id='word_1_1038' title='bbox 2926 5130 3273 5195; x_wconf 88' lang='lat' dir='ltr'><strong>temperare.</strong></span> <span class='ocrx_word' id='word_1_1039' title='bbox 3294 5118 3601 5195; x_wconf 46' lang='lat' dir='ltr'><strong>Ideo-enim</strong></span> <span class='ocrx_word' id='word_1_1040' title='bbox 3624 5118 3875 5195; x_wconf 61' lang='lat' dir='ltr'><strong>imperatgr</strong></span> 
     </span>
    </p>
   </div>
   <div class='ocr_carea' id='block_1_150' title="bbox 2301 5180 3874 5269">
    <p class='ocr_par' dir='ltr' id='par_1_150' title="bbox 2301 5180 3874 5269">
     <span class='ocr_line' id='line_1_151' title="bbox 2301 5180 3874 5269; baseline -0.005 -20"><span class='ocrx_word' id='word_1_1041' title='bbox 2301 5180 2679 5269; x_wconf 69' lang='lat' dir='ltr'><strong>estcorpdris</strong></span> <span class='ocrx_word' id='word_1_1042' title='bbox 2708 5195 2965 5269; x_wconf 81' lang='lat' dir='ltr'><strong>animus,</strong></span> <span class='ocrx_word' id='word_1_1043' title='bbox 2999 5180 3063 5251; x_wconf 74' lang='lat' dir='ltr'><strong>ut</strong></span> <span class='ocrx_word' id='word_1_1044' title='bbox 3091 5196 3381 5269; x_wconf 84' lang='lat' dir='ltr'><strong>gubernet</strong></span> <span class='ocrx_word' id='word_1_1045' title='bbox 3432 5193 3574 5269; x_wconf 81' lang='lat' dir='ltr'><strong>illud</strong></span> <span class='ocrx_word' id='word_1_1046' title='bbox 3604 5180 3874 5269; x_wconf 60' lang='lat' dir='ltr'><strong>retinaculif</strong></span> 
     </span>
    </p>
   </div>
   <div class='ocr_carea' id='block_1_151' title="bbox 2298 5264 3872 5337">
    <p class='ocr_par' dir='ltr' id='par_1_151' title="bbox 2298 5264 3872 5337">
     <span class='ocr_line' id='line_1_152' title="bbox 2298 5264 3872 5337; baseline -0.005 -18"><span class='ocrx_word' id='word_1_1047' title='bbox 2298 5264 2445 5335; x_wconf 86' lang='lat' dir='ltr'><strong>legis</strong></span> <span class='ocrx_word' id='word_1_1048' title='bbox 2471 5266 2709 5320; x_wconf 72' lang='lat' dir='ltr'><strong>divinae.</strong></span> <span class='ocrx_word' id='word_1_1049' title='bbox 2743 5267 2992 5321; x_wconf 88' lang='lat' dir='ltr'><strong>Eaenim</strong></span> <span class='ocrx_word' id='word_1_1050' title='bbox 3020 5264 3153 5337; x_wconf 68' lang='lat' dir='ltr'><strong>quae</strong></span> <span class='ocrx_word' id='word_1_1051' title='bbox 3169 5269 3288 5322; x_wconf 90' lang='lat' dir='ltr'><strong>sive</strong></span> <span class='ocrx_word' id='word_1_1052' title='bbox 3318 5264 3872 5337; x_wconf 41' lang='lat' dir='ltr'><strong>impulsucarnisglre</strong></span> 
     </span>
    </p>
   </div>
   <div class='ocr_carea' id='block_1_152' title="bbox 2301 5332 3875 5409">
    <p class='ocr_par' dir='ltr' id='par_1_152' title="bbox 2301 5332 3875 5409">
     <span class='ocr_line' id='line_1_153' title="bbox 2301 5332 3875 5409; baseline 0.002 -21"><span class='ocrx_word' id='word_1_1053' title='bbox 2301 5332 2385 5409; x_wconf 73' lang='lat' dir='ltr'><strong>a5</strong></span> <span class='ocrx_word' id='word_1_1054' title='bbox 2411 5337 2649 5409; x_wconf 89' lang='lat' dir='ltr'><strong>inimico</strong></span> <span class='ocrx_word' id='word_1_1055' title='bbox 2678 5332 3098 5403; x_wconf 74' lang='lat' dir='ltr'><strong>suggeruntur,</strong></span> <span class='ocrx_word' id='word_1_1056' title='bbox 3134 5354 3253 5393; x_wconf 92' lang='lat' dir='ltr'><strong>non</strong></span> <span class='ocrx_word' id='word_1_1057' title='bbox 3280 5332 3423 5393; x_wconf 75' lang='lat' dir='ltr'><strong>esse</strong></span> <span class='ocrx_word' id='word_1_1058' title='bbox 3445 5336 3601 5392; x_wconf 89' lang='lat' dir='ltr'><strong>utilia</strong></span> <span class='ocrx_word' id='word_1_1059' title='bbox 3630 5336 3711 5390; x_wconf 80' lang='lat' dir='ltr'><strong>lex</strong></span> <span class='ocrx_word' id='word_1_1060' title='bbox 3724 5332 3875 5409; x_wconf 43' lang='lat'><strong>95!“?</strong></span> 
     </span>
    </p>
   </div>
   <div class='ocr_carea' id='block_1_153' title="bbox 2298 5402 3873 5480">
    <p class='ocr_par' dir='ltr' id='par_1_153' title="bbox 2298 5402 3873 5480">
     <span class='ocr_line' id='line_1_154' title="bbox 2298 5402 3873 5480; baseline -0.003 -20"><span class='ocrx_word' id='word_1_1061' title='bbox 2298 5406 2614 5480; x_wconf 86' lang='lat' dir='ltr'><strong>ditdivina.</strong></span> <span class='ocrx_word' id='word_1_1062' title='bbox 2632 5402 2823 5473; x_wconf 88' lang='lat' dir='ltr'><strong>Quam</strong></span> <span class='ocrx_word' id='word_1_1063' title='bbox 2836 5409 2970 5463; x_wconf 93' lang='lat' dir='ltr'><strong>ideo</strong></span> <span class='ocrx_word' id='word_1_1064' title='bbox 2984 5409 3279 5480; x_wconf 91' lang='lat' dir='ltr'><strong>adjutorio</strong></span> <span class='ocrx_word' id='word_1_1065' title='bbox 3293 5402 3873 5480; x_wconf 65' lang='lat' dir='ltr'><strong>deditDetis,utdictaDj</strong></span> 
     </span>
    </p>
   </div>
   <div class='ocr_carea' id='block_1_154' title="bbox 2301 5470 3871 5552">
    <p class='ocr_par' dir='ltr' id='par_1_154' title="bbox 2301 5470 3871 5552">
     <span class='ocr_line' id='line_1_155' title="bbox 2301 5470 3871 5552; baseline -0.006 -20"><span class='ocrx_word' id='word_1_1066' title='bbox 2301 5482 2413 5532; x_wconf 81' lang='lat' dir='ltr'><strong>tein</strong></span> <span class='ocrx_word' id='word_1_1067' title='bbox 2446 5470 2753 5534; x_wconf 84' lang='lat' dir='ltr'><strong>inimicum</strong></span> <span class='ocrx_word' id='word_1_1068' title='bbox 2787 5480 2965 5543; x_wconf 89' lang='lat' dir='ltr'><strong>mala,</strong></span> <span class='ocrx_word' id='word_1_1069' title='bbox 2999 5470 3173 5552; x_wconf 72' lang='lat' dir='ltr'><strong>qdasi</strong></span> <span class='ocrx_word' id='word_1_1070' title='bbox 3208 5482 3367 5537; x_wconf 87' lang='lat' dir='ltr'><strong>bona</strong></span> <span class='ocrx_word' id='word_1_1071' title='bbox 3395 5470 3749 5550; x_wconf 81' lang='lat' dir='ltr'><strong>respicientes</strong></span> <span class='ocrx_word' id='word_1_1072' title='bbox 3766 5470 3871 5552; x_wconf 59' lang='grc' dir='ltr'><strong>Ιεεξξ</strong></span> 
     </span>
    </p>
   </div>
   <div class='ocr_carea' id='block_1_155' title="bbox 2298 5550 3872 5623">
    <p class='ocr_par' dir='ltr' id='par_1_155' title="bbox 2298 5550 3872 5623">
     <span class='ocr_line' id='line_1_156' title="bbox 2298 5550 3872 5623; baseline -0.002 -19"><span class='ocrx_word' id='word_1_1073' title='bbox 2298 5556 2615 5623; x_wconf 82' lang='lat' dir='ltr'><strong>praecepta,</strong></span> <span class='ocrx_word' id='word_1_1074' title='bbox 2650 5551 2811 5606; x_wconf 92' lang='lat' dir='ltr'><strong>illum</strong></span> <span class='ocrx_word' id='word_1_1075' title='bbox 2828 5550 3227 5623; x_wconf 79' lang='lat' dir='ltr'><strong>intelligamus</strong></span> <span class='ocrx_word' id='word_1_1076' title='bbox 3241 5569 3368 5609; x_wconf 91' lang='lat' dir='ltr'><strong>esse</strong></span> <span class='ocrx_word' id='word_1_1077' title='bbox 3393 5550 3872 5610; x_wconf 77' lang='lat' dir='ltr'><strong>sedtictorerxi,qll|a</strong></span> 
     </span>
    </p>
   </div>
   <div class='ocr_carea' id='block_1_156' title="bbox 2356 5700 3446 5761">
    <p class='ocr_par' dir='ltr' id='par_1_156' title="bbox 2356 5700 3446 5761">
     <span class='ocr_line' id='line_1_157' title="bbox 2356 5700 3446 5761; baseline 0.001 -12"><span class='ocrx_word' id='word_1_1078' title='bbox 2356 5703 2369 5733; x_wconf 84' lang='grc'>¹</span> <span class='ocrx_word' id='word_1_1079' title='bbox 2406 5700 2481 5750; x_wconf 84' lang='lat' dir='ltr'><strong>Ita</strong></span> <span class='ocrx_word' id='word_1_1080' title='bbox 2509 5700 2597 5750; x_wconf 83' lang='lat' dir='ltr'><strong>Ms.</strong></span> <span class='ocrx_word' id='word_1_1081' title='bbox 2620 5700 2975 5753; x_wconf 89' lang='lat' dir='ltr'><strong>Colbertinus.</strong></span> <span class='ocrx_word' id='word_1_1082' title='bbox 3003 5706 3067 5753; x_wconf 86' lang='lat' dir='ltr'><strong>At</strong></span> <span class='ocrx_word' id='word_1_1083' title='bbox 3096 5703 3241 5761; x_wconf 87' lang='lat' dir='ltr'><strong>editi,</strong></span> <span class='ocrx_word' id='word_1_1084' title='bbox 3267 5704 3446 5754; x_wconf 69' lang='lat' dir='ltr'><strong>occisa.</strong></span> 
     </span>
    </p>
   </div>
  </div>
