4158 6204
274 264 419 320 2357

258 387 430 444 aliud
460 389 674 446 suadet
700 404 884 462 quam
911 388 1220 462 docetlex.
1239 390 1329 446 Sic
1358 390 1914 461 ergofrenaturcor—

261 475 398 529 pus,
430 467 488 515 ut
528 463 671 531 quia
712 460 910 524 fervet,
940 462 1137 515 minus
1168 460 1247 515 illi
1278 460 1470 526 detur,
1499 470 1553 519 et
1600 480 1632 519 a
1681 465 1913 519 deliciis

258 532 603 614 retineatur.
639 534 793 614 Sicut
819 535 979 612 enim
1009 533 1597 614 corpusfebricitans
1629 536 1673 614 si
1698 538 1913 614 accipit

258 617 463 678 escam
496 609 599 657 aut
628 610 859 673 potum,
882 605 1269 678 increscitilli
1288 606 1486 671 calor;
1520 608 1600 661 ita
1618 612 1674 661 et
1705 605 1913 678 hujus-

260 674 424 728 modi
455 688 707 744 corpora
736 689 871 744 quas
902 676 1212 743 sanguinis
1247 676 1472 731 fervore
1505 674 1913 739 urunturfve-

255 745 595 799 hementius
611 746 1016 809 exardescent,
1039 748 1147 801 nisi
1171 747 1389 802 fuerint
1407 749 1758 815 gubernata.
1781 751 1910 815 lgni

253 817 416 870 enim
443 817 489 869 si
513 816 678 872 deest
703 831 861 881 esca,
898 821 1148 888 sopitur.
1188 819 1379 873 Animi
1411 826 1497 874 est
1527 820 1745 875 ducere
1777 836 1910 875 cor-

254 904 394 961 pus.
417 887 473 961 Si
500 894 701 961 autem
723 887 1015 944 dimiserit
1038 889 1262 945 illudut
1282 897 1509 961 eatquo
1539 892 1907 961 vult,praeci-

254 958 467 1029 pitabit
496 960 714 1029 ipsum,
751 962 900 1016 sicut
957 977 1149 1032 equus
1200 958 1457 1016 furiosus
1510 958 1908 1031 negligentem

254 1045 571 1105 sessorem.
594 1033 665 1105 Et
687 1034 830 1105 quia
854 1034 1121 1105 corporis
1160 1032 1353 1087 fervor
1385 1033 1519 1104 plus
1555 1036 1906 1099 exardescit,

258 1102 575 1175 agentibus
588 1102 842 1158 inimicis
856 1105 931 1159 ad
944 1102 1355 1174 deceptionem
1371 1102 1586 1160 animae
1604 1121 1617 1169 ;
1632 1108 1773 1175 quia
1787 1121 1907 1160 non

253 1189 477 1243 corpus
496 1174 812 1240 desiderat,
837 1176 938 1229 sed
966 1176 1159 1230 calore
1182 1192 1289 1229 suo
1308 1183 1549 1243 generat
1568 1174 1785 1232 animae
1810 1177 1907 1231 de-

252 1245 474 1318 sideria
516 1263 527 1311 ;
565 1246 663 1299 Dei
694 1247 875 1301 nostri
901 1248 1238 1301 assistentia
1268 1249 1283 1281 ¹
1322 1247 1704 1318 imploranda
1730 1248 1904 1303 estad

252 1316 528 1388 tutelam,
564 1321 629 1371 ut
651 1318 961 1388 prohibeat
981 1333 1077 1371 eos
1105 1319 1276 1388 :quia
1298 1335 1401 1371 non
1416 1316 1503 1372 est
1535 1320 1687 1372 nobis
1710 1319 1906 1374 colluc-

252 1388 391 1461 tatio
410 1386 665 1443 adversus
688 1405 903 1443 carnem
930 1397 977 1443 et
997 1386 1330 1459 sanguinem,
1358 1390 1451 1444 sed
1470 1390 1724 1444 adversus
1752 1391 1905 1461 prin-

247 1460 394 1532 cipes
424 1466 473 1513 et
494 1466 773 1532 potestates
828 1460 1047 1530 (Ep/tes.
1113 1476 1182 1524 γι,
1226 1461 1315 1529 12)
1346 1477 1357 1525 ;
1411 1462 1631 1532 quibus
1662 1460 1899 1526 amotis,

248 1529 424 1585 facile
454 1531 560 1585 erit
589 1532 787 1586 carnis
812 1538 869 1586 et
898 1529 1451 1601 Sanguinismotuni
1484 1535 1899 1602 comprimere.

255 1601 663 1670 Exstinguitur
694 1603 854 1657 enim
885 1603 1252 1666 incendium,
1281 1604 1327 1657 si
1349 1603 1495 1658 desit
1524 1601 1770 1659 materia
1801 1621 1905 1674 per

252 1680 624 1753 quam-urat.
662 1673 777 1729 lllis
810 1680 1009 1753 autem
1032 1674 1317 1753 eveniunt
1348 1691 1477 1744 quae
1502 1691 1537 1729 a
1570 1673 1904 1753 mathema-

253 1744 396 1816 ticis
420 1744 714 1810 dicuntur,
761 1748 863 1816 qui
913 1746 1160 1800 credunt
1184 1746 1447 1801 futurum
1479 1748 1641 1816 quod
1674 1749 1900 1802 dicunt.

248 1814 402 1869 Illud
431 1816 591 1870 enim
624 1814 821 1886 agitur
873 1816 1196 1872 subtilitate
1242 1814 1703 1883 daemoniorum,
1739 1823 1802 1874 ut
1832 1834 1902 1874 ea

247 1886 512 1958 efficiant
538 1903 673 1958 quae
701 1888 992 1943 antistites
1019 1888 1255 1942 illorum
1289 1888 1545 1943 dixerint
1579 1890 1796 1956 futura,
1829 1906 1901 1945 ne

247 1956 383 2031 falsi
414 1956 626 2013 detecti
649 1960 989 2014 credantur.
1013 1959 1177 2014 Circa
1198 1975 1298 2015 eos
1316 1975 1454 2014 vero
1482 1961 1583 2031 qui
1602 1964 1900 2031 responsis

244 2029 487 2084 illorum
503 2045 621 2084 non
651 2031 1256 2095 commodantfidem,
1292 2047 1409 2085 non
1428 2029 1717 2101 praevalet
1732 2032 1901 2087 effec-

251 2106 574 2173 tuseorum
607 2118 616 2154 :
647 2102 791 2173 quia
841 2118 1035 2173 neque
1088 2103 1198 2173 ipsi
1247 2108 1366 2158 tam
1408 2103 1609 2157 intenti
1644 2112 1799 2166 sunt,
1841 2110 1902 2158 ut

247 2171 619 2245 satisfaciant
641 2171 723 2245 eis
748 2174 850 2245 qui
881 2171 991 2227 illis
1014 2171 1134 2228 non
1154 2173 1441 2242 credunt;
1474 2190 1663 2244 neque
1681 2175 1900 2245 patitur

250 2242 405 2326 ρους
433 2242 627 2326 facere
658 2242 787 2326 illos
820 2261 926 2326 per
962 2245 1124 2326 quod
1140 2246 1516 2326 seducuntur
1540 2242 1792 2326 lli—dente}
1824 2247 1897 2300 de

250 2316 390 2375 Deo,
414 2319 467 2368 et
494 2330 614 2369 non
629 2317 932 2371 credentes
950 2316 1214 2371 diabolo.
1232 2317 1444 2372 Omnia
1459 2319 1617 2371 enim
1643 2318 1723 2371 sic
1748 2319 1897 2372 Deus

247 2384 947 2459 instituit,iutsecundum
967 2389 1436 2459 uniuscujusque
1451 2388 1627 2442 ﬁdem
1641 2388 1894 2452 eveniat,

251 2462 315 2510 ut
338 2456 917 2530 arbitriumliberum
941 2465 1181 2515 maneat
1196 2456 1538 2513 voluntatis:
1565 2475 1633 2513 ac
1662 2476 1764 2530 per
1784 2460 1897 2515 hoc

243 2527 352 2598 qui
383 2529 498 2582 Deo
528 2531 712 2584 credit
746 2530 822 2585 ad
849 2531 1138 2585 auxilium
1181 2531 1310 2599 ejus
1336 2527 1701 2598 confugiens.
1752 2531 1896 2586 nihil

246 2598 301 2671 ei
340 2600 553 2669 poterit
583 2602 906 2671 praevalere
941 2620 954 2668 ;
985 2608 1180 2656 certus
1210 2598 1296 2655 est
1327 2602 1485 2655 enim
1516 2605 1572 2654 in
1608 2606 1895 2671 potestate

246 2669 297 2737 ej
312 2685 525 2743 usesse
554 2669 682 2742 quae
711 2672 862 2735 fecit,
883 2679 938 2727 et
963 2688 1082 2727 non
1110 2672 1329 2727 audere
1343 2669 1697 2727 contraeum
1714 2689 1894 2743 quem

246 2740 637 2814 videtADeu'm
675 2759 1059 2799 communem
1104 2744 1324 2798 habere
1356 2744 1696 2814 propitium.
1731 2740 1893 2799 Certe

238 2810 386 2866 fecit
418 2812 569 2867 Deus
587 2816 900 2881 mundum,
926 2816 1177 2871 etsolcm
1193 2815 1247 2870 et
1268 2810 1896 2880 stellas—creavit,con-

240 2884 494 2938 stituens
526 2885 610 2939 eis
634 2902 843 2959 cursus
856 2887 1075 2959 quibus
1090 2889 1457 2957 gubernatur
1479 2902 1665 2955 genus
1683 2887 1893 2959 huma-

237 2970 415 3029 num:
436 2958 729 3029 numquid
746 2974 863 3013 non
880 2958 1054 3013 habet
1072 2962 1427 3029 potestatem
1442 2958 1735 3029 imperare
1753 2958 1890 3021 illis,

240 3031 305 3100 ut
322 3026 652 3097 aliquando
675 3029 839 3083 aliud
856 3026 1091 3099 faciant,
1108 3046 1291 3100 quam
1307 3030 1608 3083 decretum
1628 3028 1894 3084 habent?

237 3098 336 3171 S_ic
365 3101 524 3153 enim
556 3116 624 3154 ea
651 3101 938 3166 condidit,
964 3108 1025 3156 ut
1054 3098 1332 3156 Voluntati
1366 3100 1737 3171 subjaceant,
1760 3106 1892 3155 tunc

233 3169 488 3243 demum
521 3186 734 3226 cursus
768 3173 1036 3227 decretos
1059 3169 1490 3243 exsequantur,
1516 3172 1561 3243 si
1587 3170 1745 3243 aliud
1782 3171 1893 3225 mi-

234 3241 402 3315 nime
435 3240 607 3315 fuerit
632 3249 993 3315 praeceptum
1029 3260 1041 3297 :
1075 3249 1135 3299 ut
1160 3240 1481 3315 sifrogatus
1515 3242 1591 3297 ab
1624 3244 1691 3296 iis
1719 3242 1891 3315 fuerit

229 3312 460 3386 quibus
492 3312 852 3386 ministrant,
868 3315 1047 3384 perid
1078 3314 1242 3386 quod
1273 3319 1374 3369 aut
1399 3315 1757 3384 importunae
1776 3313 1891 3368 sint

233 3382 477 3453 pluvite,
522 3392 623 3439 aut
654 3382 841 3441 nimia
872 3382 1139 3442 Vsiccitat'e
1171 3386 1393 3440 steriles
1450 3382 1673 3440 fructus
1700 3401 1890 3456 appa-

234 3460 426 3529 reant,
456 3456 665 3524 jubeat
705 3459 1023 3529 temperari
1084 3462 1355 3529 tempus:
1405 3463 1507 3512 aut
1538 3457 1584 3511 si
1627 3457 1794 3521 forte,
1830 3461 1890 3512 ut

234 3525 476 3591 assolet,
512 3528 658 3582 irato
695 3531 810 3583 Deo
832 3525 1037 3584 'vivant
1080 3525 1377 3591 homines,
1410 3529 1554 3582 dum
1588 3544 1692 3598 per
1722 3529 1889 3582 luxu-

236 3598 387 3670 riam
409 3603 465 3651 et
498 3600 819 3654 vanitatem
834 3601 1183 3655 oberrantes
1200 3616 1317 3654 non
1334 3599 1735 3670 faciuntquod
1763 3600 1887 3669 pla-

234 3673 332 3723 cet
363 3668 497 3742 Deo,
533 3670 863 3742 diutissime
885 3687 1177 3742 suspensa
1200 3668 1727 3742 pluvia,utfac'tum
1746 3668 1883 3738 legi-

234 3755 375 3812 mus
397 3741 515 3812 sub
546 3741 662 3796 Elia
680 3748 735 3796 et
762 3741 1882 3812 Elisaao,famenexcitetsuperterram,

230 3810 642 3884 satisfactione
684 3813 954 3884 placatus
1007 3819 1233 3868 annuat
1294 3820 1353 3867 ut
1389 3810 1610 3867 imbres
1644 3814 1886 3883 irrigent

232 3882 471 3955 aridam
501 3884 584 3949 (ΙΙΙ
610 3882 737 3955 Reg.
768 3902 927 3948 xvui,
953 3886 1062 3955 43).
1100 3885 1315 3939 Eodem
1345 3886 1504 3939 enim
1534 3886 1713 3937 modo
1737 3882 1885 3939 ratio

231 3953 446 4027 mundi
476 3962 584 4019 est,
617 3953 1349 4027 uttimperium’saaculare.
1384 3957 1697 4019 Quomodo
1725 3958 1882 4009 enim

230 4024 485 4105 quidam
514 4028 695 4105 pressi
726 4044 761 4082 a
794 4024 1120 4082 rectoribus
1150 4028 1611 4105 provinciarum.
1632 4028 1887 4105 adauxif

231 4097 386 4150 lium
417 4101 847 4167 lmperatorum
901 4103 1210 4153 recurrunt
1243 4105 1305 4152 ut
1336 4098 1641 4165 erigantur
1672 4115 1684 4163 ;
1716 4098 1796 4152 ita
1831 4102 1885 4152 et

228 4167 514 4239 homines
547 4170 595 4222 si
612 4169 865 4224 adversa
879 4170 986 4224 sibi
1006 4170 1257 4224 viderint
1280 4175 1568 4239 tempora,
1589 4170 1886 4239 supplices

229 4253 294 4312 se
322 4238 780 4312 prtebeantDeo,
802 4241 859 4294 in
879 4242 1048 4309 cujus
1068 4247 1354 4312 potestate
1379 4238 1513 4295 sunt
1529 4238 1751 4295 omnia.
1771 4240 1883 4294 Sed

226 4309 348 4362 hoc
364 4311 802 4366 mathematicis
832 4328 951 4366 non
968 4309 1218 4366 videtur.
1241 4312 1410 4366 Aliud
1429 4313 1585 4367 enim
1611 4313 1886 4367 inquiunt

225 4380 353 4455 ﬁeri
392 4396 511 4435 non
546 4398 743 4451 posse,
776 4399 963 4455 quam
996 4390 1059 4439 ut
1090 4385 1288 4438 sidera
1336 4384 1605 4438 decretas
1638 4380 1883 4455 sibiimr-

221 4452 677 4533 pleantucausas
712 4473 729 4533 :7
750 4452 816 4509 ef
833 4470 1029 4533 neque
1061 4455 1349 4533 revocari,
1395 4471 1588 4526 neque
1615 4455 1686 4533 ad
1710 4454 1880 4533 aliud

223 4522 455 4593 impelli
484 4532 755 4594 possunt,
788 4528 892 4580 sed
927 4522 1109 4580 semel
1134 4530 1354 4581 statuta
1393 4522 1633 4580 servant
1662 4525 1879 4579 ofﬁcia.

220 4595 363 4648 Heec
386 4597 948 4652 mathematicorum
965 4599 1329 4652 asseveratio
1348 4603 1453 4661 est,
1480 4596 1885 4651 utdicantfata

223 4665 687 4740 immutarinon
719 4683 919 4738 pOSse,
949 4685 1141 4740 neque
1162 4668 1436 4733 precibus
1452 4668 1678 4739 aliquid
1702 4668 1884 4737 impe-

223 4737 401 4803 trari;
451 4739 595 4808 quia
644 4737 826 4793 semel
878 4737 1061 4795 Deum
1120 4740 1326 4793 dicunt
1383 4737 1661 4793 statuisse
1708 4740 1884 4793 totius

219 4809 441 4863 mundi
473 4810 787 4872 rationem,
824 4817 878 4865 et
907 4812 1190 4865 ministris
1217 4810 1511 4864 sideribus
1547 4810 1881 4873 tradidisse,

217 4896 354 4950 quae
388 4896 586 4953 neque
618 4886 770 4935 retro
802 4898 999 4953 neque
1031 4888 1167 4936 ante
1199 4883 1323 4936 ﬁeri
1362 4890 1630 4952 possunt.
1670 4884 1765 4936 Hic
1797 4888 1885 4936 est

218 4967 392 5024 error
426 4952 1013 5017 mathematicorum,
1043 4970 1164 5023 quo
1191 4960 1246 5007 et
1269 4955 1452 5008 Deum
1486 4954 1749 5024 pulsant.
1780 4954 1886 5007 Per

218 5023 384 5077 hanc
399 5024 559 5096 enim
578 5026 1083 5079 asseverationem
1100 5031 1317 5092 negant
1334 5025 1554 5096 aliquid
1574 5041 1746 5095 posse
1762 5024 1884 5078 ﬁeri

220 5094 684 5166 extraordinem
719 5097 948 5159 mundi,
986 5103 1045 5149 ut
1075 5096 1278 5151 omnia
1309 5094 1448 5166 quae
1495 5098 1551 5150 in
1580 5094 1822 5150 mundo
1852 5112 1886 5150 a

225 5164 350 5219 Deo
384 5164 543 5221 facta
574 5166 873 5234 leguntur,
909 5167 958 5221 si
979 5168 1235 5222 amundi
1266 5164 1886 5235 legediscordant,ne-

222 5241 369 5305 gent
401 5236 747 5309 credenda:
776 5238 880 5294 illa
926 5244 1125 5294 autem
1177 5246 1522 5294 asseverant
1561 5240 1886 5309 qusejuxta

225 5308 445 5381 mundi
468 5314 688 5363 statuta
712 5308 865 5364 facta
889 5309 1187 5374 dicuntur,
1212 5316 1273 5364 ut
1300 5326 1491 5381 neque
1522 5308 1684 5378 virgo
1712 5326 1886 5380 pepe-

223 5380 379 5433 risse
414 5379 665 5452 dicatur,
700 5396 894 5452 neque
926 5382 1095 5450 virga
1126 5388 1318 5437 Aaron
1353 5379 1626 5436 ﬂoruisse
1654 5387 1707 5435 et
1731 5379 1888 5436 fruc-

228 5457 357 5524 tum
375 5451 645 5524 attulisse
664 5451 847 5517 (Νωή.
873 5469 1011 5515 xvu,
1045 5454 1119 5523 8),
1146 5469 1338 5524 neque
1373 5455 1516 5509 Sara
1535 5469 1687 5507 anus
1713 5468 1886 5523 pepe.

228 5521 383 5576 risse
418 5520 571 5590 (Gen.
606 5539 727 5586 χχι,
748 5524 821 5592 '2).
846 5520 1531 5579 Hmcenimmtindiralio
1556 5541 1668 5577 non
1684 5520 1884 5585 habet,

229 5594 371 5663 quia
403 5597 571 5649 extra
595 5595 809 5649 mundi
836 5595 1107 5651 ordinem
1132 5612 1165 5650 a
1186 5597 1302 5649 Deo
1324 5596 1477 5650 facta
1514 5596 1803 5661 leguntur.
1827 5595 1888 5648 Et

230 5663 384 5736 quid
411 5663 652 5730 mirum,
681 5665 729 5720 si
759 5671 964 5721 auctor
995 5667 1351 5722 mundifecit
1371 5667 1532 5739 quod
1560 5682 1673 5721 non
1700 5671 1889 5739 potest

295 5817 309 5847 ¹
346 5814 444 5864 Ms.
474 5814 825 5874 Colbertinus,
849 5817 1033 5867 ductio.

1772 265 2155 323 APPENDIX.

3476 30 3479 31 ν
3514 32 3531 41 ⁴
3644 24 3785 43 arma
3910 36 3911 39 Ἴ
4026 36 4067 43 ῃ

442 26 4099 99 νἭΨίΑὲεέέμθτΜ-εῴ-ἰω

2444 74 2447 75 ν
2520 74 2531 77 -
2674 76 2679 79 .
2734 76 2749 79 ν
2776 76 2801 79 -
2826 74 2839 79 -
2864 76 2905 81 ν-
2950 74 3053 83 νη..-

3522 283 3664 339 2358

2024 389 2289 447 mundus
2318 390 2479 474 ?Sed_
2503 396 2906 474 transgressus
2934 400 3249 469 videretur,
3279 405 3465 472 aiunt,
3499 408 3672 463 ratio-

2020 480 2159 518 nem
2172 477 2354 549 quam
2373 467 2594 549 statuit,
2611 467 2657 549 si
2673 467 2841 523 aliter
2855 470 2981 540 ipse
2998 473 3207 549 fecisse
3230 467 3671 549 dicatur,qnarn

2025 535 2559 612 mundodecrevit.
2595 538 2714 605 Age
2745 535 2907 612 vero,
2965 546 3195 600 mundo
3241 546 3432 612 legem
3462 535 3671 606 statuit

2023 606 2297 687 faciendi,
2328 612 2429 687 aut
2459 610 2781 687 generandi
2809 630 2821 677 ;
2848 616 3142 685 numquid
3158 617 3264 671 sibi
3296 606 3407 673 6{Et
3436 620 3670 674 humili-

2024 682 2109 732 tas
2135 681 2264 746 ejus
2294 683 2438 741 erat,
2460 681 2507 731 si
2542 681 2625 733 sic
2652 681 2887 744 faceret,
2907 681 3053 740 sicut
3076 689 3152 743 ab
3183 705 3252 742 eo
3277 690 3552 744 conditus
3582 698 3673 748 est

2022 749 2333 831 mundus?
2362 751 2423 831 Et
2457 748 2614 831 unde
2645 752 2723 806 ab
2755 754 3078 831 eo_fa_ctt_1m
3135 760 3575 831 intelligeretur,
3623 763 3670 817 si

2020 820 2370 900 mundilege
2386 819 2622 900 fecisset
2644 825 2807 890 quod
2826 826 2956 881 fecit
2976 828 3003 900 ?
3022 830 3089 883 Ut
3103 835 3303 884 autem
3323 819 3671 900 intelligere-

2020 896 2115 945 tur
2140 908 2185 967 a7
2200 894 2314 946 Deo
2343 891 2584 967 factum,
2610 910 2729 947 non
2751 911 2784 950 a
2805 899 3055 967 mundo,
3083 900 3196 955 alio
3222 902 3430 955 ordine
3446 891 3669 958 factum

2018 968 2122 1043 est.
2153 966 2315 1043 Certe
2352 963 2461 1016 soli
2479 964 2741 1043 decrevit
2762 963 3263 1043 utincessabiliter
3286 972 3530 1043 impleat
3556 981 3669 1030 sta-

2019 1035 2369 1114 tutaspatia,
2405 1050 2514 1088 nec
2546 1034 3098 1114 habeatlicentiam
3115 1043 3312 1114 standi
3339 1034 3670 1114 ;numquid

2017 1104 2495 1184 quilianclegem
2525 1107 2575 1184 ei
2609 1109 2829 1184 statuit,
2867 1126 2984 1165 non
3024 1104 3134 1182 ipsi
3170 1104 3369 1169 licebit
3408 1104 3669 1170 statuere

2016 1176 2227 1232 illum?
2255 1178 2415 1230 Certe
2438 1177 2739 1244 judicibus
2758 1176 3483 1241 statutum'estneliceatin
3500 1201 3666 1241 reum

2014 1246 2219 1327 datam
2235 1249 2586 1327 sententiam
2603 1265 2885 1327 revocare
2913 1272 2924 1319 ;
2949 1257 3244 1327 numquid
3263 1262 3316 1310 et
3336 1258 3464 1327 ipse
3480 1258 3670 1327 impe-

2014 1322 2177 1397 rator
2207 1318 2319 1397 sub
2353 1318 2726 1397 haceritlege
2755 1318 2945 1397 ?Nam
2969 1326 3081 1394 ipsi
3113 1318 3669 1383 stililicetrevocai'e

2014 1394 2391 1469 sententiam,
2421 1394 2477 1443 et
2501 1406 2662 1469 reum
2682 1395 2887 1469 mortis
2903 1397 3238 1469 absolvere,
3270 1400 3448 1469 etipsi
3468 1401 3669 1467 ignos-

2014 1476 2173 1514 cere:
2209 1467 2444 1539 quanto
2464 1463 2655 1539 magis
2686 1465 2800 1539 Deo
2830 1466 3004 1539 licere
3030 1468 3203 1522 debet
3229 1463 3403 1539 quod
3440 1463 3667 1526 mundo

2013 1530 2794 1603 concedinondebuit,quia
2819 1535 3108 1592 Creatoris
3136 1540 3225 1593 sui
3250 1530 3336 1595 est
3370 1542 3669 1596 famulus?

2011 1602 2550 1675 Deniquemundus
2569 1602 2873 1673 perlegem
2905 1608 3018 1662 sibi
3055 1610 3354 1675 traditam,
3389 1612 3667 1667 occidere

2011 1674 2319 1745 potest,viv
2332 1674 2530 1728 ilicare
2548 1691 2669 1729 non
2686 1682 2895 1745 potest;
2910 1696 3011 1747 per
3025 1674 3547 1750 intemperantiam
3562 1699 3671 1737 cae~

2011 1762 2149 1822 eum
2164 1762 2363 1822 creare
2388 1751 2596 1815 potest,
2627 1750 2832 1822 oculos
2854 1750 2933 1803 illi
2951 1751 3275 1807 reformare
3300 1768 3417 1806 non
3440 1759 3665 1822 potest;

2011 1817 2371 1891 imbecillem
2386 1823 2679 1891 ettegrum
2695 1818 2888 1891 facere
2905 1827 3116 1891 potest,
3137 1840 3345 1877 curare
3364 1817 3528 1877 illum
3547 1817 3667 1879 non

2011 1893 2232 1958 potest:
2263 1889 2376 1965 hoc
2408 1889 2566 1965 enim
2601 1889 2708 1943 sibi
2740 1889 3264 1965 Deus'reservavit,
3297 1896 3454 1948 unde
3483 1911 3669 1965 appa-

2009 1966 2135 2014 reat
2160 1976 2298 2013 eum
2323 1960 2640 2013 Dominum
2661 1962 2932 2017 omnium
2958 1980 3113 2018 esse.
3135 1966 3225 2018 Ad
3252 1960 3665 2021 subruendum

2009 2031 2168 2085 enim
2194 2031 2377 2085 fatum
2398 2032 2669 2103 pertinet,
2685 2033 2827 2103 quia
2844 2036 3058 2089 mortui
3078 2042 3486 2101 surrexerunt;
3510 2053 3665 2091 caeco

2010 2109 2151 2177 nato
2174 2102 2324 2156 oculi
2346 2101 2650 2157 reformati
2674 2101 2828 2167 sunt,
2860 2108 2997 2177 aegri
3028 2111 3083 2160 et
3112 2108 3420 2177 paralytici
3449 2109 3664 2162 conﬁr-

2009 2175 2151 2228 mati
2181 2178 2337 2236 sunt,
2371 2180 2427 2227 et
2456 2180 2667 2245 cratera
2695 2191 2828 2245 quas
2856 2176 3013 2231 facta
3040 2175 3178 2233 sunt
3201 2175 3336 2243 alia,
3373 2184 3432 2233 ut
3461 2179 3664 2233 confu-

2006 2244 2307 2320 gientibus
2340 2245 2413 2298 ad
2433 2244 2656 2320 peum.
2692 2244 2738 2299 si
2770 2248 2915 2317 quid
2949 2247 3046 2302 fati
3081 2266 3210 2303 esse
3242 2254 3455 2320 potest,
3480 2250 3665 2320 impe-

2006 2316 2337 2389 dimentum
2385 2314 2594 2389 afferre
2624 2333 2742 2372 non
2790 2314 2994 2389 passit.
3031 2319 3180 2374 Dicit
3210 2314 3370 2374 enim
3408 2314 3663 2375 Joannes

2007 2388 2315 2461 apostolus
2352 2402 2363 2440 :
2399 2388 2589 2461 Major
2616 2396 2709 2461 est,
2744 2388 2954 2457 inquit,
2990 2392 3084 2460 qui
3110 2392 3169 2445 in
3198 2391 3345 2445 nobis
3373 2398 3470 2456 est,
3503 2409 3661 2461 quam

2005 2460 2099 2533 qui
2127 2459 2186 2511 in
2215 2460 2307 2513 hoc
2327 2459 2580 2533 mundotl
2606 2460 2766 2516 Joan.
2792 2477 2868 2524 IV,
2898 2464 2974 2531 4).
2994 2459 3259 2531 Rogatus
3290 2464 3447 2517 enim
3480 2459 3656 2533 Deus,

2006 2530 2185 2584 etiam
2212 2546 2348 2599 quas
2381 2531 2589 2585 statuit
2624 2539 2880 2587 amovet.
2917 2530 3061 2588 Nam
3098 2530 3310 2599 utique
3355 2537 3562 2588 statuit
3599 2530 3659 2589 in

2007 2550 2185 2584 euam
2212 2550 2348 2599 qua:
2381 2550 2589 2585 Slalllll
2624 2550 2880 2587 amovet.
2917 2550 3061 2588 Nam
3110 2550 3187 2588 [ΠΙ
3242 2550 3310 2587 ue
3355 2550 3562 2588 statu".
3599 2550 3659 2589 ΙΙ]

2007 2607 2346 2682 peccatores
2379 2600 2831 2682 vindicandum,
2872 2610 3157 2682 attamen
3195 2550 3660 2682 deprecantibus

2007 2673 2294 2744 ignoscit;
2330 2673 2470 2742 quia
2498 2674 2607 2742 ipsi
2634 2673 2740 2727 soli
2772 2675 2901 2729 licet
2930 2676 3113 2744 ligare
3140 2682 3192 2730 et
3221 2673 3471 2731 solvere.
3498 2677 3659 2731 Unde

2005 2758 2142 2797 cum
2162 2743 2268 2797 soli
2293 2743 2465 2797 statio
2488 2759 2775 2817 concessa
2798 2762 2915 2800 non
2946 2743 3037 2811 sit,
3068 2747 3181 2802 sub
3199 2748 3337 2801 Jesu
3362 2750 3519 2803 Nave
3536 2748 3659 2817 jus-

2005 2830 2108 2867 sus
2158 2820 2245 2889 est
2288 2819 2484 2889 stare,_
2513 2819 2568 2889 et
2625 2816 2887 2889 obedivit
2919 2818 3049 2887 ejus
3094 2819 3345 2889 imperio
3377 2816 3553 2886 (Jama
3598 2834 3657 2882 x,

2008 2890 2091 2951 l2,
2122 2886 2446 2954 l3),contra
2472 2886 2529 2939 id
2553 2887 2716 2957 quod
2748 2888 2857 2941 sibi
2885 2886 3200 2943 inratione
3236 2890 3442 2943 mundi
3468 2890 3659 2945 fuerat

2005 2957 2533 3031 praeceptumsub
2554 2958 2798 3031 Ezechia
2820 2964 3018 3014 autem
3047 2960 3306 3031 amplius
3334 2960 3555 3015 factum
3584 2962 3659 3014 le-

2003 3030 2183 3097 gitur;
2209 3029 2351 3099 quia
2382 3034 2443 3081 ut
2470 3029 2766 3101 Ezechias,
2795 3031 2957 3100 quod
2983 3031 3093 3085 sibi
3118 3029 3480 3101 promissum
3511 3036 3656 3094 erat,

2004 3114 2211 3173 verum
2261 3113 2389 3151 esse
2426 3114 2548 3152 non
2597 3100 2907 3173 dubitaret,
2948 3100 3195 3173 rsignum
3244 3102 3361 3157 tale
3406 3103 3653 3173 accepit,

2002 3169 2165 3241 quod
2195 3185 2419 3223 novum
2446 3174 2600 3223 esset
2631 3177 2684 3224 et
2713 3170 2991 3226 humanis
3013 3173 3261 3227 auribus
3292 3169 3651 3228 inauditum.

2002 3240 2125 3297 Non
2155 3241 2313 3295 enim
2347 3241 2495 3294 sicut
2529 3240 2691 3310 prius
2720 3241 2829 3294 soli
2856 3243 3091 3309 jussum
3120 3249 3205 3297 est
3237 3248 3297 3298 ut
3328 3250 3532 3307 staret,
3550 3244 3655 3299 sed

2004 3319 2065 3366 ut
2097 3317 2484 3366 reverteretur
2513 3317 2668 3367 retro
2698 3311 2787 3381 (IV
2816 3313 2941 3383 Reg.
2966 3329 3065 3377 xx,
3106 3315 3189 3384 tl)
3217 3314 3410 3383 :quod
3446 3315 3656 3369 videns

2002 3384 2280 3438 Ezechias
2301 3389 2529 3437 certum
2551 3383 2796 3437 haberet
2816 3400 2954 3439 eum
2979 3400 3151 3454 posse
3172 3383 3285 3438 sibi
3309 3385 3653 3454 quindecim

2000 3472 2192 3511 annos
2240 3454 2460 3509 addere
2491 3454 2567 3527 ad
2600 3455 2802 3520 vitam,
2827 3457 2930 3527 qui
2969 3456 3043 3509 de
3070 3455 3218 3510 hora
3248 3470 3407 3509 nona
3438 3455 3658 3527 fecerat

2002 3533 2247 3581 sextam.
2297 3528 2358 3579 Et
2406 3525 2549 3596 quia
2593 3532 2799 3581 contra
2846 3525 3305 3581 mathematicos
3353 3531 3439 3580 est
3487 3525 3653 3596 quod

1998 3600 2253 3656 Ezechias
2277 3613 2629 3652 concessum
2655 3604 2759 3663 est,
2780 3604 3001 3667 negant
3020 3600 3177 3651 enim
3202 3612 3380 3667 posse
3406 3597 3545 3651 addi
3574 3597 3653 3650 ad

1998 3675 2180 3726 vitam
2209 3686 2221 3735 ;
2257 3670 2493 3735 signum
2530 3670 2741 3724 iterum
2774 3670 2830 3723 in
2861 3671 2970 3723 hac
3001 3685 3059 3723 re
3090 3669 3254 3740 quod
3286 3673 3490 3723 contra
3522 3684 3654 3721 ma-

1997 3743 2347 3798 thematicos
2367 3746 2540 3805 esset,
2561 3741 2794 3810 accipit.
2816 3740 3183 3808 Impossibile
3197 3741 3354 3793 enim
3376 3745 3654 3793 asserunt

1997 3813 2155 3868 aliud
2191 3819 2350 3865 astra
2383 3812 2573 3865 facere
2605 3827 2788 3882 quam
2823 3812 3003 3865 habet
3045 3812 3456 3865 constitutum.
3487 3813 3651 3866 Certe

1996 3885 2096 3940 fati
2128 3898 2256 3937 esse
2297 3883 2501 3936 dicunt
2538 3898 2773 3935 servum
2816 3883 3056 3948 habere,
3091 3889 3193 3936 aut
3232 3898 3352 3936 non
3392 3882 3641 3936 habere.

1997 3955 2255 4011 Esto.Ab
2282 3954 2446 4007 initio
2478 3954 2684 4007 mundi
2715 3953 2839 4008 haec
2871 3955 2991 4008 fata
3020 3954 3117 4008 ubi
3154 3954 3432 4008 fuerunt?
3454 3955 3651 4023 Usque

1995 4028 2072 4083 ad
2086 4026 2375 4080 diluvium
2392 4025 2551 4078 enim
2567 4025 2787 4080 etinfra
2804 4026 2988 4080 multa
3010 4026 3157 4079 serie
3184 4040 3479 4079 annorum
3498 4031 3653 4079 tran-

1995 4104 2181 4162 sacta,
2213 4112 2329 4149 non
2375 4097 2479 4149 fuit
2513 4096 2639 4149 haec
2670 4097 2931 4151 conditio
2977 4096 3292 4150 servitutis.
3327 4102 3439 4150 Aut
3474 4111 3651 4149 num-

1994 4169 2139 4248 quid
2167 4184 2235 4248 ex
2266 4168 2389 4222 Nini
2409 4168 2580 4248 regis
2611 4168 2977 4248 temporibus
3010 4168 3139 4248 haec
3168 4167 3287 4248 fata
3317 4170 3647 4246 cmperunt,

1992 4238 2093 4313 qui
2129 4241 2357 4313 primus
2389 4238 2605 4292 dicitur
2641 4238 2909 4313 ﬁnitimis
2942 4239 3096 4313 bella
3116 4238 3341 4313 inferre
3374 4238 3647 4306 cmpisse,

1995 4308 2047 4368 et
2073 4308 2281 4381 captos
2310 4308 2500 4363 facere
2524 4311 2783 4365 servituti
2805 4310 3139 4365 obnoxios?
3162 4310 3331 4381 Vides
3349 4323 3491 4375 ergo
3514 4322 3651 4376 pos-

1995 4389 2087 4439 tea
2119 4380 2231 4436 hoc
2268 4396 2395 4434 esse
2422 4381 2753 4446 inventum,
2788 4388 2843 4436 et
2874 4395 2991 4436 non
3026 4395 3153 4433 esse
3186 4380 3306 4443 fati,
3338 4380 3441 4431 sed
3474 4383 3647 4431 actus

1994 4456 2339 4510 daemonum
2365 4471 2376 4520 ;
2398 4453 2540 4523 quia
2567 4453 2613 4505 si
2644 4452 2744 4506 fati
2779 4453 3048 4523 esset,ab
3081 4451 3247 4505 initio
3276 4447 3486 4523 mundi
3511 4447 3647 4523 fuis-

1995 4533 2099 4580 set.
2120 4528 2248 4595 lpsa
2279 4520 2437 4578 enim
2471 4531 2610 4577 sunt
2640 4523 2835 4578 sidera
2860 4522 3349 4600 qumjactasuut
3365 4522 3430 4600 in
3450 4520 3646 4600 initio,

1993 4604 2049 4652 et
2081 4590 2238 4651 nunc
2268 4600 2468 4649 manet
2498 4611 2706 4649 cursus
2734 4590 2961 4649 eorum.
3000 4593 3064 4647 Et
3095 4598 3271 4647 antea
3302 4594 3419 4647 vita
3450 4590 3649 4645 homi-

1996 4685 2139 4723 num
2159 4667 2403 4735 agrestis
2421 4671 2566 4729 erat,
2581 4682 2689 4720 nec
2703 4666 2917 4720 divitiis
2933 4663 3313 4719 studebatur:
3339 4662 3649 4734 quomodo

1994 4756 2152 4794 nunc
2184 4737 2464 4803 astrologi
2494 4753 2597 4808 per
2624 4742 2778 4792 astra
2807 4737 3013 4791 dicunt
3033 4736 3245 4790 divites
3270 4740 3326 4789 et
3354 4747 3648 4808 pauperes

1994 4809 2163 4866 ﬁeri?
2191 4804 2750 4879 Numquid—mutata
2781 4814 2919 4861 sunt
2949 4808 3152 4864 astra?
3178 4808 3260 4879 At
3301 4804 3560 4879 versutia
3593 4806 3651 4879 et

1993 4875 2469 4956 prtBstigiutn-est
2490 4880 2834 4956 Satanaa,_ut
2854 4896 2921 4934 ea
2956 4894 3059 4956 per
3088 4878 3285 4956 stellas
3314 4876 3477 4956 dicat
3496 4875 3645 4956 ﬁeri,

1994 4948 2127 5025 quae
2143 4952 2368 5021 angelis
2383 4952 2506 5025 suis
2526 4950 2806 5025 ministris
2833 4948 3127 5025 operatur.
3148 4948 3475 5025 Accedente
3489 4948 3645 5025 enim

1994 5018 2109 5080 tem
2122 5018 2263 5091 pore
2277 5039 2396 5094 quo
2411 5022 2675 5077 interitus
2689 5023 2741 5077 ei
2757 5018 3291 5094 apprOpinquat,m
3302 5020 3467 5089 ajora
3484 5018 3647 5094 adin-

1995 5088 2151 5150 venit
2171 5088 2732 5167 perqtuepeccetur.
2758 5088 2897 5167 Ecce
2922 5088 3469 5167 scimuslaborasse
3489 5088 3645 5167 fame

1997 5159 2247 5231 Italiam,
2279 5159 2335 5219 et
2360 5159 2637 5230 Africam,
2670 5171 2724 5218 et
2753 5164 3035 5228 Siciliam,
3064 5170 3115 5217 et
3148 5161 3518 5231 Sardiniam;
3554 5159 3647 5211 di-

1995 5245 2131 5293 cant
2160 5236 2654 5304 mathematici,si
2683 5252 2893 5292 omnes
2917 5236 2978 5289 hi
3007 5250 3193 5287 unum
3213 5233 3400 5287 fatum
3425 5230 3648 5304 habue-

1995 5314 2151 5373 runt,
2187 5325 2323 5362 cum
2361 5308 2507 5361 inter
2542 5301 2776 5361 centum
2828 5322 2901 5360 ne
2941 5306 3185 5376 quidem
3235 5304 3495 5357 duorum
3528 5301 3647 5354 fata

1998 5382 2108 5435 sibi
2142 5378 2459 5435 convenire
2501 5394 2675 5451 posse
2711 5378 3002 5431 dicantur.
3040 5376 3422 5451 Erubescant,
3467 5376 3521 5426 et
3558 5376 3644 5451 'ta-

1994 5458 2201 5515 ceant;
2236 5457 2291 5505 et
2324 5454 2438 5504 Deo
2469 5443 2767 5520 supplices
2816 5464 3029 5520 manus
3063 5445 3324 5520 tendant,
3368 5443 3427 5520 in
3476 5443 3648 5512 cujus

1998 5528 2284 5595 potestate
2317 5527 2457 5595 sunt
2484 5518 2709 5595 omnia.
2742 5520 2852 5575 Sed
2885 5519 3086 5595 in_ho_c
3120 5518 3262 5571 forte
3294 5518 3645 5595 subreptum

1996 5590 2081 5649 est
2103 5593 2237 5648 fatis
2262 5594 2288 5649 ‘P
2313 5592 2460 5656 Quid
2490 5592 2764 5645 dicamus
2786 5606 2912 5645 esse
2939 5590 3011 5643 de
3045 5590 3369 5652 Pannonia,
3398 5602 3532 5655 qum
3566 5590 3649 5656 sic

1996 5682 2164 5720 erasa
2187 5670 2292 5729 est,
2326 5655 2385 5717 ut
2409 5663 2739 5717 remedium
2766 5661 2986 5717 habere
3014 5676 3133 5716 non
3157 5658 3396 5729 possit?
3423 5656 3465 5712 Ο
3488 5655 3650 5711 infir-

1998 5737 2174 5792 mitas
2202 5752 2409 5792 eorum
2445 5735 2456 5788 !
2494 5734 2638 5805 quia
2667 5731 3078 5805 ﬁdependula
3128 5731 3485 5805 christianos
3518 5743 3647 5782 sese

1996 5809 2370 5882 proﬁtentur.
2396 5801 2548 5862 Dum
2580 5805 2741 5861 enim
2770 5801 2843 5861 de
2875 5804 3185 5877 promissis
3217 5801 3512 5866 dubitant,
3537 5813 3647 5854 nec
