  <div class='ocr_page' id='page_1' title='image "/cluster/home/n/w/nwhite01/storage/ocr_20150623/35/hvd.32044054170956/529.png"; bbox 0 0 4158 6204; ppageno 0'>
   <div class='ocr_carea' id='block_1_1' title="bbox 514 146 656 204">
    <p class='ocr_par' dir='ltr' id='par_1_1' title="bbox 514 146 656 204">
     <span class='ocr_line' id='line_1_1' title="bbox 514 146 656 204; baseline -0.035 0"><span class='ocrx_word' id='word_1_1' title='bbox 514 146 656 204; x_wconf 79' lang='lat'><strong>2359</strong></span> 
     </span>
    </p>
   </div>
   <div class='ocr_carea' id='block_1_2' title="bbox 505 266 2156 339">
    <p class='ocr_par' dir='ltr' id='par_1_2' title="bbox 505 266 2156 339">
     <span class='ocr_line' id='line_1_2' title="bbox 505 266 2156 339; baseline -0.004 -12"><span class='ocrx_word' id='word_1_2' title='bbox 505 271 584 327; x_wconf 89' lang='lat' dir='ltr'><strong>de</strong></span> <span class='ocrx_word' id='word_1_3' title='bbox 612 268 684 323; x_wconf 89' lang='lat' dir='ltr'><strong>iis</strong></span> <span class='ocrx_word' id='word_1_4' title='bbox 715 282 851 338; x_wconf 73' lang='lat' dir='ltr'><strong>quea</strong></span> <span class='ocrx_word' id='word_1_5' title='bbox 878 267 1036 323; x_wconf 88' lang='lat' dir='ltr'><strong>facta</strong></span> <span class='ocrx_word' id='word_1_6' title='bbox 1066 272 1223 334; x_wconf 88' lang='lat' dir='ltr'><strong>sunt,</strong></span> <span class='ocrx_word' id='word_1_7' title='bbox 1258 268 1539 339; x_wconf 88' lang='lat' dir='ltr'><strong>cogitant.</strong></span> <span class='ocrx_word' id='word_1_8' title='bbox 1574 266 1634 322; x_wconf 88' lang='lat' dir='ltr'><strong>Si</strong></span> <span class='ocrx_word' id='word_1_9' title='bbox 1665 266 1925 339; x_wconf 11' lang='lat' dir='ltr'><strong>enimuea</strong></span> <span class='ocrx_word' id='word_1_10' title='bbox 1954 279 2089 336; x_wconf 63' lang='lat' dir='ltr'><strong>quae</strong></span> <span class='ocrx_word' id='word_1_11' title='bbox 2120 281 2156 320; x_wconf 88' lang='lat' dir='ltr'><strong>a</strong></span> 
     </span>
    </p>
   </div>
   <div class='ocr_carea' id='block_1_3' title="bbox 508 338 2155 411">
    <p class='ocr_par' dir='ltr' id='par_1_3' title="bbox 508 338 2155 411">
     <span class='ocr_line' id='line_1_3' title="bbox 508 338 2155 411; baseline -0.004 -15"><span class='ocrx_word' id='word_1_12' title='bbox 508 340 814 411; x_wconf 87' lang='lat' dir='ltr'><strong>Prophetis</strong></span> <span class='ocrx_word' id='word_1_13' title='bbox 854 344 909 411; x_wconf 86' lang='lat' dir='ltr'><strong>et</strong></span> <span class='ocrx_word' id='word_1_14' title='bbox 938 340 1251 411; x_wconf 13' lang='lat' dir='ltr'><strong>rApostolis</strong></span> <span class='ocrx_word' id='word_1_15' title='bbox 1292 338 1456 407; x_wconf 87' lang='lat' dir='ltr'><strong>gesta</strong></span> <span class='ocrx_word' id='word_1_16' title='bbox 1497 344 1653 403; x_wconf 90' lang='lat' dir='ltr'><strong>sunt,</strong></span> <span class='ocrx_word' id='word_1_17' title='bbox 1686 338 2155 411; x_wconf 85' lang='lat' dir='ltr'><strong>considerarent,</strong></span> 
     </span>
    </p>
   </div>
   <div class='ocr_carea' id='block_1_4' title="bbox 511 408 2149 482">
    <p class='ocr_par' dir='ltr' id='par_1_4' title="bbox 511 408 2149 482">
     <span class='ocr_line' id='line_1_4' title="bbox 511 408 2149 482; baseline -0.002 -15"><span class='ocrx_word' id='word_1_18' title='bbox 511 408 826 482; x_wconf 79' lang='lat' dir='ltr'><strong>nunquam</strong></span> <span class='ocrx_word' id='word_1_19' title='bbox 854 408 1106 482; x_wconf 76' lang='lat' dir='ltr'><strong>tabulas</strong></span> <span class='ocrx_word' id='word_1_20' title='bbox 1148 412 1703 466; x_wconf 85' lang='lat' dir='ltr'><strong>mathematicorum</strong></span> <span class='ocrx_word' id='word_1_21' title='bbox 1743 408 2149 464; x_wconf 75' lang='lat' dir='ltr'><strong>admitterent.</strong></span> 
     </span>
    </p>
   </div>
   <div class='ocr_carea' id='block_1_5' title="bbox 514 481 2155 551">
    <p class='ocr_par' dir='ltr' id='par_1_5' title="bbox 514 481 2155 551">
     <span class='ocr_line' id='line_1_5' title="bbox 514 481 2155 551; baseline -0.005 -11"><span class='ocrx_word' id='word_1_22' title='bbox 514 481 738 540; x_wconf 83' lang='lat' dir='ltr'><strong>Scirent</strong></span> <span class='ocrx_word' id='word_1_23' title='bbox 769 481 928 536; x_wconf 92' lang='lat' dir='ltr'><strong>enim</strong></span> <span class='ocrx_word' id='word_1_24' title='bbox 958 482 1162 537; x_wconf 80' lang='lat' dir='ltr'><strong>omnia</strong></span> <span class='ocrx_word' id='word_1_25' title='bbox 1192 484 1251 536; x_wconf 91' lang='lat' dir='ltr'><strong>in</strong></span> <span class='ocrx_word' id='word_1_26' title='bbox 1282 483 1380 535; x_wconf 86' lang='lat' dir='ltr'>Dei</span> <span class='ocrx_word' id='word_1_27' title='bbox 1410 498 1543 536; x_wconf 90' lang='lat' dir='ltr'><strong>esse</strong></span> <span class='ocrx_word' id='word_1_28' title='bbox 1576 486 1886 551; x_wconf 78' lang='lat' dir='ltr'><strong>potestate,</strong></span> <span class='ocrx_word' id='word_1_29' title='bbox 1913 495 2019 533; x_wconf 90' lang='lat' dir='ltr'><strong>nec</strong></span> <span class='ocrx_word' id='word_1_30' title='bbox 2049 486 2155 551; x_wconf 86' lang='lat' dir='ltr'><strong>ter-</strong></span> 
     </span>
    </p>
   </div>
   <div class='ocr_carea' id='block_1_6' title="bbox 513 549 2161 623">
    <p class='ocr_par' dir='ltr' id='par_1_6' title="bbox 513 549 2161 623">
     <span class='ocr_line' id='line_1_6' title="bbox 513 549 2161 623; baseline -0.004 -14"><span class='ocrx_word' id='word_1_31' title='bbox 513 560 781 609; x_wconf 87' lang='lat' dir='ltr'><strong>rerentur</strong></span> <span class='ocrx_word' id='word_1_32' title='bbox 807 553 1052 623; x_wconf 85' lang='lat' dir='ltr'><strong>quando</strong></span> <span class='ocrx_word' id='word_1_33' title='bbox 1086 554 1258 607; x_wconf 90' lang='lat' dir='ltr'><strong>bouis</strong></span> <span class='ocrx_word' id='word_1_34' title='bbox 1292 553 1447 607; x_wconf 90' lang='lat' dir='ltr'><strong>mala</strong></span> <span class='ocrx_word' id='word_1_35' title='bbox 1477 549 1782 617; x_wconf 83' lang='lat' dir='ltr'><strong>accidunt;</strong></span> <span class='ocrx_word' id='word_1_36' title='bbox 1813 551 1957 621; x_wconf 83' lang='lat' dir='ltr'><strong>quia</strong></span> <span class='ocrx_word' id='word_1_37' title='bbox 1981 551 2037 603; x_wconf 90' lang='lat' dir='ltr'><strong>in</strong></span> <span class='ocrx_word' id='word_1_38' title='bbox 2070 549 2161 623; x_wconf 10' lang='lat' dir='ltr'><strong>fui-7-</strong></span> 
     </span>
    </p>
   </div>
   <div class='ocr_carea' id='block_1_7' title="bbox 516 622 2157 692">
    <p class='ocr_par' dir='ltr' id='par_1_7' title="bbox 516 622 2157 692">
     <span class='ocr_line' id='line_1_7' title="bbox 516 622 2157 692; baseline -0.004 -11"><span class='ocrx_word' id='word_1_39' title='bbox 516 632 646 681; x_wconf 89' lang='lat' dir='ltr'><strong>turo</strong></span> <span class='ocrx_word' id='word_1_40' title='bbox 692 622 916 690; x_wconf 77' lang='lat' dir='ltr'><strong>judiCio</strong></span> <span class='ocrx_word' id='word_1_41' title='bbox 958 625 1517 687; x_wconf 86' lang='lat' dir='ltr'><strong>remunerabuntur,</strong></span> <span class='ocrx_word' id='word_1_42' title='bbox 1558 639 1851 678; x_wconf 84' lang='lat' dir='ltr'><strong>memores</strong></span> <span class='ocrx_word' id='word_1_43' title='bbox 1898 622 2157 692; x_wconf 85' lang='lat' dir='ltr'><strong>Apostoli</strong></span> 
     </span>
    </p>
   </div>
   <div class='ocr_carea' id='block_1_8' title="bbox 514 693 2161 765">
    <p class='ocr_par' dir='ltr' id='par_1_8' title="bbox 514 693 2161 765">
     <span class='ocr_line' id='line_1_8' title="bbox 514 693 2161 765; baseline -0.003 -15"><span class='ocrx_word' id='word_1_44' title='bbox 514 696 783 758; x_wconf 86' lang='lat' dir='ltr'><strong>dicentis,</strong></span> <span class='ocrx_word' id='word_1_45' title='bbox 820 693 961 758; x_wconf 81' lang='lat' dir='ltr'><strong>Quia</strong></span> <span class='ocrx_word' id='word_1_46' title='bbox 992 711 1091 763; x_wconf 84' lang='lat' dir='ltr'><strong>per</strong></span> <span class='ocrx_word' id='word_1_47' title='bbox 1135 696 1525 758; x_wconf 83' lang='lat' dir='ltr'><strong>tribulationes,</strong></span> <span class='ocrx_word' id='word_1_48' title='bbox 1570 694 1784 765; x_wconf 81' lang='lat' dir='ltr'><strong>inquit,</strong></span> <span class='ocrx_word' id='word_1_49' title='bbox 1817 699 2021 763; x_wconf 87' lang='lat' dir='ltr'><strong>oportet</strong></span> <span class='ocrx_word' id='word_1_50' title='bbox 2060 709 2161 765; x_wconf 84' lang='lat' dir='ltr'><strong>nos</strong></span> 
     </span>
    </p>
   </div>
   <div class='ocr_carea' id='block_1_9' title="bbox 516 764 2156 837">
    <p class='ocr_par' dir='ltr' id='par_1_9' title="bbox 516 764 2156 837">
     <span class='ocr_line' id='line_1_9' title="bbox 516 764 2156 837; baseline -0.002 -17"><span class='ocrx_word' id='word_1_51' title='bbox 516 766 803 821; x_wconf 80' lang='lat' dir='ltr'><strong>intrarein</strong></span> <span class='ocrx_word' id='word_1_52' title='bbox 820 782 1038 834; x_wconf 80' lang='lat' dir='ltr'><strong>regnum</strong></span> <span class='ocrx_word' id='word_1_53' title='bbox 1073 767 1180 819; x_wconf 77' lang='lat' dir='ltr'><strong>Dei</strong></span> <span class='ocrx_word' id='word_1_54' title='bbox 1202 766 1598 837; x_wconf 79' lang='lat' dir='ltr'><strong>(Act.x1v.‘2t).</strong></span> <span class='ocrx_word' id='word_1_55' title='bbox 1626 764 1943 820; x_wconf 81' lang='lat' dir='ltr'><strong>COntentus</strong></span> <span class='ocrx_word' id='word_1_56' title='bbox 1975 764 2156 827; x_wconf 88' lang='lat' dir='ltr'><strong>enim,</strong></span> 
     </span>
    </p>
   </div>
   <div class='ocr_carea' id='block_1_10' title="bbox 516 837 2159 908">
    <p class='ocr_par' dir='ltr' id='par_1_10' title="bbox 516 837 2159 908">
     <span class='ocr_line' id='line_1_10' title="bbox 516 837 2159 908; baseline -0.002 -15"><span class='ocrx_word' id='word_1_57' title='bbox 516 848 572 893; x_wconf 87' lang='lat' dir='ltr'><strong>et</strong></span> <span class='ocrx_word' id='word_1_58' title='bbox 605 837 702 892; x_wconf 85' lang='lat' dir='ltr'><strong>Dei</strong></span> <span class='ocrx_word' id='word_1_59' title='bbox 731 838 819 908; x_wconf 83' lang='lat' dir='ltr'><strong>sui</strong></span> <span class='ocrx_word' id='word_1_60' title='bbox 847 843 1198 906; x_wconf 84' lang='lat' dir='ltr'><strong>exspectans</strong></span> <span class='ocrx_word' id='word_1_61' title='bbox 1220 838 1961 908; x_wconf 74' lang='lat' dir='ltr'><strong>judicium,remuneratus_</strong></span> <span class='ocrx_word' id='word_1_62' title='bbox 1983 837 2159 908; x_wconf 84' lang='lat' dir='ltr'><strong>etiam</strong></span> 
     </span>
    </p>
   </div>
   <div class='ocr_carea' id='block_1_11' title="bbox 514 906 2163 979">
    <p class='ocr_par' dir='ltr' id='par_1_11' title="bbox 514 906 2163 979">
     <span class='ocr_line' id='line_1_11' title="bbox 514 906 2163 979; baseline -0.002 -16"><span class='ocrx_word' id='word_1_63' title='bbox 514 907 931 963; x_wconf 85' lang='lat' dir='ltr'><strong>vindicabitur.</strong></span> <span class='ocrx_word' id='word_1_64' title='bbox 955 909 1009 962; x_wconf 92' lang='lat' dir='ltr'>Si</span> <span class='ocrx_word' id='word_1_65' title='bbox 1036 909 1195 963; x_wconf 89' lang='lat' dir='ltr'><strong>enim</strong></span> <span class='ocrx_word' id='word_1_66' title='bbox 1223 906 1286 963; x_wconf 84' lang='lat' dir='ltr'><strong>in</strong></span> <span class='ocrx_word' id='word_1_67' title='bbox 1316 909 1591 979; x_wconf 76' lang='lat' dir='ltr'><strong>praesenti</strong></span> <span class='ocrx_word' id='word_1_68' title='bbox 1621 908 1903 962; x_wconf 87' lang='lat' dir='ltr'><strong>vindicari</strong></span> <span class='ocrx_word' id='word_1_69' title='bbox 1929 906 2163 979; x_wconf 85' lang='lat' dir='ltr'><strong>deside-</strong></span> 
     </span>
    </p>
   </div>
   <div class='ocr_carea' id='block_1_12' title="bbox 518 977 2162 1049">
    <p class='ocr_par' dir='ltr' id='par_1_12' title="bbox 518 977 2162 1049">
     <span class='ocr_line' id='line_1_12' title="bbox 518 977 2162 1049; baseline -0.002 -15"><span class='ocrx_word' id='word_1_70' title='bbox 518 983 746 1042; x_wconf 86' lang='lat' dir='ltr'><strong>rat,aut</strong></span> <span class='ocrx_word' id='word_1_71' title='bbox 776 979 940 1032; x_wconf 89' lang='lat' dir='ltr'><strong>omni</strong></span> <span class='ocrx_word' id='word_1_72' title='bbox 962 980 1240 1034; x_wconf 81' lang='lat' dir='ltr'><strong>aviditate</strong></span> <span class='ocrx_word' id='word_1_73' title='bbox 1274 977 1661 1049; x_wconf 66' lang='lat' dir='ltr'><strong>praesentibus</strong></span> <span class='ocrx_word' id='word_1_74' title='bbox 1686 979 1798 1033; x_wconf 87' lang='lat' dir='ltr'><strong>frui</strong></span> <span class='ocrx_word' id='word_1_75' title='bbox 1834 977 2162 1048; x_wconf 85' lang='lat' dir='ltr'><strong>copiis,du-</strong></span> 
     </span>
    </p>
   </div>
   <div class='ocr_carea' id='block_1_13' title="bbox 519 1048 2163 1121">
    <p class='ocr_par' dir='ltr' id='par_1_13' title="bbox 519 1048 2163 1121">
     <span class='ocr_line' id='line_1_13' title="bbox 519 1048 2163 1121; baseline -0.001 -16"><span class='ocrx_word' id='word_1_76' title='bbox 519 1050 669 1121; x_wconf 84' lang='lat' dir='ltr'><strong>bitat</strong></span> <span class='ocrx_word' id='word_1_77' title='bbox 698 1050 770 1103; x_wconf 90' lang='lat' dir='ltr'><strong>de</strong></span> <span class='ocrx_word' id='word_1_78' title='bbox 796 1050 1094 1119; x_wconf 91' lang='lat' dir='ltr'><strong>promissa</strong></span> <span class='ocrx_word' id='word_1_79' title='bbox 1120 1052 1238 1105; x_wconf 91' lang='lat' dir='ltr'><strong>vita</strong></span> <span class='ocrx_word' id='word_1_80' title='bbox 1266 1048 1285 1112; x_wconf 18' lang='lat'><strong>:7</strong></span> <span class='ocrx_word' id='word_1_81' title='bbox 1314 1068 1382 1106; x_wconf 87' lang='lat' dir='ltr'><strong>ac</strong></span> <span class='ocrx_word' id='word_1_82' title='bbox 1413 1068 1517 1121; x_wconf 87' lang='lat' dir='ltr'><strong>per</strong></span> <span class='ocrx_word' id='word_1_83' title='bbox 1546 1051 1659 1106; x_wconf 88' lang='lat' dir='ltr'><strong>hoc</strong></span> <span class='ocrx_word' id='word_1_84' title='bbox 1692 1050 1750 1104; x_wconf 91' lang='lat' dir='ltr'><strong>in</strong></span> <span class='ocrx_word' id='word_1_85' title='bbox 1784 1048 1981 1121; x_wconf 82' lang='lat' dir='ltr'><strong>futuro</strong></span> <span class='ocrx_word' id='word_1_86' title='bbox 2015 1051 2163 1103; x_wconf 90' lang='lat' dir='ltr'><strong>inter</strong></span> 
     </span>
    </p>
   </div>
   <div class='ocr_carea' id='block_1_14' title="bbox 516 1120 2163 1193">
    <p class='ocr_par' dir='ltr' id='par_1_14' title="bbox 516 1120 2163 1193">
     <span class='ocr_line' id='line_1_14' title="bbox 516 1120 2163 1193; baseline -0.001 -18"><span class='ocrx_word' id='word_1_87' title='bbox 516 1120 781 1193; x_wconf 84' lang='lat' dir='ltr'><strong>perﬁdos</strong></span> <span class='ocrx_word' id='word_1_88' title='bbox 806 1121 1125 1190; x_wconf 90' lang='lat' dir='ltr'><strong>deputatus</strong></span> <span class='ocrx_word' id='word_1_89' title='bbox 1159 1138 1339 1193; x_wconf 73' lang='lat' dir='ltr'><strong>poena</strong></span> <span class='ocrx_word' id='word_1_90' title='bbox 1368 1120 1588 1191; x_wconf 86' lang='lat' dir='ltr'><strong>dignus</strong></span> <span class='ocrx_word' id='word_1_91' title='bbox 1620 1120 1956 1193; x_wconf 79' lang='lat' dir='ltr'><strong>habebitur.</strong></span> <span class='ocrx_word' id='word_1_92' title='bbox 2001 1122 2163 1193; x_wconf 87' lang='lat' dir='ltr'><strong>Mun-</strong></span> 
     </span>
    </p>
   </div>
   <div class='ocr_carea' id='block_1_15' title="bbox 519 1192 2165 1264">
    <p class='ocr_par' dir='ltr' id='par_1_15' title="bbox 519 1192 2165 1264">
     <span class='ocr_line' id='line_1_15' title="bbox 519 1192 2165 1264; baseline -0.001 -18"><span class='ocrx_word' id='word_1_93' title='bbox 519 1192 664 1246; x_wconf 90' lang='lat' dir='ltr'><strong>dum</strong></span> <span class='ocrx_word' id='word_1_94' title='bbox 690 1192 861 1264; x_wconf 11' lang='lat' dir='ltr'><strong>enim,</strong></span> <span class='ocrx_word' id='word_1_95' title='bbox 880 1194 1031 1245; x_wconf 91' lang='lat' dir='ltr'><strong>Deus</strong></span> <span class='ocrx_word' id='word_1_96' title='bbox 1062 1192 1301 1264; x_wconf 79' lang='lat' dir='ltr'><strong>propter</strong></span> <span class='ocrx_word' id='word_1_97' title='bbox 1332 1194 1671 1248; x_wconf 80' lang='lat' dir='ltr'><strong>exercitium</strong></span> <span class='ocrx_word' id='word_1_98' title='bbox 1700 1192 1853 1256; x_wconf 86' lang='lat' dir='ltr'><strong>fecit,</strong></span> <span class='ocrx_word' id='word_1_99' title='bbox 1887 1196 1943 1246; x_wconf 90' lang='lat' dir='ltr'><strong>et</strong></span> <span class='ocrx_word' id='word_1_100' title='bbox 1976 1192 2165 1246; x_wconf 90' lang='lat' dir='ltr'><strong>omni-</strong></span> 
     </span>
    </p>
   </div>
   <div class='ocr_carea' id='block_1_16' title="bbox 520 1263 2158 1333">
    <p class='ocr_par' dir='ltr' id='par_1_16' title="bbox 520 1263 2158 1333">
     <span class='ocr_line' id='line_1_16' title="bbox 520 1263 2158 1333; baseline -0.001 -15"><span class='ocrx_word' id='word_1_101' title='bbox 520 1264 633 1318; x_wconf 89' lang='lat' dir='ltr'><strong>bus</strong></span> <span class='ocrx_word' id='word_1_102' title='bbox 650 1263 835 1332; x_wconf 90' lang='lat' dir='ltr'><strong>copiis</strong></span> <span class='ocrx_word' id='word_1_103' title='bbox 852 1263 1206 1327; x_wconf 86' lang='lat' dir='ltr'><strong>honestavit,</strong></span> <span class='ocrx_word' id='word_1_104' title='bbox 1225 1265 1379 1319; x_wconf 89' lang='lat' dir='ltr'><strong>duas</strong></span> <span class='ocrx_word' id='word_1_105' title='bbox 1402 1280 1620 1320; x_wconf 86' lang='lat' dir='ltr'><strong>causas</strong></span> <span class='ocrx_word' id='word_1_106' title='bbox 1644 1278 2002 1333; x_wconf 86' lang='lat' dir='ltr'><strong>proponens,</strong></span> <span class='ocrx_word' id='word_1_107' title='bbox 2020 1278 2158 1333; x_wconf 73' lang='lat' dir='ltr'><strong>prae-</strong></span> 
     </span>
    </p>
   </div>
   <div class='ocr_carea' id='block_1_17' title="bbox 522 1334 2164 1399">
    <p class='ocr_par' dir='ltr' id='par_1_17' title="bbox 522 1334 2164 1399">
     <span class='ocr_line' id='line_1_17' title="bbox 522 1334 2164 1399; baseline -0.001 -11"><span class='ocrx_word' id='word_1_108' title='bbox 522 1340 750 1388; x_wconf 89' lang='lat' dir='ltr'><strong>sentem</strong></span> <span class='ocrx_word' id='word_1_109' title='bbox 800 1340 857 1387; x_wconf 89' lang='lat' dir='ltr'><strong>et</strong></span> <span class='ocrx_word' id='word_1_110' title='bbox 898 1334 1182 1397; x_wconf 81' lang='lat' dir='ltr'><strong>futuram,</strong></span> <span class='ocrx_word' id='word_1_111' title='bbox 1215 1335 1510 1390; x_wconf 64' lang='lat' dir='ltr'><strong>caelestem</strong></span> <span class='ocrx_word' id='word_1_112' title='bbox 1544 1341 1598 1389; x_wconf 90' lang='lat' dir='ltr'><strong>et</strong></span> <span class='ocrx_word' id='word_1_113' title='bbox 1629 1341 1943 1399; x_wconf 85' lang='lat' dir='ltr'><strong>terrenam,</strong></span> <span class='ocrx_word' id='word_1_114' title='bbox 1986 1341 2048 1387; x_wconf 91' lang='lat' dir='ltr'><strong>ut</strong></span> <span class='ocrx_word' id='word_1_115' title='bbox 2087 1334 2164 1389; x_wconf 89' lang='lat' dir='ltr'><strong>ad</strong></span> 
     </span>
    </p>
   </div>
   <div class='ocr_carea' id='block_1_18' title="bbox 520 1405 2168 1477">
    <p class='ocr_par' dir='ltr' id='par_1_18' title="bbox 520 1405 2168 1477">
     <span class='ocr_line' id='line_1_18' title="bbox 520 1405 2168 1477; baseline 0 -18"><span class='ocrx_word' id='word_1_116' title='bbox 520 1405 932 1476; x_wconf 82' lang='lat' dir='ltr'><strong>probationem</strong></span> <span class='ocrx_word' id='word_1_117' title='bbox 958 1412 1112 1477; x_wconf 86' lang='lat' dir='ltr'><strong>esset</strong></span> <span class='ocrx_word' id='word_1_118' title='bbox 1137 1406 1361 1460; x_wconf 88' lang='lat' dir='ltr'>homini</span> <span class='ocrx_word' id='word_1_119' title='bbox 1379 1424 1391 1460; x_wconf 89' lang='lat'>:</span> <span class='ocrx_word' id='word_1_120' title='bbox 1411 1412 1470 1460; x_wconf 90' lang='lat' dir='ltr'><strong>ut</strong></span> <span class='ocrx_word' id='word_1_121' title='bbox 1490 1407 1587 1477; x_wconf 90' lang='lat' dir='ltr'><strong>qui</strong></span> <span class='ocrx_word' id='word_1_122' title='bbox 1611 1410 1810 1475; x_wconf 89' lang='lat' dir='ltr'><strong>spreta</strong></span> <span class='ocrx_word' id='word_1_123' title='bbox 1832 1405 2026 1477; x_wconf 84' lang='lat' dir='ltr'><strong>futura</strong></span> <span class='ocrx_word' id='word_1_124' title='bbox 2047 1406 2168 1459; x_wconf 90' lang='lat' dir='ltr'><strong>vita</strong></span> 
     </span>
    </p>
   </div>
   <div class='ocr_carea' id='block_1_19' title="bbox 523 1475 2166 1547">
    <p class='ocr_par' dir='ltr' id='par_1_19' title="bbox 523 1475 2166 1547">
     <span class='ocr_line' id='line_1_19' title="bbox 523 1475 2166 1547; baseline 0.001 -17"><span class='ocrx_word' id='word_1_125' title='bbox 523 1475 879 1547; x_wconf 73' lang='lat' dir='ltr'><strong>praesentem</strong></span> <span class='ocrx_word' id='word_1_126' title='bbox 926 1476 1182 1545; x_wconf 89' lang='lat' dir='ltr'><strong>eligeret,</strong></span> <span class='ocrx_word' id='word_1_127' title='bbox 1228 1478 1393 1532; x_wconf 90' lang='lat' dir='ltr'><strong>carni</strong></span> <span class='ocrx_word' id='word_1_128' title='bbox 1432 1475 1847 1547; x_wconf 77' lang='lat' dir='ltr'><strong>deputaretur;</strong></span> <span class='ocrx_word' id='word_1_129' title='bbox 1881 1475 1986 1547; x_wconf 91' lang='lat' dir='ltr'><strong>qui</strong></span> <span class='ocrx_word' id='word_1_130' title='bbox 2029 1492 2166 1531; x_wconf 86' lang='lat' dir='ltr'><strong>vero</strong></span> 
     </span>
    </p>
   </div>
   <div class='ocr_carea' id='block_1_20' title="bbox 522 1546 2168 1672">
    <p class='ocr_par' dir='ltr' id='par_1_20' title="bbox 522 1546 2168 1672">
     <span class='ocr_line' id='line_1_20' title="bbox 568 1546 2168 1618; baseline 0.001 -19"><span class='ocrx_word' id='word_1_131' title='bbox 568 1547 797 1600; x_wconf 74' lang='lat' dir='ltr'><strong>reesenti</strong></span> <span class='ocrx_word' id='word_1_132' title='bbox 817 1546 1074 1601; x_wconf 82' lang='lat' dir='ltr'><strong>futuram</strong></span> <span class='ocrx_word' id='word_1_133' title='bbox 1101 1546 1929 1618; x_wconf 85' lang='lat' dir='ltr'><strong>anteponeret,spiritualibus</strong></span> <span class='ocrx_word' id='word_1_134' title='bbox 1951 1547 2168 1615; x_wconf 87' lang='lat' dir='ltr'><strong>dignus</strong></span> 
     </span>
     <span class='ocr_line' id='line_1_21' title="bbox 522 1563 2168 1672; baseline 0 0"><span class='ocrx_word' id='word_1_135' title='bbox 522 1563 879 1672; x_wconf 58' lang='lat' dir='ltr'><strong>Eaberetur:</strong></span> <span class='ocrx_word' id='word_1_136' title='bbox 913 1625 967 1671; x_wconf 89' lang='lat' dir='ltr'><strong>et</strong></span> <span class='ocrx_word' id='word_1_137' title='bbox 994 1620 1094 1672; x_wconf 85' lang='lat' dir='ltr'><strong>oui</strong></span> <span class='ocrx_word' id='word_1_138' title='bbox 1122 1620 1336 1672; x_wconf 86' lang='lat' dir='ltr'><strong>iniuste</strong></span> <span class='ocrx_word' id='word_1_139' title='bbox 1369 1636 1604 1672; x_wconf 88' lang='lat' dir='ltr'><strong>oressus</strong></span> <span class='ocrx_word' id='word_1_140' title='bbox 1636 1620 1897 1672; x_wconf 83' lang='lat' dir='ltr'><strong>potentia</strong></span> <span class='ocrx_word' id='word_1_141' title='bbox 1924 1620 2168 1672; x_wconf 91' lang='lat' dir='ltr'><strong>iniusto-</strong></span> 
     </span>
    </p>
   </div>
   <div class='ocr_carea' id='block_1_21' title="bbox 567 1617 2170 1690">
    <p class='ocr_par' dir='ltr' id='par_1_21' title="bbox 567 1617 2170 1690">
     <span class='ocr_line' id='line_1_22' title="bbox 567 1617 2170 1690; baseline 0.002 -19"><span class='ocrx_word' id='word_1_142' title='bbox 567 1617 842 1671; x_wconf 89' lang='lat' dir='ltr'><strong>aberetur</strong></span> <span class='ocrx_word' id='word_1_143' title='bbox 866 1633 879 1681; x_wconf 88' lang='lat'><strong>;</strong></span> <span class='ocrx_word' id='word_1_144' title='bbox 907 1625 967 1690; x_wconf 78' lang='lat' dir='ltr'><strong>et</strong></span> <span class='ocrx_word' id='word_1_145' title='bbox 994 1620 1094 1689; x_wconf 91' lang='lat' dir='ltr'><strong>qui</strong></span> <span class='ocrx_word' id='word_1_146' title='bbox 1122 1617 1336 1688; x_wconf 78' lang='lat' dir='ltr'><strong>injuste</strong></span> <span class='ocrx_word' id='word_1_147' title='bbox 1369 1617 1604 1690; x_wconf 89' lang='lat' dir='ltr'><strong>pressus</strong></span> <span class='ocrx_word' id='word_1_148' title='bbox 1636 1620 1897 1690; x_wconf 89' lang='lat' dir='ltr'><strong>potentia</strong></span> <span class='ocrx_word' id='word_1_149' title='bbox 1924 1620 2170 1687; x_wconf 88' lang='lat' dir='ltr'><strong>injusto-</strong></span> 
     </span>
    </p>
   </div>
   <div class='ocr_carea' id='block_1_22' title="bbox 524 1687 2169 1760">
    <p class='ocr_par' dir='ltr' id='par_1_22' title="bbox 524 1687 2169 1760">
     <span class='ocr_line' id='line_1_23' title="bbox 524 1687 2169 1760; baseline 0.001 -17"><span class='ocrx_word' id='word_1_150' title='bbox 524 1704 680 1760; x_wconf 81' lang='lat' dir='ltr'><strong>rum,</strong></span> <span class='ocrx_word' id='word_1_151' title='bbox 720 1687 994 1760; x_wconf 82' lang='lat' dir='ltr'><strong>querelas</strong></span> <span class='ocrx_word' id='word_1_152' title='bbox 1015 1687 1153 1744; x_wconf 43' lang='lat' dir='ltr'><strong>_Deo</strong></span> <span class='ocrx_word' id='word_1_153' title='bbox 1187 1687 1516 1760; x_wconf 83' lang='lat' dir='ltr'><strong>deponeret</strong></span> <span class='ocrx_word' id='word_1_154' title='bbox 1547 1687 1651 1745; x_wconf 54' lang='lat' dir='ltr'><strong>vel&#39;</strong></span> <span class='ocrx_word' id='word_1_155' title='bbox 1679 1690 2007 1757; x_wconf 72' lang='lat' dir='ltr'><strong>resignaret</strong></span> <span class='ocrx_word' id='word_1_156' title='bbox 2035 1692 2074 1753; x_wconf 78' lang='grc' dir='ltr'><strong>ί,</strong></span> <span class='ocrx_word' id='word_1_157' title='bbox 2109 1690 2169 1744; x_wconf 93' lang='lat' dir='ltr'><strong>in</strong></span> 
     </span>
    </p>
   </div>
   <div class='ocr_carea' id='block_1_23' title="bbox 524 1758 2169 1832">
    <p class='ocr_par' dir='ltr' id='par_1_23' title="bbox 524 1758 2169 1832">
     <span class='ocr_line' id='line_1_24' title="bbox 524 1758 2169 1832; baseline 0.001 -18"><span class='ocrx_word' id='word_1_158' title='bbox 524 1758 724 1814; x_wconf 87' lang='lat' dir='ltr'><strong>futuro</strong></span> <span class='ocrx_word' id='word_1_159' title='bbox 750 1758 986 1832; x_wconf 88' lang='lat' dir='ltr'><strong>judicio</strong></span> <span class='ocrx_word' id='word_1_160' title='bbox 1005 1758 1300 1816; x_wconf 84' lang='lat' dir='ltr'><strong>relevatus</strong></span> <span class='ocrx_word' id='word_1_161' title='bbox 1319 1762 1604 1832; x_wconf 89' lang='lat' dir='ltr'><strong>spirituali</strong></span> <span class='ocrx_word' id='word_1_162' title='bbox 1635 1762 1825 1829; x_wconf 91' lang='lat' dir='ltr'><strong>gloria</strong></span> <span class='ocrx_word' id='word_1_163' title='bbox 1850 1763 2169 1816; x_wconf 84' lang='lat' dir='ltr'><strong>honorare-</strong></span> 
     </span>
    </p>
   </div>
   <div class='ocr_carea' id='block_1_24' title="bbox 526 1830 2172 1901">
    <p class='ocr_par' dir='ltr' id='par_1_24' title="bbox 526 1830 2172 1901">
     <span class='ocr_line' id='line_1_25' title="bbox 526 1830 2172 1901; baseline 0 -16"><span class='ocrx_word' id='word_1_164' title='bbox 526 1836 637 1885; x_wconf 87' lang='lat' dir='ltr'><strong>tur.</strong></span> <span class='ocrx_word' id='word_1_165' title='bbox 680 1830 844 1885; x_wconf 87' lang='lat' dir='ltr'><strong>Unde</strong></span> <span class='ocrx_word' id='word_1_166' title='bbox 871 1831 1067 1885; x_wconf 91' lang='lat' dir='ltr'><strong>nullus</strong></span> <span class='ocrx_word' id='word_1_167' title='bbox 1106 1830 1447 1888; x_wconf 87' lang='lat' dir='ltr'><strong>sanctorum</strong></span> <span class='ocrx_word' id='word_1_168' title='bbox 1486 1834 1546 1888; x_wconf 91' lang='lat' dir='ltr'><strong>in</strong></span> <span class='ocrx_word' id='word_1_169' title='bbox 1601 1834 1827 1888; x_wconf 91' lang='lat' dir='ltr'><strong>mundo</strong></span> <span class='ocrx_word' id='word_1_170' title='bbox 1876 1834 2172 1901; x_wconf 88' lang='lat' dir='ltr'><strong>gloriosus</strong></span> 
     </span>
    </p>
   </div>
   <div class='ocr_carea' id='block_1_25' title="bbox 524 1902 2174 1974">
    <p class='ocr_par' dir='ltr' id='par_1_25' title="bbox 524 1902 2174 1974">
     <span class='ocr_line' id='line_1_26' title="bbox 524 1902 2174 1974; baseline 0.001 -19"><span class='ocrx_word' id='word_1_171' title='bbox 524 1902 824 1974; x_wconf 80' lang='lat' dir='ltr'><strong>apparuit,</strong></span> <span class='ocrx_word' id='word_1_172' title='bbox 870 1917 1064 1970; x_wconf 89' lang='lat' dir='ltr'><strong>neque</strong></span> <span class='ocrx_word' id='word_1_173' title='bbox 1111 1910 1430 1974; x_wconf 65' lang='lat' dir='ltr'><strong>praesentes</strong></span> <span class='ocrx_word' id='word_1_174' title='bbox 1479 1904 1683 1959; x_wconf 80' lang='lat' dir='ltr'><strong>dilexit</strong></span> <span class='ocrx_word' id='word_1_175' title='bbox 1722 1904 1989 1959; x_wconf 90' lang='lat' dir='ltr'><strong>delicias.</strong></span> <span class='ocrx_word' id='word_1_176' title='bbox 2030 1905 2174 1958; x_wconf 86' lang='lat' dir='ltr'><strong>Hinc</strong></span> 
     </span>
    </p>
   </div>
   <div class='ocr_carea' id='block_1_26' title="bbox 524 1972 2175 2044">
    <p class='ocr_par' dir='ltr' id='par_1_26' title="bbox 524 1972 2175 2044">
     <span class='ocr_line' id='line_1_27' title="bbox 524 1972 2175 2044; baseline 0.001 -17"><span class='ocrx_word' id='word_1_177' title='bbox 524 1972 842 2043; x_wconf 83' lang='lat' dir='ltr'><strong>Apostolus</strong></span> <span class='ocrx_word' id='word_1_178' title='bbox 876 1990 887 2026; x_wconf 89' lang='lat'>:</span> <span class='ocrx_word' id='word_1_179' title='bbox 924 1972 1205 2039; x_wconf 76' lang='lat' dir='ltr'><strong>Habentes,</strong></span> <span class='ocrx_word' id='word_1_180' title='bbox 1236 1975 1447 2044; x_wconf 89' lang='lat' dir='ltr'><strong>inquit,</strong></span> <span class='ocrx_word' id='word_1_181' title='bbox 1480 1976 1678 2030; x_wconf 84' lang='lat' dir='ltr'><strong>victum</strong></span> <span class='ocrx_word' id='word_1_182' title='bbox 1715 1982 1765 2029; x_wconf 90' lang='lat' dir='ltr'><strong>et</strong></span> <span class='ocrx_word' id='word_1_183' title='bbox 1794 1978 2061 2036; x_wconf 77' lang='lat' dir='ltr'><strong>vestitum,</strong></span> <span class='ocrx_word' id='word_1_184' title='bbox 2091 1975 2175 2029; x_wconf 80' lang='lat' dir='ltr'><strong>his</strong></span> 
     </span>
    </p>
   </div>
   <div class='ocr_carea' id='block_1_27' title="bbox 525 2044 2172 2118">
    <p class='ocr_par' dir='ltr' id='par_1_27' title="bbox 525 2044 2172 2118">
     <span class='ocr_line' id='line_1_28' title="bbox 525 2044 2172 2118; baseline 0.002 -22"><span class='ocrx_word' id='word_1_185' title='bbox 525 2045 762 2118; x_wconf 70' lang='lat' dir='ltr'><strong>contenti</strong></span> <span class='ocrx_word' id='word_1_186' title='bbox 781 2044 946 2118; x_wconf 74' lang='lat' dir='ltr'><strong>simus</strong></span> <span class='ocrx_word' id='word_1_187' title='bbox 968 2045 1024 2118; x_wconf 76' lang='lat' dir='ltr'><strong>(l_</strong></span> <span class='ocrx_word' id='word_1_188' title='bbox 1048 2046 1183 2118; x_wconf 65' lang='lat' dir='ltr'><strong>Tim.</strong></span> <span class='ocrx_word' id='word_1_189' title='bbox 1206 2062 1279 2118; x_wconf 85' lang='lat' dir='ltr'><strong>vi,</strong></span> <span class='ocrx_word' id='word_1_190' title='bbox 1302 2048 1378 2116; x_wconf 91' lang='lat'><strong>8).</strong></span> <span class='ocrx_word' id='word_1_191' title='bbox 1405 2046 1515 2102; x_wconf 90' lang='lat' dir='ltr'><strong>Sed</strong></span> <span class='ocrx_word' id='word_1_192' title='bbox 1544 2048 1646 2118; x_wconf 85' lang='lat' dir='ltr'>qui</span> <span class='ocrx_word' id='word_1_193' title='bbox 1677 2053 1767 2101; x_wconf 88' lang='lat' dir='ltr'><strong>est</strong></span> <span class='ocrx_word' id='word_1_194' title='bbox 1795 2046 2172 2118; x_wconf 82' lang='lat' dir='ltr'><strong>cbristianus,</strong></span> 
     </span>
    </p>
   </div>
   <div class='ocr_carea' id='block_1_28' title="bbox 527 2114 2176 2182">
    <p class='ocr_par' dir='ltr' id='par_1_28' title="bbox 527 2114 2176 2182">
     <span class='ocr_line' id='line_1_29' title="bbox 527 2114 2176 2182; baseline 0.001 -13"><span class='ocrx_word' id='word_1_195' title='bbox 527 2116 701 2169; x_wconf 90' lang='lat' dir='ltr'><strong>etiam</strong></span> <span class='ocrx_word' id='word_1_196' title='bbox 729 2114 907 2179; x_wconf 85' lang='lat' dir='ltr'><strong>dolet,</strong></span> <span class='ocrx_word' id='word_1_197' title='bbox 933 2114 987 2170; x_wconf 91' lang='lat' dir='ltr'><strong>si</strong></span> <span class='ocrx_word' id='word_1_198' title='bbox 1004 2116 1136 2171; x_wconf 85' lang='lat' dir='ltr'><strong>felix</strong></span> <span class='ocrx_word' id='word_1_199' title='bbox 1167 2114 1439 2172; x_wconf 87' lang='lat' dir='ltr'><strong>videatur</strong></span> <span class='ocrx_word' id='word_1_200' title='bbox 1464 2119 1521 2172; x_wconf 89' lang='lat' dir='ltr'><strong>in</strong></span> <span class='ocrx_word' id='word_1_201' title='bbox 1555 2114 1791 2182; x_wconf 75' lang='lat' dir='ltr'><strong>sieculo,</strong></span> <span class='ocrx_word' id='word_1_202' title='bbox 1813 2133 1951 2172; x_wconf 90' lang='lat' dir='ltr'><strong>cum</strong></span> <span class='ocrx_word' id='word_1_203' title='bbox 1976 2117 2176 2172; x_wconf 88' lang='lat' dir='ltr'><strong>Chris~</strong></span> 
     </span>
    </p>
   </div>
   <div class='ocr_carea' id='block_1_29' title="bbox 528 2185 2176 2259">
    <p class='ocr_par' dir='ltr' id='par_1_29' title="bbox 528 2185 2176 2259">
     <span class='ocr_line' id='line_1_30' title="bbox 528 2185 2176 2259; baseline 0.002 -19"><span class='ocrx_word' id='word_1_204' title='bbox 528 2185 827 2259; x_wconf 86' lang='lat' dir='ltr'><strong>tianorum</strong></span> <span class='ocrx_word' id='word_1_205' title='bbox 849 2185 1111 2254; x_wconf 86' lang='lat' dir='ltr'><strong>dignitas</strong></span> <span class='ocrx_word' id='word_1_206' title='bbox 1129 2194 1182 2243; x_wconf 92' lang='lat' dir='ltr'><strong>et</strong></span> <span class='ocrx_word' id='word_1_207' title='bbox 1210 2187 1456 2244; x_wconf 87' lang='lat' dir='ltr'><strong>felicitas</strong></span> <span class='ocrx_word' id='word_1_208' title='bbox 1482 2190 1672 2243; x_wconf 91' lang='lat' dir='ltr'><strong>nonin</strong></span> <span class='ocrx_word' id='word_1_209' title='bbox 1697 2190 1860 2244; x_wconf 90' lang='lat' dir='ltr'><strong>terris</strong></span> <span class='ocrx_word' id='word_1_210' title='bbox 1879 2189 2176 2259; x_wconf 86' lang='lat' dir='ltr'><strong>promissa</strong></span> 
     </span>
    </p>
   </div>
   <div class='ocr_carea' id='block_1_30' title="bbox 528 2257 2174 2324">
    <p class='ocr_par' dir='ltr' id='par_1_30' title="bbox 528 2257 2174 2324">
     <span class='ocr_line' id='line_1_31' title="bbox 528 2257 2174 2324; baseline 0.002 -13"><span class='ocrx_word' id='word_1_211' title='bbox 528 2258 619 2321; x_wconf 89' lang='lat' dir='ltr'><strong>sit,</strong></span> <span class='ocrx_word' id='word_1_212' title='bbox 658 2257 759 2309; x_wconf 91' lang='lat' dir='ltr'><strong>sed</strong></span> <span class='ocrx_word' id='word_1_213' title='bbox 802 2258 860 2310; x_wconf 89' lang='lat' dir='ltr'><strong>in</strong></span> <span class='ocrx_word' id='word_1_214' title='bbox 901 2259 1089 2315; x_wconf 60' lang='lat' dir='ltr'><strong>caelis.</strong></span> <span class='ocrx_word' id='word_1_215' title='bbox 1124 2260 1440 2324; x_wconf 86' lang='lat' dir='ltr'><strong>Quomodo</strong></span> <span class='ocrx_word' id='word_1_216' title='bbox 1484 2257 1975 2316; x_wconf 37' lang='lat' dir='ltr'><strong>christianum—se</strong></span> <span class='ocrx_word' id='word_1_217' title='bbox 2014 2259 2174 2316; x_wconf 81' lang='lat' dir='ltr'><strong>dicit.</strong></span> 
     </span>
    </p>
   </div>
   <div class='ocr_carea' id='block_1_31' title="bbox 528 2328 2176 2402">
    <p class='ocr_par' dir='ltr' id='par_1_31' title="bbox 528 2328 2176 2402">
     <span class='ocr_line' id='line_1_32' title="bbox 528 2328 2176 2402; baseline 0.002 -21"><span class='ocrx_word' id='word_1_218' title='bbox 528 2328 630 2402; x_wconf 86' lang='lat' dir='ltr'><strong>qui</strong></span> <span class='ocrx_word' id='word_1_219' title='bbox 662 2343 785 2402; x_wconf 83' lang='lat' dir='ltr'><strong>non</strong></span> <span class='ocrx_word' id='word_1_220' title='bbox 816 2328 941 2402; x_wconf 87' lang='lat' dir='ltr'><strong>illic</strong></span> <span class='ocrx_word' id='word_1_221' title='bbox 961 2330 1199 2400; x_wconf 84' lang='lat' dir='ltr'><strong>gloriari</strong></span> <span class='ocrx_word' id='word_1_222' title='bbox 1232 2331 1357 2402; x_wconf 87' lang='lat' dir='ltr'><strong>vult</strong></span> <span class='ocrx_word' id='word_1_223' title='bbox 1397 2331 1499 2385; x_wconf 89' lang='lat' dir='ltr'><strong>ubi</strong></span> <span class='ocrx_word' id='word_1_224' title='bbox 1536 2333 1900 2402; x_wconf 82' lang='lat' dir='ltr'><strong>promissum</strong></span> <span class='ocrx_word' id='word_1_225' title='bbox 1933 2336 2038 2394; x_wconf 91' lang='lat' dir='ltr'><strong>est,</strong></span> <span class='ocrx_word' id='word_1_226' title='bbox 2072 2330 2176 2385; x_wconf 89' lang='lat' dir='ltr'><strong>sed</strong></span> 
     </span>
    </p>
   </div>
   <div class='ocr_carea' id='block_1_32' title="bbox 526 2398 2174 2473">
    <p class='ocr_par' dir='ltr' id='par_1_32' title="bbox 526 2398 2174 2473">
     <span class='ocr_line' id='line_1_33' title="bbox 526 2398 2174 2473; baseline 0.001 -21"><span class='ocrx_word' id='word_1_227' title='bbox 526 2398 623 2473; x_wconf 76' lang='lat' dir='ltr'><strong>hic</strong></span> <span class='ocrx_word' id='word_1_228' title='bbox 651 2399 749 2473; x_wconf 78' lang='lat' dir='ltr'><strong>ubi</strong></span> <span class='ocrx_word' id='word_1_229' title='bbox 783 2398 1143 2473; x_wconf 82' lang='lat' dir='ltr'><strong>prohibitum</strong></span> <span class='ocrx_word' id='word_1_230' title='bbox 1172 2401 1369 2458; x_wconf 81' lang='lat' dir='ltr'><strong>est?Si</strong></span> <span class='ocrx_word' id='word_1_231' title='bbox 1398 2398 1557 2457; x_wconf 84' lang='lat' dir='ltr'><strong>enim</strong></span> <span class='ocrx_word' id='word_1_232' title='bbox 1584 2403 1888 2473; x_wconf 88' lang='lat' dir='ltr'><strong>expediret</strong></span> <span class='ocrx_word' id='word_1_233' title='bbox 1918 2418 2174 2472; x_wconf 62' lang='lat' dir='ltr'><strong>praesen-</strong></span> 
     </span>
    </p>
   </div>
   <div class='ocr_carea' id='block_1_33' title="bbox 531 2469 2178 2543">
    <p class='ocr_par' dir='ltr' id='par_1_33' title="bbox 531 2469 2178 2543">
     <span class='ocr_line' id='line_1_34' title="bbox 531 2469 2178 2543; baseline 0.001 -18"><span class='ocrx_word' id='word_1_234' title='bbox 531 2469 689 2543; x_wconf 86' lang='lat' dir='ltr'><strong>tibus</strong></span> <span class='ocrx_word' id='word_1_235' title='bbox 721 2470 856 2538; x_wconf 81' lang='lat' dir='ltr'><strong>frui,</strong></span> <span class='ocrx_word' id='word_1_236' title='bbox 888 2486 1005 2526; x_wconf 90' lang='lat' dir='ltr'><strong>non</strong></span> <span class='ocrx_word' id='word_1_237' title='bbox 1039 2473 1241 2543; x_wconf 91' lang='lat' dir='ltr'><strong>utique</strong></span> <span class='ocrx_word' id='word_1_238' title='bbox 1272 2474 1400 2529; x_wconf 66' lang='lat' dir='ltr'><strong>haec</strong></span> <span class='ocrx_word' id='word_1_239' title='bbox 1430 2469 1951 2529; x_wconf 81' lang='lat' dir='ltr'><strong>contemnentibus</strong></span> <span class='ocrx_word' id='word_1_240' title='bbox 1978 2474 2178 2528; x_wconf 72' lang='lat' dir='ltr'><strong>omles-</strong></span> 
     </span>
    </p>
   </div>
   <div class='ocr_carea' id='block_1_34' title="bbox 532 2541 2179 2615">
    <p class='ocr_par' dir='ltr' id='par_1_34' title="bbox 532 2541 2179 2615">
     <span class='ocr_line' id='line_1_35' title="bbox 532 2541 2179 2615; baseline 0.001 -20"><span class='ocrx_word' id='word_1_241' title='bbox 532 2541 609 2595; x_wconf 89' lang='lat' dir='ltr'><strong>tia</strong></span> <span class='ocrx_word' id='word_1_242' title='bbox 639 2541 1297 2615; x_wconf 49' lang='lat' dir='ltr'><strong>promitterenturIQua</strong></span> <span class='ocrx_word' id='word_1_243' title='bbox 1323 2560 1464 2613; x_wconf 85' lang='lat' dir='ltr'><strong>ergo</strong></span> <span class='ocrx_word' id='word_1_244' title='bbox 1488 2561 1592 2615; x_wconf 90' lang='lat' dir='ltr'><strong>spe</strong></span> <span class='ocrx_word' id='word_1_245' title='bbox 1619 2544 1927 2600; x_wconf 87' lang='lat' dir='ltr'><strong>Christiani</strong></span> <span class='ocrx_word' id='word_1_246' title='bbox 1954 2545 2179 2598; x_wconf 86' lang='lat' dir='ltr'><strong>mathe-</strong></span> 
     </span>
    </p>
   </div>
   <div class='ocr_carea' id='block_1_35' title="bbox 529 2611 2177 2678">
    <p class='ocr_par' dir='ltr' id='par_1_35' title="bbox 529 2611 2177 2678">
     <span class='ocr_line' id='line_1_36' title="bbox 529 2611 2177 2678; baseline 0.001 -12"><span class='ocrx_word' id='word_1_247' title='bbox 529 2611 761 2666; x_wconf 87' lang='lat' dir='ltr'><strong>maticis</strong></span> <span class='ocrx_word' id='word_1_248' title='bbox 793 2628 966 2667; x_wconf 90' lang='lat' dir='ltr'><strong>aures</strong></span> <span class='ocrx_word' id='word_1_249' title='bbox 997 2611 1416 2678; x_wconf 56' lang='lat' dir='ltr'><strong>commodent,</strong></span> <span class='ocrx_word' id='word_1_250' title='bbox 1438 2611 1575 2670; x_wconf 84' lang='lat' dir='ltr'><strong>cum</strong></span> <span class='ocrx_word' id='word_1_251' title='bbox 1607 2615 1857 2669; x_wconf 89' lang='lat' dir='ltr'><strong>audiant</strong></span> <span class='ocrx_word' id='word_1_252' title='bbox 1884 2615 2177 2669; x_wconf 86' lang='lat' dir='ltr'><strong>Joannem</strong></span> 
     </span>
    </p>
   </div>
   <div class='ocr_carea' id='block_1_36' title="bbox 528 2682 2178 2755">
    <p class='ocr_par' dir='ltr' id='par_1_36' title="bbox 528 2682 2178 2755">
     <span class='ocr_line' id='line_1_37' title="bbox 528 2682 2178 2755; baseline 0.001 -18"><span class='ocrx_word' id='word_1_253' title='bbox 528 2682 861 2755; x_wconf 88' lang='lat' dir='ltr'><strong>apostolum</strong></span> <span class='ocrx_word' id='word_1_254' title='bbox 893 2685 1256 2739; x_wconf 88' lang='lat' dir='ltr'><strong>clamantem</strong></span> <span class='ocrx_word' id='word_1_255' title='bbox 1287 2690 1345 2739; x_wconf 92' lang='lat' dir='ltr'><strong>et</strong></span> <span class='ocrx_word' id='word_1_256' title='bbox 1373 2686 1666 2740; x_wconf 87' lang='lat' dir='ltr'><strong>dicentem</strong></span> <span class='ocrx_word' id='word_1_257' title='bbox 1692 2702 1703 2740; x_wconf 88' lang='lat'><strong>:</strong></span> <span class='ocrx_word' id='word_1_258' title='bbox 1734 2686 1917 2740; x_wconf 84' lang='lat' dir='ltr'><strong>Nolite</strong></span> <span class='ocrx_word' id='word_1_259' title='bbox 1945 2685 2178 2755; x_wconf 78' lang='lat' dir='ltr'><strong>diligere</strong></span> 
     </span>
    </p>
   </div>
   <div class='ocr_carea' id='block_1_37' title="bbox 532 2754 2175 2826">
    <p class='ocr_par' dir='ltr' id='par_1_37' title="bbox 532 2754 2175 2826">
     <span class='ocr_line' id='line_1_38' title="bbox 532 2754 2175 2826; baseline 0.002 -19"><span class='ocrx_word' id='word_1_260' title='bbox 532 2754 671 2826; x_wconf 84' lang='lat' dir='ltr'><strong>hunc</strong></span> <span class='ocrx_word' id='word_1_261' title='bbox 694 2754 971 2826; x_wconf 73' lang='lat' dir='ltr'><strong>muudum,</strong></span> <span class='ocrx_word' id='word_1_262' title='bbox 993 2772 1153 2826; x_wconf 81' lang='lat' dir='ltr'><strong>neque</strong></span> <span class='ocrx_word' id='word_1_263' title='bbox 1176 2771 1238 2808; x_wconf 89' lang='lat' dir='ltr'><strong>ea</strong></span> <span class='ocrx_word' id='word_1_264' title='bbox 1265 2773 1381 2826; x_wconf 70' lang='lat' dir='ltr'><strong>quae</strong></span> <span class='ocrx_word' id='word_1_265' title='bbox 1412 2757 1471 2809; x_wconf 81' lang='lat' dir='ltr'><strong>in</strong></span> <span class='ocrx_word' id='word_1_266' title='bbox 1492 2756 1584 2810; x_wconf 87' lang='lat' dir='ltr'><strong>hoc</strong></span> <span class='ocrx_word' id='word_1_267' title='bbox 1598 2756 1792 2810; x_wconf 88' lang='lat' dir='ltr'><strong>mundo</strong></span> <span class='ocrx_word' id='word_1_268' title='bbox 1819 2758 2000 2825; x_wconf 77' lang='lat' dir='ltr'><strong>sunt(l</strong></span> <span class='ocrx_word' id='word_1_269' title='bbox 2017 2754 2175 2811; x_wconf 83' lang='lat' dir='ltr'><strong>JOan.</strong></span> 
     </span>
    </p>
   </div>
   <div class='ocr_carea' id='block_1_38' title="bbox 534 2824 2177 2896">
    <p class='ocr_par' dir='ltr' id='par_1_38' title="bbox 534 2824 2177 2896">
     <span class='ocr_line' id='line_1_39' title="bbox 534 2824 2177 2896; baseline 0.004 -21"><span class='ocrx_word' id='word_1_270' title='bbox 534 2839 591 2886; x_wconf 82' lang='grc' dir='ltr'><strong>ιι,</strong></span> <span class='ocrx_word' id='word_1_271' title='bbox 626 2824 758 2893; x_wconf 64' lang='lat' dir='ltr'><strong>l5)?</strong></span> <span class='ocrx_word' id='word_1_272' title='bbox 790 2825 993 2895; x_wconf 87' lang='lat' dir='ltr'>Itaque</span> <span class='ocrx_word' id='word_1_273' title='bbox 1038 2828 1085 2878; x_wconf 89' lang='lat' dir='ltr'><strong>si</strong></span> <span class='ocrx_word' id='word_1_274' title='bbox 1120 2825 1248 2879; x_wconf 76' lang='lat' dir='ltr'><strong>haec</strong></span> <span class='ocrx_word' id='word_1_275' title='bbox 1276 2824 1439 2881; x_wconf 73' lang='lat' dir='ltr'><strong>sunt</strong></span> <span class='ocrx_word' id='word_1_276' title='bbox 1470 2827 1607 2882; x_wconf 77' lang='lat' dir='ltr'><strong>fidei</strong></span> <span class='ocrx_word' id='word_1_277' title='bbox 1645 2827 1737 2881; x_wconf 87' lang='lat' dir='ltr'><strong>vel</strong></span> <span class='ocrx_word' id='word_1_278' title='bbox 1780 2828 1922 2896; x_wconf 89' lang='lat' dir='ltr'><strong>legis</strong></span> <span class='ocrx_word' id='word_1_279' title='bbox 1957 2824 2177 2882; x_wconf 74' lang='lat' dir='ltr'><strong>nostrae</strong></span> 
     </span>
    </p>
   </div>
   <div class='ocr_carea' id='block_1_39' title="bbox 532 2896 2178 2970">
    <p class='ocr_par' dir='ltr' id='par_1_39' title="bbox 532 2896 2178 2970">
     <span class='ocr_line' id='line_1_40' title="bbox 532 2896 2178 2970; baseline 0.004 -24"><span class='ocrx_word' id='word_1_280' title='bbox 532 2900 848 2970; x_wconf 62' lang='lat' dir='ltr'><strong>praecepta,</strong></span> <span class='ocrx_word' id='word_1_281' title='bbox 882 2910 955 2970; x_wconf 87' lang='lat' dir='ltr'><strong>ne</strong></span> <span class='ocrx_word' id='word_1_282' title='bbox 987 2896 1250 2970; x_wconf 81' lang='lat' dir='ltr'><strong>mundus</strong></span> <span class='ocrx_word' id='word_1_283' title='bbox 1281 2896 1583 2970; x_wconf 85' lang='lat' dir='ltr'><strong>diligatur,</strong></span> <span class='ocrx_word' id='word_1_284' title='bbox 1617 2914 1811 2970; x_wconf 86' lang='lat' dir='ltr'><strong>neque</strong></span> <span class='ocrx_word' id='word_1_285' title='bbox 1841 2916 1912 2954; x_wconf 89' lang='lat' dir='ltr'><strong>ea</strong></span> <span class='ocrx_word' id='word_1_286' title='bbox 1941 2915 2077 2969; x_wconf 65' lang='lat' dir='ltr'><strong>quae</strong></span> <span class='ocrx_word' id='word_1_287' title='bbox 2119 2900 2178 2953; x_wconf 89' lang='lat' dir='ltr'><strong>in</strong></span> 
     </span>
    </p>
   </div>
   <div class='ocr_carea' id='block_1_40' title="bbox 531 2965 2179 3042">
    <p class='ocr_par' dir='ltr' id='par_1_40' title="bbox 531 2965 2179 3042">
     <span class='ocr_line' id='line_1_41' title="bbox 531 2965 2179 3042; baseline 0.005 -26"><span class='ocrx_word' id='word_1_288' title='bbox 531 2965 762 3042; x_wconf 85' lang='lat' dir='ltr'><strong>mundo</strong></span> <span class='ocrx_word' id='word_1_289' title='bbox 782 2966 1115 3042; x_wconf 83' lang='lat' dir='ltr'><strong>sunt;_qu_id</strong></span> <span class='ocrx_word' id='word_1_290' title='bbox 1143 2972 1227 3042; x_wconf 82' lang='lat' dir='ltr'><strong>est</strong></span> <span class='ocrx_word' id='word_1_291' title='bbox 1257 2974 1317 3023; x_wconf 93' lang='lat' dir='ltr'><strong>ut</strong></span> <span class='ocrx_word' id='word_1_292' title='bbox 1345 2965 1892 3042; x_wconf 73' lang='lat' dir='ltr'><strong>quidamnostrum</strong></span> <span class='ocrx_word' id='word_1_293' title='bbox 1924 2965 2179 3042; x_wconf 82' lang='lat' dir='ltr'><strong>queran-</strong></span> 
     </span>
    </p>
   </div>
   <div class='ocr_carea' id='block_1_41' title="bbox 533 3037 2176 3113">
    <p class='ocr_par' dir='ltr' id='par_1_41' title="bbox 533 3037 2176 3113">
     <span class='ocr_line' id='line_1_42' title="bbox 533 3037 2176 3113; baseline 0.003 -23"><span class='ocrx_word' id='word_1_294' title='bbox 533 3040 625 3091; x_wconf 90' lang='lat' dir='ltr'><strong>tur</strong></span> <span class='ocrx_word' id='word_1_295' title='bbox 656 3037 1006 3113; x_wconf 46' lang='lat' dir='ltr'><strong>contristati&quot;</strong></span> <span class='ocrx_word' id='word_1_296' title='bbox 1029 3037 1406 3113; x_wconf 73' lang='lat' dir='ltr'><strong>de_aliorum</strong></span> <span class='ocrx_word' id='word_1_297' title='bbox 1460 3040 1734 3113; x_wconf 82' lang='lat' dir='ltr'><strong>felicitate</strong></span> <span class='ocrx_word' id='word_1_298' title='bbox 1788 3037 2063 3113; x_wconf 54' lang='lat' dir='ltr'><strong>quai&#39;est</strong></span> <span class='ocrx_word' id='word_1_299' title='bbox 2120 3043 2176 3095; x_wconf 91' lang='lat' dir='ltr'><strong>in</strong></span> 
     </span>
    </p>
   </div>
   <div class='ocr_carea' id='block_1_42' title="bbox 533 3108 2178 3188">
    <p class='ocr_par' dir='ltr' id='par_1_42' title="bbox 533 3108 2178 3188">
     <span class='ocr_line' id='line_1_43' title="bbox 533 3108 2178 3188; baseline 0.003 -27"><span class='ocrx_word' id='word_1_300' title='bbox 533 3108 783 3188; x_wconf 75' lang='lat' dir='ltr'><strong>mundo,</strong></span> <span class='ocrx_word' id='word_1_301' title='bbox 806 3123 941 3188; x_wconf 72' lang='lat' dir='ltr'><strong>quae</strong></span> <span class='ocrx_word' id='word_1_302' title='bbox 971 3108 1348 3188; x_wconf 84' lang='lat' dir='ltr'><strong>upu_d_Deum</strong></span> <span class='ocrx_word' id='word_1_303' title='bbox 1378 3111 1523 3188; x_wconf 84' lang='lat' dir='ltr'><strong>forte</strong></span> <span class='ocrx_word' id='word_1_304' title='bbox 1559 3108 1871 3188; x_wconf 75' lang='lat' dir='ltr'><strong>infelicitas</strong></span> <span class='ocrx_word' id='word_1_305' title='bbox 1905 3119 2020 3178; x_wconf 89' lang='lat' dir='ltr'><strong>est;</strong></span> <span class='ocrx_word' id='word_1_306' title='bbox 2041 3128 2178 3188; x_wconf 89' lang='lat' dir='ltr'><strong>cum</strong></span> 
     </span>
    </p>
   </div>
   <div class='ocr_carea' id='block_1_43' title="bbox 533 3179 2180 3254">
    <p class='ocr_par' dir='ltr' id='par_1_43' title="bbox 533 3179 2180 3254">
     <span class='ocr_line' id='line_1_44' title="bbox 533 3179 2180 3254; baseline 0.002 -22"><span class='ocrx_word' id='word_1_307' title='bbox 533 3179 725 3247; x_wconf 91' lang='lat' dir='ltr'><strong>magis</strong></span> <span class='ocrx_word' id='word_1_308' title='bbox 768 3179 1029 3247; x_wconf 90' lang='lat' dir='ltr'><strong>gaudere</strong></span> <span class='ocrx_word' id='word_1_309' title='bbox 1061 3180 1364 3254; x_wconf 80' lang='lat' dir='ltr'><strong>deberent,</strong></span> <span class='ocrx_word' id='word_1_310' title='bbox 1416 3184 1560 3254; x_wconf 89' lang='lat' dir='ltr'>quia</span> <span class='ocrx_word' id='word_1_311' title='bbox 1606 3200 1726 3238; x_wconf 91' lang='lat' dir='ltr'><strong>non</strong></span> <span class='ocrx_word' id='word_1_312' title='bbox 1773 3184 1884 3238; x_wconf 92' lang='lat' dir='ltr'><strong>illis</strong></span> <span class='ocrx_word' id='word_1_313' title='bbox 1918 3183 2180 3238; x_wconf 91' lang='lat' dir='ltr'><strong>mundus</strong></span> 
     </span>
    </p>
   </div>
   <div class='ocr_carea' id='block_1_44' title="bbox 529 3251 2178 3325">
    <p class='ocr_par' dir='ltr' id='par_1_44' title="bbox 529 3251 2178 3325">
     <span class='ocr_line' id='line_1_45' title="bbox 529 3251 2178 3325; baseline 0.004 -22"><span class='ocrx_word' id='word_1_314' title='bbox 529 3254 778 3325; x_wconf 66' lang='lat' dir='ltr'><strong>praestat</strong></span> <span class='ocrx_word' id='word_1_315' title='bbox 796 3266 910 3325; x_wconf 71' lang='lat' dir='ltr'><strong>per</strong></span> <span class='ocrx_word' id='word_1_316' title='bbox 931 3267 1066 3325; x_wconf 65' lang='lat' dir='ltr'><strong>quae</strong></span> <span class='ocrx_word' id='word_1_317' title='bbox 1094 3251 1333 3325; x_wconf 81' lang='lat' dir='ltr'><strong>obligati</strong></span> <span class='ocrx_word' id='word_1_318' title='bbox 1364 3251 1671 3310; x_wconf 80' lang='lat' dir='ltr'><strong>teneantur</strong></span> <span class='ocrx_word' id='word_1_319' title='bbox 1692 3255 1973 3310; x_wconf 89' lang='lat' dir='ltr'><strong>humanis</strong></span> <span class='ocrx_word' id='word_1_320' title='bbox 1998 3255 2178 3309; x_wconf 89' lang='lat' dir='ltr'><strong>rebus</strong></span> 
     </span>
    </p>
   </div>
   <div class='ocr_carea' id='block_1_45' title="bbox 529 3320 2180 3389">
    <p class='ocr_par' dir='ltr' id='par_1_45' title="bbox 529 3320 2180 3389">
     <span class='ocr_line' id='line_1_46' title="bbox 529 3320 2180 3389; baseline 0.002 -13"><span class='ocrx_word' id='word_1_321' title='bbox 529 3320 819 3377; x_wconf 76' lang='lat' dir='ltr'><strong>obnoxii?</strong></span> <span class='ocrx_word' id='word_1_322' title='bbox 852 3320 1117 3378; x_wconf 81' lang='lat' dir='ltr'><strong>Felicitas</strong></span> <span class='ocrx_word' id='word_1_323' title='bbox 1164 3320 1324 3379; x_wconf 71' lang='lat' dir='ltr'><strong>enim</strong></span> <span class='ocrx_word' id='word_1_324' title='bbox 1369 3326 1499 3389; x_wconf 90' lang='lat' dir='ltr'><strong>ista,</strong></span> <span class='ocrx_word' id='word_1_325' title='bbox 1537 3327 1866 3381; x_wconf 86' lang='lat' dir='ltr'><strong>securitatis</strong></span> <span class='ocrx_word' id='word_1_326' title='bbox 1906 3325 2180 3381; x_wconf 85' lang='lat' dir='ltr'><strong>facultate</strong></span> 
     </span>
    </p>
   </div>
   <div class='ocr_carea' id='block_1_46' title="bbox 530 3393 2181 3465">
    <p class='ocr_par' dir='ltr' id='par_1_46' title="bbox 530 3393 2181 3465">
     <span class='ocr_line' id='line_1_47' title="bbox 530 3393 2181 3465; baseline 0.002 -18"><span class='ocrx_word' id='word_1_327' title='bbox 530 3399 798 3465; x_wconf 87' lang='lat' dir='ltr'><strong>accepta,</strong></span> <span class='ocrx_word' id='word_1_328' title='bbox 832 3393 1168 3449; x_wconf 89' lang='lat' dir='ltr'><strong>divinorum</strong></span> <span class='ocrx_word' id='word_1_329' title='bbox 1205 3402 1362 3450; x_wconf 88' lang='lat' dir='ltr'><strong>caret</strong></span> <span class='ocrx_word' id='word_1_330' title='bbox 1393 3396 1814 3452; x_wconf 86' lang='lat' dir='ltr'><strong>sollicitudine.</strong></span> <span class='ocrx_word' id='word_1_331' title='bbox 1864 3396 2181 3463; x_wconf 89' lang='lat' dir='ltr'><strong>lndiligens</strong></span> 
     </span>
    </p>
   </div>
   <div class='ocr_carea' id='block_1_47' title="bbox 528 3463 2180 3539">
    <p class='ocr_par' dir='ltr' id='par_1_47' title="bbox 528 3463 2180 3539">
     <span class='ocr_line' id='line_1_48' title="bbox 528 3463 2180 3539; baseline 0.002 -22"><span class='ocrx_word' id='word_1_332' title='bbox 528 3463 692 3539; x_wconf 82' lang='lat' dir='ltr'><strong>enim</strong></span> <span class='ocrx_word' id='word_1_333' title='bbox 716 3472 788 3520; x_wconf 76' lang='lat' dir='ltr'><strong>Sil</strong></span> <span class='ocrx_word' id='word_1_334' title='bbox 816 3479 1055 3539; x_wconf 85' lang='lat' dir='ltr'><strong>necesse</strong></span> <span class='ocrx_word' id='word_1_335' title='bbox 1076 3466 1333 3539; x_wconf 79' lang='lat' dir='ltr'><strong>estcirca</strong></span> <span class='ocrx_word' id='word_1_336' title='bbox 1358 3466 1562 3523; x_wconf 88' lang='lat' dir='ltr'><strong>divina</strong></span> <span class='ocrx_word' id='word_1_337' title='bbox 1588 3468 1966 3539; x_wconf 88' lang='lat' dir='ltr'><strong>oracula,qui</strong></span> <span class='ocrx_word' id='word_1_338' title='bbox 1994 3468 2180 3522; x_wconf 89' lang='lat' dir='ltr'><strong>omni-</strong></span> 
     </span>
    </p>
   </div>
   <div class='ocr_carea' id='block_1_48' title="bbox 528 3534 2182 3603">
    <p class='ocr_par' dir='ltr' id='par_1_48' title="bbox 528 3534 2182 3603">
     <span class='ocr_line' id='line_1_49' title="bbox 528 3534 2182 3603; baseline 0.003 -14"><span class='ocrx_word' id='word_1_339' title='bbox 528 3534 644 3590; x_wconf 91' lang='lat' dir='ltr'><strong>bus</strong></span> <span class='ocrx_word' id='word_1_340' title='bbox 674 3536 1023 3590; x_wconf 79' lang='lat' dir='ltr'><strong>necessariis</strong></span> <span class='ocrx_word' id='word_1_341' title='bbox 1050 3538 1321 3603; x_wconf 81' lang='lat' dir='ltr'><strong>refertus,</strong></span> <span class='ocrx_word' id='word_1_342' title='bbox 1345 3539 1502 3592; x_wconf 92' lang='lat' dir='ltr'><strong>unde</strong></span> <span class='ocrx_word' id='word_1_343' title='bbox 1521 3540 1593 3593; x_wconf 88' lang='lat' dir='ltr'><strong>sit</strong></span> <span class='ocrx_word' id='word_1_344' title='bbox 1616 3534 1903 3594; x_wconf 77' lang='lat' dir='ltr'><strong>sollicitus</strong></span> <span class='ocrx_word' id='word_1_345' title='bbox 1927 3555 2045 3592; x_wconf 91' lang='lat' dir='ltr'><strong>non</strong></span> <span class='ocrx_word' id='word_1_346' title='bbox 2082 3540 2182 3594; x_wconf 89' lang='lat' dir='ltr'><strong>ha-</strong></span> 
     </span>
    </p>
   </div>
   <div class='ocr_carea' id='block_1_49' title="bbox 527 3605 2179 3682">
    <p class='ocr_par' dir='ltr' id='par_1_49' title="bbox 527 3605 2179 3682">
     <span class='ocr_line' id='line_1_50' title="bbox 527 3605 2179 3682; baseline 0.004 -23"><span class='ocrx_word' id='word_1_347' title='bbox 527 3605 645 3682; x_wconf 83' lang='lat' dir='ltr'><strong>bet.</strong></span> <span class='ocrx_word' id='word_1_348' title='bbox 661 3606 788 3661; x_wconf 78' lang='lat' dir='ltr'><strong>Alia</strong></span> <span class='ocrx_word' id='word_1_349' title='bbox 805 3608 963 3682; x_wconf 74' lang='lat' dir='ltr'><strong>enim</strong></span> <span class='ocrx_word' id='word_1_350' title='bbox 994 3608 1392 3682; x_wconf 80' lang='lat' dir='ltr'><strong>sollicitudine</strong></span> <span class='ocrx_word' id='word_1_351' title='bbox 1415 3610 1671 3682; x_wconf 87' lang='lat' dir='ltr'><strong>incipere</strong></span> <span class='ocrx_word' id='word_1_352' title='bbox 1693 3611 1883 3665; x_wconf 90' lang='lat' dir='ltr'><strong>solent</strong></span> <span class='ocrx_word' id='word_1_353' title='bbox 1910 3610 2179 3682; x_wconf 88' lang='lat' dir='ltr'><strong>laborare</strong></span> 
     </span>
    </p>
   </div>
   <div class='ocr_carea' id='block_1_50' title="bbox 525 3677 2179 3752">
    <p class='ocr_par' dir='ltr' id='par_1_50' title="bbox 525 3677 2179 3752">
     <span class='ocr_line' id='line_1_51' title="bbox 525 3677 2179 3752; baseline 0.003 -21"><span class='ocrx_word' id='word_1_354' title='bbox 525 3677 897 3747; x_wconf 89' lang='lat' dir='ltr'><strong>hujusmodi,</strong></span> <span class='ocrx_word' id='word_1_355' title='bbox 936 3684 995 3733; x_wconf 94' lang='lat' dir='ltr'><strong>ut</strong></span> <span class='ocrx_word' id='word_1_356' title='bbox 1021 3679 1460 3752; x_wconf 84' lang='lat' dir='ltr'><strong>ampliﬁcentur</strong></span> <span class='ocrx_word' id='word_1_357' title='bbox 1492 3677 1549 3736; x_wconf 82' lang='lat' dir='ltr'><strong>in</strong></span> <span class='ocrx_word' id='word_1_358' title='bbox 1583 3682 1823 3747; x_wconf 74' lang='lat' dir='ltr'><strong>saeculo,</strong></span> <span class='ocrx_word' id='word_1_359' title='bbox 1857 3682 2017 3752; x_wconf 90' lang='lat' dir='ltr'>quod</span> <span class='ocrx_word' id='word_1_360' title='bbox 2053 3681 2179 3736; x_wconf 90' lang='lat' dir='ltr'><strong>sine</strong></span> 
     </span>
    </p>
   </div>
   <div class='ocr_carea' id='block_1_51' title="bbox 526 3750 2177 3824">
    <p class='ocr_par' dir='ltr' id='par_1_51' title="bbox 526 3750 2177 3824">
     <span class='ocr_line' id='line_1_52' title="bbox 526 3750 2177 3824; baseline 0.004 -23"><span class='ocrx_word' id='word_1_361' title='bbox 526 3756 772 3824; x_wconf 81' lang='lat' dir='ltr'><strong>peccato</strong></span> <span class='ocrx_word' id='word_1_362' title='bbox 805 3765 925 3824; x_wconf 83' lang='lat' dir='ltr'><strong>non</strong></span> <span class='ocrx_word' id='word_1_363' title='bbox 953 3756 1144 3824; x_wconf 89' lang='lat' dir='ltr'><strong>potest</strong></span> <span class='ocrx_word' id='word_1_364' title='bbox 1166 3750 1309 3806; x_wconf 75' lang='lat' dir='ltr'><strong>fieri.</strong></span> <span class='ocrx_word' id='word_1_365' title='bbox 1343 3753 1394 3806; x_wconf 93' lang='lat' dir='ltr'><strong>Si</strong></span> <span class='ocrx_word' id='word_1_366' title='bbox 1424 3756 1675 3823; x_wconf 88' lang='lat' dir='ltr'><strong>propius</strong></span> <span class='ocrx_word' id='word_1_367' title='bbox 1705 3750 1902 3809; x_wconf 81' lang='lat' dir='ltr'><strong>autem</strong></span> <span class='ocrx_word' id='word_1_368' title='bbox 1929 3753 2177 3824; x_wconf 90' lang='lat' dir='ltr'><strong>aspicia-</strong></span> 
     </span>
    </p>
   </div>
   <div class='ocr_carea' id='block_1_52' title="bbox 527 3819 2176 3893">
    <p class='ocr_par' dir='ltr' id='par_1_52' title="bbox 527 3819 2176 3893">
     <span class='ocr_line' id='line_1_53' title="bbox 527 3819 2176 3893; baseline 0.004 -22"><span class='ocrx_word' id='word_1_369' title='bbox 527 3823 640 3893; x_wconf 85' lang='lat' dir='ltr'><strong>t_ur,</strong></span> <span class='ocrx_word' id='word_1_370' title='bbox 672 3819 968 3893; x_wconf 79' lang='lat' dir='ltr'><strong>videbitur</strong></span> <span class='ocrx_word' id='word_1_371' title='bbox 1008 3822 1283 3876; x_wconf 89' lang='lat' dir='ltr'><strong>inimicus</strong></span> <span class='ocrx_word' id='word_1_372' title='bbox 1326 3819 1515 3893; x_wconf 82' lang='lat' dir='ltr'><strong>magis</strong></span> <span class='ocrx_word' id='word_1_373' title='bbox 1542 3819 1797 3879; x_wconf 53' lang='lat' dir='ltr'><strong>&#39;illorum</strong></span> <span class='ocrx_word' id='word_1_374' title='bbox 1830 3840 1961 3879; x_wconf 91' lang='lat' dir='ltr'><strong>esse</strong></span> <span class='ocrx_word' id='word_1_375' title='bbox 2003 3819 2176 3878; x_wconf 61' lang='lat' dir='ltr'><strong>inuno</strong></span> 
     </span>
    </p>
   </div>
   <div class='ocr_carea' id='block_1_53' title="bbox 526 3886 2175 3966">
    <p class='ocr_par' dir='ltr' id='par_1_53' title="bbox 526 3886 2175 3966">
     <span class='ocr_line' id='line_1_54' title="bbox 526 3886 2175 3966; baseline 0.007 -28"><span class='ocrx_word' id='word_1_376' title='bbox 526 3886 663 3966; x_wconf 72' lang='lat' dir='ltr'><strong>dus,</strong></span> <span class='ocrx_word' id='word_1_377' title='bbox 691 3906 837 3958; x_wconf 90' lang='lat' dir='ltr'><strong>quos</strong></span> <span class='ocrx_word' id='word_1_378' title='bbox 868 3889 1074 3966; x_wconf 81' lang='lat' dir='ltr'><strong>beatos</strong></span> <span class='ocrx_word' id='word_1_379' title='bbox 1106 3886 1561 3966; x_wconf 31' lang='lat' dir='ltr'><strong>dicitur‘fac&#39;ere.</strong></span> <span class='ocrx_word' id='word_1_380' title='bbox 1605 3896 1714 3950; x_wconf 88' lang='lat' dir='ltr'><strong>Vix</strong></span> <span class='ocrx_word' id='word_1_381' title='bbox 1756 3896 1912 3951; x_wconf 92' lang='lat' dir='ltr'><strong>enim</strong></span> <span class='ocrx_word' id='word_1_382' title='bbox 1960 3895 2175 3965; x_wconf 89' lang='lat' dir='ltr'><strong>aliquis</strong></span> 
     </span>
    </p>
   </div>
   <div class='ocr_carea' id='block_1_54' title="bbox 524 3956 2171 4037">
    <p class='ocr_par' dir='ltr' id='par_1_54' title="bbox 524 3956 2171 4037">
     <span class='ocr_line' id='line_1_55' title="bbox 524 3956 2171 4037; baseline 0.007 -27"><span class='ocrx_word' id='word_1_383' title='bbox 524 3956 761 4037; x_wconf 83' lang='lat' dir='ltr'><strong>illorum</strong></span> <span class='ocrx_word' id='word_1_384' title='bbox 786 3960 1709 4037; x_wconf 72' lang='lat' dir='ltr'><strong>cmlestiacogitat.Gaudendum</strong></span> <span class='ocrx_word' id='word_1_385' title='bbox 1738 3982 1879 4033; x_wconf 88' lang='lat' dir='ltr'><strong>ergo</strong></span> <span class='ocrx_word' id='word_1_386' title='bbox 1899 3956 2171 4021; x_wconf 69' lang='lat' dir='ltr'><strong>Christia-</strong></span> 
     </span>
    </p>
   </div>
   <div class='ocr_carea' id='block_1_55' title="bbox 524 4030 2174 4105">
    <p class='ocr_par' dir='ltr' id='par_1_55' title="bbox 524 4030 2174 4105">
     <span class='ocr_line' id='line_1_56' title="bbox 524 4030 2174 4105; baseline 0.007 -24"><span class='ocrx_word' id='word_1_387' title='bbox 524 4030 616 4081; x_wconf 91' lang='lat' dir='ltr'><strong>nis</strong></span> <span class='ocrx_word' id='word_1_388' title='bbox 647 4036 752 4105; x_wconf 84' lang='lat' dir='ltr'><strong>est,</strong></span> <span class='ocrx_word' id='word_1_389' title='bbox 778 4030 923 4105; x_wconf 79' lang='lat' dir='ltr'><strong>dum</strong></span> <span class='ocrx_word' id='word_1_390' title='bbox 953 4036 1103 4105; x_wconf 86' lang='lat' dir='ltr'><strong>recte</strong></span> <span class='ocrx_word' id='word_1_391' title='bbox 1136 4041 1559 4105; x_wconf 84' lang='lat' dir='ltr'><strong>conversantes</strong></span> <span class='ocrx_word' id='word_1_392' title='bbox 1587 4030 1939 4105; x_wconf 79' lang='lat' dir='ltr'><strong>premuntur</strong></span> <span class='ocrx_word' id='word_1_393' title='bbox 1969 4036 2027 4091; x_wconf 87' lang='lat' dir='ltr'><strong>in</strong></span> <span class='ocrx_word' id='word_1_394' title='bbox 2060 4037 2174 4092; x_wconf 90' lang='lat' dir='ltr'><strong>hoc</strong></span> 
     </span>
    </p>
   </div>
   <div class='ocr_carea' id='block_1_56' title="bbox 525 4099 2172 4179">
    <p class='ocr_par' dir='ltr' id='par_1_56' title="bbox 525 4099 2172 4179">
     <span class='ocr_line' id='line_1_57' title="bbox 525 4099 2172 4179; baseline 0.005 -26"><span class='ocrx_word' id='word_1_395' title='bbox 525 4099 1103 4179; x_wconf 70' lang='lat' dir='ltr'><strong>saeculo._Hic__enim</strong></span> <span class='ocrx_word' id='word_1_396' title='bbox 1144 4102 1322 4179; x_wconf 81' lang='lat' dir='ltr'><strong>vincit</strong></span> <span class='ocrx_word' id='word_1_397' title='bbox 1364 4099 1682 4179; x_wconf 69' lang='lat' dir='ltr'><strong>smculum,</strong></span> <span class='ocrx_word' id='word_1_398' title='bbox 1712 4108 1813 4179; x_wconf 91' lang='lat' dir='ltr'>qui</span> <span class='ocrx_word' id='word_1_399' title='bbox 1860 4113 2172 4163; x_wconf 71' lang='lat' dir='ltr'><strong>contentus</strong></span> 
     </span>
    </p>
   </div>
   <div class='ocr_carea' id='block_1_57' title="bbox 520 4172 2169 4248">
    <p class='ocr_par' dir='ltr' id='par_1_57' title="bbox 520 4172 2169 4248">
     <span class='ocr_line' id='line_1_58' title="bbox 520 4172 2169 4248; baseline 0.006 -25"><span class='ocrx_word' id='word_1_400' title='bbox 520 4172 832 4248; x_wconf 87' lang='lat' dir='ltr'><strong>quomodo</strong></span> <span class='ocrx_word' id='word_1_401' title='bbox 862 4172 948 4248; x_wconf 84' lang='lat' dir='ltr'><strong>illi</strong></span> <span class='ocrx_word' id='word_1_402' title='bbox 973 4175 1233 4248; x_wconf 80' lang='lat' dir='ltr'><strong>evenerit</strong></span> <span class='ocrx_word' id='word_1_403' title='bbox 1265 4176 1332 4248; x_wconf 85' lang='lat' dir='ltr'><strong>in</strong></span> <span class='ocrx_word' id='word_1_404' title='bbox 1362 4176 1477 4231; x_wconf 88' lang='lat' dir='ltr'><strong>hoc</strong></span> <span class='ocrx_word' id='word_1_405' title='bbox 1508 4172 1749 4243; x_wconf 65' lang='lat' dir='ltr'><strong>saeculo,</strong></span> <span class='ocrx_word' id='word_1_406' title='bbox 1784 4180 1902 4232; x_wconf 90' lang='lat' dir='ltr'><strong>Deo</strong></span> <span class='ocrx_word' id='word_1_407' title='bbox 1946 4180 2169 4248; x_wconf 85' lang='lat' dir='ltr'><strong>gratias</strong></span> 
     </span>
    </p>
   </div>
   <div class='ocr_carea' id='block_1_58' title="bbox 520 4243 2168 4319">
    <p class='ocr_par' dir='ltr' id='par_1_58' title="bbox 520 4243 2168 4319">
     <span class='ocr_line' id='line_1_59' title="bbox 520 4243 2168 4319; baseline 0.005 -23"><span class='ocrx_word' id='word_1_408' title='bbox 520 4243 660 4319; x_wconf 72' lang='lat' dir='ltr'><strong>agit,</strong></span> <span class='ocrx_word' id='word_1_409' title='bbox 694 4259 875 4319; x_wconf 79' lang='lat' dir='ltr'><strong>aquo</strong></span> <span class='ocrx_word' id='word_1_410' title='bbox 903 4245 951 4298; x_wconf 92' lang='lat' dir='ltr'><strong>si</strong></span> <span class='ocrx_word' id='word_1_411' title='bbox 978 4261 1099 4315; x_wconf 91' lang='lat' dir='ltr'><strong>qua</strong></span> <span class='ocrx_word' id='word_1_412' title='bbox 1119 4244 1215 4300; x_wconf 88' lang='lat' dir='ltr'><strong>hic</strong></span> <span class='ocrx_word' id='word_1_413' title='bbox 1242 4246 1537 4316; x_wconf 86' lang='lat' dir='ltr'><strong>denegata</strong></span> <span class='ocrx_word' id='word_1_414' title='bbox 1569 4249 1845 4304; x_wconf 86' lang='lat' dir='ltr'><strong>videntur</strong></span> <span class='ocrx_word' id='word_1_415' title='bbox 1876 4243 2168 4319; x_wconf 78' lang='lat' dir='ltr'><strong>tempora-</strong></span> 
     </span>
    </p>
   </div>
   <div class='ocr_carea' id='block_1_59' title="bbox 516 4312 2168 4395">
    <p class='ocr_par' dir='ltr' id='par_1_59' title="bbox 516 4312 2168 4395">
     <span class='ocr_line' id='line_1_60' title="bbox 516 4312 2168 4395; baseline 0.005 -27"><span class='ocrx_word' id='word_1_416' title='bbox 516 4312 614 4377; x_wconf 89' lang='lat' dir='ltr'><strong>lia,</strong></span> <span class='ocrx_word' id='word_1_417' title='bbox 651 4312 817 4395; x_wconf 77' lang='lat' dir='ltr'><strong>reddi</strong></span> <span class='ocrx_word' id='word_1_418' title='bbox 851 4312 1047 4395; x_wconf 80' lang='lat' dir='ltr'><strong>speret</strong></span> <span class='ocrx_word' id='word_1_419' title='bbox 1077 4324 1339 4395; x_wconf 60' lang='lat' dir='ltr'><strong>(eterna._</strong></span> <span class='ocrx_word' id='word_1_420' title='bbox 1372 4312 1600 4395; x_wconf 40' lang='lat' dir='ltr'><strong>U&#39;tquid</strong></span> <span class='ocrx_word' id='word_1_421' title='bbox 1627 4322 1786 4395; x_wconf 85' lang='lat' dir='ltr'><strong>enim</strong></span> <span class='ocrx_word' id='word_1_422' title='bbox 1820 4312 2168 4395; x_wconf 53' lang='lat' dir='ltr'><strong>Deus&#39;futu-</strong></span> 
     </span>
    </p>
   </div>
   <div class='ocr_carea' id='block_1_60' title="bbox 515 4386 2169 4463">
    <p class='ocr_par' dir='ltr' id='par_1_60' title="bbox 515 4386 2169 4463">
     <span class='ocr_line' id='line_1_61' title="bbox 515 4386 2169 4463; baseline 0.005 -24"><span class='ocrx_word' id='word_1_423' title='bbox 515 4400 649 4463; x_wconf 74' lang='lat' dir='ltr'><strong>rum</strong></span> <span class='ocrx_word' id='word_1_424' title='bbox 678 4386 972 4463; x_wconf 78' lang='lat' dir='ltr'><strong>judicium</strong></span> <span class='ocrx_word' id='word_1_425' title='bbox 997 4390 1343 4463; x_wconf 85' lang='lat' dir='ltr'><strong>statuit,nisi</strong></span> <span class='ocrx_word' id='word_1_426' title='bbox 1379 4396 1439 4445; x_wconf 90' lang='lat' dir='ltr'><strong>ut</strong></span> <span class='ocrx_word' id='word_1_427' title='bbox 1462 4386 1563 4462; x_wconf 80' lang='lat' dir='ltr'><strong>qui</strong></span> <span class='ocrx_word' id='word_1_428' title='bbox 1590 4392 1803 4461; x_wconf 91' lang='lat' dir='ltr'><strong>injuste</strong></span> <span class='ocrx_word' id='word_1_429' title='bbox 1825 4393 2169 4463; x_wconf 88' lang='lat' dir='ltr'><strong>deprimun-</strong></span> 
     </span>
    </p>
   </div>
   <div class='ocr_carea' id='block_1_61' title="bbox 516 4457 2166 4539">
    <p class='ocr_par' dir='ltr' id='par_1_61' title="bbox 516 4457 2166 4539">
     <span class='ocr_line' id='line_1_62' title="bbox 516 4457 2166 4539; baseline 0.004 -28"><span class='ocrx_word' id='word_1_430' title='bbox 516 4460 613 4539; x_wconf 71' lang='lat' dir='ltr'><strong>tur</strong></span> <span class='ocrx_word' id='word_1_431' title='bbox 639 4457 714 4512; x_wconf 91' lang='lat' dir='ltr'><strong>ad</strong></span> <span class='ocrx_word' id='word_1_432' title='bbox 745 4461 1007 4539; x_wconf 60' lang='lat' dir='ltr'><strong>tempus,</strong></span> <span class='ocrx_word' id='word_1_433' title='bbox 1038 4460 1160 4515; x_wconf 88' lang='lat' dir='ltr'><strong>vita</strong></span> <span class='ocrx_word' id='word_1_434' title='bbox 1179 4468 1400 4517; x_wconf 75' lang='lat' dir='ltr'><strong>aeterna</strong></span> <span class='ocrx_word' id='word_1_435' title='bbox 1425 4457 1743 4527; x_wconf 75' lang='lat' dir='ltr'><strong>donentur,</strong></span> <span class='ocrx_word' id='word_1_436' title='bbox 1771 4457 2069 4539; x_wconf 79' lang='lat' dir='ltr'><strong>depressis</strong></span> <span class='ocrx_word' id='word_1_437' title='bbox 2097 4464 2166 4519; x_wconf 92' lang='lat' dir='ltr'><strong>iis</strong></span> 
     </span>
    </p>
   </div>
   <div class='ocr_carea' id='block_1_62' title="bbox 512 4531 2168 4600">
    <p class='ocr_par' dir='ltr' id='par_1_62' title="bbox 512 4531 2168 4600">
     <span class='ocr_line' id='line_1_63' title="bbox 512 4531 2168 4600; baseline 0.005 -19"><span class='ocrx_word' id='word_1_438' title='bbox 512 4531 760 4600; x_wconf 14' lang='lat' dir='ltr'><strong>quiuper</strong></span> <span class='ocrx_word' id='word_1_439' title='bbox 786 4531 1111 4600; x_wconf 87' lang='lat' dir='ltr'><strong>potentiam</strong></span> <span class='ocrx_word' id='word_1_440' title='bbox 1146 4539 1614 4598; x_wconf 88' lang='lat' dir='ltr'><strong>contemnentes,</strong></span> <span class='ocrx_word' id='word_1_441' title='bbox 1638 4542 1740 4590; x_wconf 91' lang='lat' dir='ltr'><strong>aut</strong></span> <span class='ocrx_word' id='word_1_442' title='bbox 1772 4531 1890 4591; x_wconf 81' lang='lat' dir='ltr'><strong>non</strong></span> <span class='ocrx_word' id='word_1_443' title='bbox 1919 4535 2168 4589; x_wconf 91' lang='lat' dir='ltr'><strong>creden-</strong></span> 
     </span>
    </p>
   </div>
   <div class='ocr_carea' id='block_1_63' title="bbox 515 4598 2166 4679">
    <p class='ocr_par' dir='ltr' id='par_1_63' title="bbox 515 4598 2166 4679">
     <span class='ocr_line' id='line_1_64' title="bbox 515 4598 2166 4679; baseline 0.005 -27"><span class='ocrx_word' id='word_1_444' title='bbox 515 4602 598 4652; x_wconf 90' lang='lat' dir='ltr'><strong>tes</strong></span> <span class='ocrx_word' id='word_1_445' title='bbox 626 4598 891 4679; x_wconf 71' lang='lat' dir='ltr'><strong>futurum</strong></span> <span class='ocrx_word' id='word_1_446' title='bbox 922 4601 1016 4679; x_wconf 89' lang='lat' dir='ltr'><strong>_Dei</strong></span> <span class='ocrx_word' id='word_1_447' title='bbox 1040 4602 1351 4679; x_wconf 73' lang='lat' dir='ltr'><strong>judicium,</strong></span> <span class='ocrx_word' id='word_1_448' title='bbox 1386 4604 1801 4675; x_wconf 85' lang='lat' dir='ltr'><strong>impunitatem</strong></span> <span class='ocrx_word' id='word_1_449' title='bbox 1830 4622 1957 4661; x_wconf 90' lang='lat' dir='ltr'><strong>esse</strong></span> <span class='ocrx_word' id='word_1_450' title='bbox 1988 4606 2166 4661; x_wconf 91' lang='lat' dir='ltr'><strong>scele-</strong></span> 
     </span>
    </p>
   </div>
   <div class='ocr_carea' id='block_1_64' title="bbox 510 4672 2164 4745">
    <p class='ocr_par' dir='ltr' id='par_1_64' title="bbox 510 4672 2164 4745">
     <span class='ocr_line' id='line_1_65' title="bbox 510 4672 2164 4745; baseline 0.007 -24"><span class='ocrx_word' id='word_1_451' title='bbox 510 4683 645 4745; x_wconf 70' lang='lat' dir='ltr'><strong>rum</strong></span> <span class='ocrx_word' id='word_1_452' title='bbox 674 4672 936 4745; x_wconf 82' lang='lat' dir='ltr'><strong>arbitrati</strong></span> <span class='ocrx_word' id='word_1_453' title='bbox 968 4672 1151 4745; x_wconf 80' lang='lat' dir='ltr'><strong>sunt?</strong></span> <span class='ocrx_word' id='word_1_454' title='bbox 1177 4676 1290 4729; x_wconf 90' lang='lat' dir='ltr'><strong>Sed</strong></span> <span class='ocrx_word' id='word_1_455' title='bbox 1322 4672 1575 4730; x_wconf 84' lang='lat' dir='ltr'><strong>fatorum</strong></span> <span class='ocrx_word' id='word_1_456' title='bbox 1601 4685 1922 4733; x_wconf 89' lang='lat' dir='ltr'><strong>assertores</strong></span> <span class='ocrx_word' id='word_1_457' title='bbox 1944 4684 2164 4745; x_wconf 78' lang='lat' dir='ltr'><strong>negant</strong></span> 
     </span>
    </p>
   </div>
   <div class='ocr_carea' id='block_1_65' title="bbox 508 4737 2158 4822">
    <p class='ocr_par' dir='ltr' id='par_1_65' title="bbox 508 4737 2158 4822">
     <span class='ocr_line' id='line_1_66' title="bbox 508 4737 2158 4822; baseline 0.007 -31"><span class='ocrx_word' id='word_1_458' title='bbox 508 4737 1178 4822; x_wconf 71' lang='lat' dir='ltr'><strong>futurum_judicium._Si</strong></span> <span class='ocrx_word' id='word_1_459' title='bbox 1205 4748 1364 4822; x_wconf 84' lang='lat' dir='ltr'><strong>enim</strong></span> <span class='ocrx_word' id='word_1_460' title='bbox 1381 4754 1707 4822; x_wconf 80' lang='lat' dir='ltr'><strong>nascuntur</strong></span> <span class='ocrx_word' id='word_1_461' title='bbox 1728 4749 1828 4820; x_wconf 92' lang='lat' dir='ltr'>qui</span> <span class='ocrx_word' id='word_1_462' title='bbox 1858 4750 1996 4803; x_wconf 91' lang='lat' dir='ltr'><strong>boni</strong></span> <span class='ocrx_word' id='word_1_463' title='bbox 2022 4737 2158 4813; x_wconf 73' lang='lat' dir='ltr'><strong>sint,</strong></span> 
     </span>
    </p>
   </div>
   <div class='ocr_carea' id='block_1_66' title="bbox 509 4813 2157 4889">
    <p class='ocr_par' dir='ltr' id='par_1_66' title="bbox 509 4813 2157 4889">
     <span class='ocr_line' id='line_1_67' title="bbox 509 4813 2157 4889; baseline 0.007 -26"><span class='ocrx_word' id='word_1_464' title='bbox 509 4813 565 4864; x_wconf 92' lang='lat' dir='ltr'><strong>et</strong></span> <span class='ocrx_word' id='word_1_465' title='bbox 594 4826 626 4864; x_wconf 91' lang='lat' dir='ltr'><strong>e</strong></span> <span class='ocrx_word' id='word_1_466' title='bbox 647 4817 854 4889; x_wconf 88' lang='lat' dir='ltr'><strong>contra</strong></span> <span class='ocrx_word' id='word_1_467' title='bbox 879 4815 979 4884; x_wconf 88' lang='lat' dir='ltr'>qui</span> <span class='ocrx_word' id='word_1_468' title='bbox 1012 4816 1151 4889; x_wconf 81' lang='lat' dir='ltr'><strong>mali</strong></span> <span class='ocrx_word' id='word_1_469' title='bbox 1176 4817 1321 4885; x_wconf 88' lang='lat' dir='ltr'><strong>sint;</strong></span> <span class='ocrx_word' id='word_1_470' title='bbox 1345 4818 1489 4889; x_wconf 92' lang='lat' dir='ltr'><strong>quid</strong></span> <span class='ocrx_word' id='word_1_471' title='bbox 1515 4818 1727 4875; x_wconf 85' lang='lat' dir='ltr'><strong>laudas</strong></span> <span class='ocrx_word' id='word_1_472' title='bbox 1748 4813 1854 4874; x_wconf 77' lang='lat' dir='ltr'><strong>aut</strong></span> <span class='ocrx_word' id='word_1_473' title='bbox 1880 4837 2157 4885; x_wconf 89' lang='lat' dir='ltr'><strong>accusas,</strong></span> 
     </span>
    </p>
   </div>
   <div class='ocr_carea' id='block_1_67' title="bbox 506 4882 2161 4957">
    <p class='ocr_par' dir='ltr' id='par_1_67' title="bbox 506 4882 2161 4957">
     <span class='ocr_line' id='line_1_68' title="bbox 506 4882 2161 4957; baseline 0.006 -21"><span class='ocrx_word' id='word_1_474' title='bbox 506 4882 753 4951; x_wconf 89' lang='lat' dir='ltr'><strong>quando</strong></span> <span class='ocrx_word' id='word_1_475' title='bbox 786 4882 977 4953; x_wconf 81' lang='lat' dir='ltr'><strong>neque</strong></span> <span class='ocrx_word' id='word_1_476' title='bbox 1008 4885 1204 4941; x_wconf 90' lang='lat' dir='ltr'><strong>bonus</strong></span> <span class='ocrx_word' id='word_1_477' title='bbox 1238 4882 1597 4957; x_wconf 81' lang='lat' dir='ltr'><strong>congressus</strong></span> <span class='ocrx_word' id='word_1_478' title='bbox 1630 4891 1924 4945; x_wconf 90' lang='lat' dir='ltr'><strong>laboravit</strong></span> <span class='ocrx_word' id='word_1_479' title='bbox 1950 4898 2008 4946; x_wconf 90' lang='lat' dir='ltr'><strong>ut</strong></span> <span class='ocrx_word' id='word_1_480' title='bbox 2042 4882 2161 4945; x_wconf 49' lang='lat' dir='ltr'><strong>vin;</strong></span> 
     </span>
    </p>
   </div>
   <div class='ocr_carea' id='block_1_68' title="bbox 504 4957 2159 5035">
    <p class='ocr_par' dir='ltr' id='par_1_68' title="bbox 504 4957 2159 5035">
     <span class='ocr_line' id='line_1_69' title="bbox 504 4957 2159 5035; baseline 0.006 -29"><span class='ocrx_word' id='word_1_481' title='bbox 504 4957 681 5034; x_wconf 80' lang='lat' dir='ltr'><strong>ceret,</strong></span> <span class='ocrx_word' id='word_1_482' title='bbox 696 4969 901 5035; x_wconf 75' lang='lat' dir='ltr'><strong>neque</strong></span> <span class='ocrx_word' id='word_1_483' title='bbox 928 4957 1118 5035; x_wconf 83' lang='lat' dir='ltr'><strong>malus</strong></span> <span class='ocrx_word' id='word_1_484' title='bbox 1142 4961 1449 5035; x_wconf 76' lang='lat' dir='ltr'><strong>negligens</strong></span> <span class='ocrx_word' id='word_1_485' title='bbox 1469 4960 1659 5035; x_wconf 76' lang='lat' dir='ltr'><strong>fuitut</strong></span> <span class='ocrx_word' id='word_1_486' title='bbox 1685 4962 1950 5035; x_wconf 89' lang='lat' dir='ltr'><strong>perderet</strong></span> <span class='ocrx_word' id='word_1_487' title='bbox 1967 4961 2159 5035; x_wconf 72' lang='lat' dir='ltr'><strong>‘PQuid</strong></span> 
     </span>
    </p>
   </div>
   <div class='ocr_carea' id='block_1_69' title="bbox 503 5029 2158 5104">
    <p class='ocr_par' dir='ltr' id='par_1_69' title="bbox 503 5029 2158 5104">
     <span class='ocr_line' id='line_1_70' title="bbox 503 5029 2158 5104; baseline 0.006 -25"><span class='ocrx_word' id='word_1_488' title='bbox 503 5029 664 5104; x_wconf 71' lang='lat' dir='ltr'><strong>enim</strong></span> <span class='ocrx_word' id='word_1_489' title='bbox 685 5029 842 5104; x_wconf 78' lang='lat' dir='ltr'><strong>iuter</strong></span> <span class='ocrx_word' id='word_1_490' title='bbox 864 5029 1126 5098; x_wconf 86' lang='lat' dir='ltr'><strong>privatos</strong></span> <span class='ocrx_word' id='word_1_491' title='bbox 1151 5029 1388 5085; x_wconf 85' lang='lat' dir='ltr'><strong>fabulas</strong></span> <span class='ocrx_word' id='word_1_492' title='bbox 1415 5029 1759 5087; x_wconf 78' lang='lat' dir='ltr'><strong>venditant?</strong></span> <span class='ocrx_word' id='word_1_493' title='bbox 1784 5036 1927 5089; x_wconf 82' lang='lat' dir='ltr'><strong>Nam</strong></span> <span class='ocrx_word' id='word_1_494' title='bbox 1949 5034 2158 5104; x_wconf 87' lang='lat' dir='ltr'><strong>judici-</strong></span> 
     </span>
    </p>
   </div>
   <div class='ocr_carea' id='block_1_70' title="bbox 499 5094 2156 5173">
    <p class='ocr_par' dir='ltr' id='par_1_70' title="bbox 499 5094 2156 5173">
     <span class='ocr_line' id='line_1_71' title="bbox 499 5094 2156 5173; baseline 0.005 -22"><span class='ocrx_word' id='word_1_495' title='bbox 499 5094 615 5151; x_wconf 90' lang='lat' dir='ltr'><strong>bus</strong></span> <span class='ocrx_word' id='word_1_496' title='bbox 639 5098 821 5173; x_wconf 79' lang='lat' dir='ltr'><strong>oblati</strong></span> <span class='ocrx_word' id='word_1_497' title='bbox 846 5094 1202 5170; x_wconf 80' lang='lat' dir='ltr'><strong>peccatores,</strong></span> <span class='ocrx_word' id='word_1_498' title='bbox 1242 5118 1551 5173; x_wconf 88' lang='lat' dir='ltr'><strong>nunquam</strong></span> <span class='ocrx_word' id='word_1_499' title='bbox 1584 5106 1711 5160; x_wconf 90' lang='lat' dir='ltr'><strong>ausi</strong></span> <span class='ocrx_word' id='word_1_500' title='bbox 1742 5111 1881 5159; x_wconf 88' lang='lat' dir='ltr'><strong>sunt</strong></span> <span class='ocrx_word' id='word_1_501' title='bbox 1907 5094 2156 5160; x_wconf 72' lang='lat' dir='ltr'><strong>crimina</strong></span> 
     </span>
    </p>
   </div>
   <div class='ocr_carea' id='block_1_71' title="bbox 501 5169 2152 5248">
    <p class='ocr_par' dir='ltr' id='par_1_71' title="bbox 501 5169 2152 5248">
     <span class='ocr_line' id='line_1_72' title="bbox 501 5169 2152 5248; baseline 0.008 -27"><span class='ocrx_word' id='word_1_502' title='bbox 501 5184 610 5248; x_wconf 75' lang='lat' dir='ltr'><strong>sua</strong></span> <span class='ocrx_word' id='word_1_503' title='bbox 633 5169 766 5225; x_wconf 89' lang='lat' dir='ltr'><strong>fatis</strong></span> <span class='ocrx_word' id='word_1_504' title='bbox 788 5169 1071 5248; x_wconf 75' lang='lat' dir='ltr'><strong>excusare</strong></span> <span class='ocrx_word' id='word_1_505' title='bbox 1088 5188 1101 5236; x_wconf 91' lang='lat'><strong>;</strong></span> <span class='ocrx_word' id='word_1_506' title='bbox 1118 5173 1216 5227; x_wconf 91' lang='lat' dir='ltr'><strong>sed</strong></span> <span class='ocrx_word' id='word_1_507' title='bbox 1243 5169 1603 5248; x_wconf 81' lang='lat' dir='ltr'><strong>semetipsos</strong></span> <span class='ocrx_word' id='word_1_508' title='bbox 1628 5192 1761 5231; x_wconf 90' lang='lat' dir='ltr'><strong>reos</strong></span> <span class='ocrx_word' id='word_1_509' title='bbox 1785 5176 2152 5234; x_wconf 85' lang='lat' dir='ltr'><strong>conﬁtentes.</strong></span> 
     </span>
    </p>
   </div>
   <div class='ocr_carea' id='block_1_72' title="bbox 493 5243 2153 5320">
    <p class='ocr_par' dir='ltr' id='par_1_72' title="bbox 493 5243 2153 5320">
     <span class='ocr_line' id='line_1_73' title="bbox 493 5243 2153 5320; baseline 0.006 -28"><span class='ocrx_word' id='word_1_510' title='bbox 493 5243 626 5317; x_wconf 82' lang='lat' dir='ltr'><strong>jure</strong></span> <span class='ocrx_word' id='word_1_511' title='bbox 654 5257 715 5295; x_wconf 89' lang='lat' dir='ltr'><strong>se</strong></span> <span class='ocrx_word' id='word_1_512' title='bbox 742 5243 1095 5320; x_wconf 79' lang='lat' dir='ltr'><strong>sententiam</strong></span> <span class='ocrx_word' id='word_1_513' title='bbox 1127 5243 1823 5320; x_wconf 77' lang='lat' dir='ltr'><strong>exciperenonnegant.</strong></span> <span class='ocrx_word' id='word_1_514' title='bbox 1849 5250 2048 5320; x_wconf 88' lang='lat' dir='ltr'><strong>Itaque</strong></span> <span class='ocrx_word' id='word_1_515' title='bbox 2074 5248 2153 5302; x_wconf 86' lang='lat' dir='ltr'><strong>le-</strong></span> 
     </span>
    </p>
   </div>
   <div class='ocr_carea' id='block_1_73' title="bbox 498 5313 2152 5391">
    <p class='ocr_par' dir='ltr' id='par_1_73' title="bbox 498 5313 2152 5391">
     <span class='ocr_line' id='line_1_74' title="bbox 498 5313 2152 5391; baseline 0.007 -29"><span class='ocrx_word' id='word_1_516' title='bbox 498 5313 588 5377; x_wconf 85' lang='lat' dir='ltr'><strong>gis</strong></span> <span class='ocrx_word' id='word_1_517' title='bbox 619 5313 963 5391; x_wconf 68' lang='lat' dir='ltr'><strong>auctoritas</strong></span> <span class='ocrx_word' id='word_1_518' title='bbox 987 5313 1277 5391; x_wconf 81' lang='lat' dir='ltr'><strong>rationem</strong></span> <span class='ocrx_word' id='word_1_519' title='bbox 1327 5316 1516 5372; x_wconf 86' lang='lat' dir='ltr'><strong>calcat</strong></span> <span class='ocrx_word' id='word_1_520' title='bbox 1545 5313 1826 5381; x_wconf 83' lang='lat' dir='ltr'><strong>fatorum,</strong></span> <span class='ocrx_word' id='word_1_521' title='bbox 1863 5313 2042 5374; x_wconf 57' lang='lat' dir='ltr'><strong>ita&#39;ut</strong></span> <span class='ocrx_word' id='word_1_522' title='bbox 2080 5336 2152 5374; x_wconf 89' lang='lat' dir='ltr'><strong>ne</strong></span> 
     </span>
    </p>
   </div>
   <div class='ocr_carea' id='block_1_74' title="bbox 497 5384 2150 5456">
    <p class='ocr_par' dir='ltr' id='par_1_74' title="bbox 497 5384 2150 5456">
     <span class='ocr_line' id='line_1_75' title="bbox 497 5384 2150 5456; baseline 0.005 -22"><span class='ocrx_word' id='word_1_523' title='bbox 497 5384 795 5456; x_wconf 75' lang='lat' dir='ltr'><strong>uominari</strong></span> <span class='ocrx_word' id='word_1_524' title='bbox 821 5385 1068 5455; x_wconf 88' lang='lat' dir='ltr'><strong>quidem</strong></span> <span class='ocrx_word' id='word_1_525' title='bbox 1102 5388 1347 5456; x_wconf 89' lang='lat' dir='ltr'><strong>possint,</strong></span> <span class='ocrx_word' id='word_1_526' title='bbox 1373 5405 1509 5444; x_wconf 90' lang='lat' dir='ltr'><strong>cum</strong></span> <span class='ocrx_word' id='word_1_527' title='bbox 1535 5406 1595 5444; x_wconf 91' lang='lat' dir='ltr'><strong>se</strong></span> <span class='ocrx_word' id='word_1_528' title='bbox 1622 5391 2013 5446; x_wconf 89' lang='lat' dir='ltr'><strong>commoverit</strong></span> <span class='ocrx_word' id='word_1_529' title='bbox 2032 5391 2150 5445; x_wconf 85' lang='lat' dir='ltr'><strong>lex.</strong></span> 
     </span>
    </p>
   </div>
   <div class='ocr_carea' id='block_1_75' title="bbox 499 5451 2148 5543">
    <p class='ocr_par' dir='ltr' id='par_1_75' title="bbox 499 5451 2148 5543">
     <span class='ocr_line' id='line_1_76' title="bbox 499 5451 2148 5543; baseline 0.007 -39"><span class='ocrx_word' id='word_1_530' title='bbox 499 5451 813 5543; x_wconf 63' lang='lat' dir='ltr'><strong>Quomodo</strong></span> <span class='ocrx_word' id='word_1_531' title='bbox 843 5451 1058 5543; x_wconf 71' lang='lat' dir='ltr'><strong>autem</strong></span> <span class='ocrx_word' id='word_1_532' title='bbox 1103 5451 1388 5543; x_wconf 73' lang='lat' dir='ltr'><strong>evasuros</strong></span> <span class='ocrx_word' id='word_1_533' title='bbox 1438 5478 1499 5542; x_wconf 80' lang='lat' dir='ltr'><strong>se</strong></span> <span class='ocrx_word' id='word_1_534' title='bbox 1540 5463 1599 5543; x_wconf 72' lang='lat' dir='ltr'><strong>in</strong></span> <span class='ocrx_word' id='word_1_535' title='bbox 1632 5469 1985 5543; x_wconf 84' lang='lat' dir='ltr'><strong>perpetuum</strong></span> <span class='ocrx_word' id='word_1_536' title='bbox 2031 5478 2148 5517; x_wconf 88' lang='lat' dir='ltr'><strong>cre-</strong></span> 
     </span>
    </p>
   </div>
   <div class='ocr_carea' id='block_1_76' title="bbox 496 5519 2146 5600">
    <p class='ocr_par' dir='ltr' id='par_1_76' title="bbox 496 5519 2146 5600">
     <span class='ocr_line' id='line_1_77' title="bbox 496 5519 2146 5600; baseline 0.01 -27"><span class='ocrx_word' id='word_1_537' title='bbox 496 5519 666 5587; x_wconf 92' lang='lat' dir='ltr'><strong>dunt,</strong></span> <span class='ocrx_word' id='word_1_538' title='bbox 695 5525 799 5595; x_wconf 90' lang='lat' dir='ltr'>qui</span> <span class='ocrx_word' id='word_1_539' title='bbox 827 5527 1095 5598; x_wconf 88' lang='lat' dir='ltr'><strong>nequiter</strong></span> <span class='ocrx_word' id='word_1_540' title='bbox 1118 5532 1329 5587; x_wconf 89' lang='lat' dir='ltr'><strong>versati</strong></span> <span class='ocrx_word' id='word_1_541' title='bbox 1359 5531 1505 5600; x_wconf 85' lang='lat' dir='ltr'><strong>legis</strong></span> <span class='ocrx_word' id='word_1_542' title='bbox 1532 5519 1754 5589; x_wconf 58' lang='lat' dir='ltr'><strong>divinai</strong></span> <span class='ocrx_word' id='word_1_543' title='bbox 1776 5536 2146 5589; x_wconf 87' lang='lat' dir='ltr'><strong>severitatem</strong></span> 
     </span>
    </p>
   </div>
   <div class='ocr_carea' id='block_1_77' title="bbox 558 5652 1404 5719">
    <p class='ocr_par' dir='ltr' id='par_1_77' title="bbox 558 5652 1404 5719">
     <span class='ocr_line' id='line_1_78' title="bbox 558 5652 1404 5719; baseline 0.017 -20"><span class='ocrx_word' id='word_1_544' title='bbox 558 5653 571 5683; x_wconf 86' lang='grc'>¹</span> <span class='ocrx_word' id='word_1_545' title='bbox 609 5652 703 5700; x_wconf 85' lang='lat' dir='ltr'><strong>Ms.</strong></span> <span class='ocrx_word' id='word_1_546' title='bbox 737 5652 1071 5707; x_wconf 88' lang='lat' dir='ltr'><strong>Colbertinus</strong></span> <span class='ocrx_word' id='word_1_547' title='bbox 1101 5670 1404 5719; x_wconf 80' lang='lat' dir='ltr'><strong>reservaret,</strong></span> 
     </span>
    </p>
   </div>
   <div class='ocr_carea' id='block_1_78' title="bbox 1549 138 2862 210">
    <p class='ocr_par' dir='ltr' id='par_1_78' title="bbox 1549 138 2862 210">
     <span class='ocr_line' id='line_1_79' title="bbox 1549 138 2862 210; baseline -0.003 -11"><span class='ocrx_word' id='word_1_548' title='bbox 1549 138 2016 210; x_wconf 64' lang='lat' dir='ltr'><strong>QUIESTIONES</strong></span> <span class='ocrx_word' id='word_1_549' title='bbox 2056 138 2149 194; x_wconf 86' lang='lat' dir='ltr'><strong>EX</strong></span> <span class='ocrx_word' id='word_1_550' title='bbox 2189 138 2533 207; x_wconf 82' lang='lat' dir='ltr'><strong>UTROQUE</strong></span> <span class='ocrx_word' id='word_1_551' title='bbox 2573 138 2862 195; x_wconf 88' lang='lat' dir='ltr'><strong>MIXTIM.</strong></span> 
     </span>
    </p>
   </div>
   <div class='ocr_carea' id='block_1_79' title="bbox 3792 143 3929 199">
    <p class='ocr_par' dir='ltr' id='par_1_79' title="bbox 3792 143 3929 199">
     <span class='ocr_line' id='line_1_80' title="bbox 3792 143 3929 199; baseline -0.015 0"><span class='ocrx_word' id='word_1_552' title='bbox 3792 146 3865 199; x_wconf 84' lang='lat'><strong>23</strong></span> <span class='ocrx_word' id='word_1_553' title='bbox 3872 143 3929 197; x_wconf 62' lang='grc' dir='ltr'><strong>ὀί)</strong></span> 
     </span>
    </p>
   </div>
   <div class='ocr_carea' id='block_1_80' title="bbox 2268 263 3932 336">
    <p class='ocr_par' dir='ltr' id='par_1_80' title="bbox 2268 263 3932 336">
     <span class='ocr_line' id='line_1_81' title="bbox 2268 263 3932 336; baseline 0.001 -17"><span class='ocrx_word' id='word_1_554' title='bbox 2268 264 2464 319; x_wconf 90' lang='lat' dir='ltr'><strong>studio</strong></span> <span class='ocrx_word' id='word_1_555' title='bbox 2496 264 2765 336; x_wconf 89' lang='lat' dir='ltr'><strong>quodam</strong></span> <span class='ocrx_word' id='word_1_556' title='bbox 2797 263 2876 320; x_wconf 90' lang='lat' dir='ltr'><strong>ad</strong></span> <span class='ocrx_word' id='word_1_557' title='bbox 2903 266 3141 335; x_wconf 89' lang='lat' dir='ltr'><strong>tempus</strong></span> <span class='ocrx_word' id='word_1_558' title='bbox 3164 263 3423 336; x_wconf 87' lang='lat' dir='ltr'><strong>fugiunt,</strong></span> <span class='ocrx_word' id='word_1_559' title='bbox 3457 280 3578 320; x_wconf 91' lang='lat' dir='ltr'><strong>non</strong></span> <span class='ocrx_word' id='word_1_560' title='bbox 3599 265 3932 335; x_wconf 85' lang='lat' dir='ltr'><strong>cogitantes</strong></span> 
     </span>
    </p>
   </div>
   <div class='ocr_carea' id='block_1_81' title="bbox 2266 334 3931 418">
    <p class='ocr_par' dir='ltr' id='par_1_81' title="bbox 2266 334 3931 418">
     <span class='ocr_line' id='line_1_82' title="bbox 2266 334 3931 418; baseline 0.003 -29"><span class='ocrx_word' id='word_1_561' title='bbox 2266 334 2566 418; x_wconf 76' lang='lat' dir='ltr'><strong>auctorem</strong></span> <span class='ocrx_word' id='word_1_562' title='bbox 2596 337 2741 418; x_wconf 75' lang='lat' dir='ltr'><strong>legis</strong></span> <span class='ocrx_word' id='word_1_563' title='bbox 2771 334 3320 418; x_wconf 39' lang='lat' dir='ltr'><strong>hincdis&#39;simulare</strong></span> <span class='ocrx_word' id='word_1_564' title='bbox 3361 352 3479 391; x_wconf 91' lang='lat' dir='ltr'><strong>non</strong></span> <span class='ocrx_word' id='word_1_565' title='bbox 3514 334 3755 418; x_wconf 49' lang='lat' dir='ltr'><strong>posse“?</strong></span> <span class='ocrx_word' id='word_1_566' title='bbox 3786 341 3931 418; x_wconf 51' lang='lat' dir='ltr'><strong>Sam</strong></span> 
     </span>
    </p>
   </div>
   <div class='ocr_carea' id='block_1_82' title="bbox 2266 406 3934 479">
    <p class='ocr_par' dir='ltr' id='par_1_82' title="bbox 2266 406 3934 479">
     <span class='ocr_line' id='line_1_83' title="bbox 2266 406 3934 479; baseline 0.001 -18"><span class='ocrx_word' id='word_1_567' title='bbox 2266 406 2575 479; x_wconf 84' lang='lat' dir='ltr'><strong>hicimago</strong></span> <span class='ocrx_word' id='word_1_568' title='bbox 2609 408 2755 475; x_wconf 88' lang='lat' dir='ltr'><strong>legis</strong></span> <span class='ocrx_word' id='word_1_569' title='bbox 2784 415 2892 470; x_wconf 90' lang='lat' dir='ltr'><strong>est,</strong></span> <span class='ocrx_word' id='word_1_570' title='bbox 2924 406 3038 479; x_wconf 87' lang='lat' dir='ltr'><strong>illic</strong></span> <span class='ocrx_word' id='word_1_571' title='bbox 3069 407 3287 462; x_wconf 85' lang='lat' dir='ltr'><strong>veritas</strong></span> <span class='ocrx_word' id='word_1_572' title='bbox 3314 424 3326 461; x_wconf 90' lang='lat'>:</span> <span class='ocrx_word' id='word_1_573' title='bbox 3350 414 3405 462; x_wconf 89' lang='lat' dir='ltr'><strong>et</strong></span> <span class='ocrx_word' id='word_1_574' title='bbox 3430 406 3530 479; x_wconf 89' lang='lat' dir='ltr'><strong>qui</strong></span> <span class='ocrx_word' id='word_1_575' title='bbox 3565 409 3934 463; x_wconf 85' lang='lat' dir='ltr'><strong>illuditima-</strong></span> 
     </span>
    </p>
   </div>
   <div class='ocr_carea' id='block_1_83' title="bbox 2268 478 3935 550">
    <p class='ocr_par' dir='ltr' id='par_1_83' title="bbox 2268 478 3935 550">
     <span class='ocr_line' id='line_1_84' title="bbox 2268 478 3935 550; baseline 0.001 -19"><span class='ocrx_word' id='word_1_576' title='bbox 2268 478 2489 550; x_wconf 89' lang='lat' dir='ltr'><strong>ginem,</strong></span> <span class='ocrx_word' id='word_1_577' title='bbox 2524 482 2827 534; x_wconf 88' lang='lat' dir='ltr'><strong>veritatem</strong></span> <span class='ocrx_word' id='word_1_578' title='bbox 2850 478 3098 533; x_wconf 89' lang='lat' dir='ltr'><strong>illudere</strong></span> <span class='ocrx_word' id='word_1_579' title='bbox 3120 494 3239 550; x_wconf 87' lang='lat' dir='ltr'><strong>non</strong></span> <span class='ocrx_word' id='word_1_580' title='bbox 3274 478 3485 548; x_wconf 86' lang='lat' dir='ltr'><strong>potest.</strong></span> <span class='ocrx_word' id='word_1_581' title='bbox 3513 481 3818 550; x_wconf 87' lang='lat' dir='ltr'><strong>Numquid</strong></span> <span class='ocrx_word' id='word_1_582' title='bbox 3852 490 3935 533; x_wconf 85' lang='lat' dir='ltr'><strong>est</strong></span> 
     </span>
    </p>
   </div>
   <div class='ocr_carea' id='block_1_84' title="bbox 2268 549 3938 621">
    <p class='ocr_par' dir='ltr' id='par_1_84' title="bbox 2268 549 3938 621">
     <span class='ocr_line' id='line_1_85' title="bbox 2268 549 3938 621; baseline 0.001 -18"><span class='ocrx_word' id='word_1_583' title='bbox 2268 549 2482 620; x_wconf 87' lang='lat' dir='ltr'><strong>aliquis</strong></span> <span class='ocrx_word' id='word_1_584' title='bbox 2508 551 2675 605; x_wconf 90' lang='lat' dir='ltr'><strong>locus</strong></span> <span class='ocrx_word' id='word_1_585' title='bbox 2703 550 2831 604; x_wconf 90' lang='lat' dir='ltr'><strong>sine</strong></span> <span class='ocrx_word' id='word_1_586' title='bbox 2866 553 3002 616; x_wconf 90' lang='lat' dir='ltr'><strong>Deo,</strong></span> <span class='ocrx_word' id='word_1_587' title='bbox 3026 557 3130 621; x_wconf 89' lang='lat' dir='ltr'><strong>aut</strong></span> <span class='ocrx_word' id='word_1_588' title='bbox 3158 549 3374 619; x_wconf 88' lang='lat' dir='ltr'><strong>aliquis</strong></span> <span class='ocrx_word' id='word_1_589' title='bbox 3402 566 3621 605; x_wconf 87' lang='lat' dir='ltr'><strong>manus</strong></span> <span class='ocrx_word' id='word_1_590' title='bbox 3644 549 3777 621; x_wconf 77' lang='lat' dir='ltr'><strong>ejus</strong></span> <span class='ocrx_word' id='word_1_591' title='bbox 3793 551 3938 605; x_wconf 68' lang='lat' dir='ltr'><strong>effu-</strong></span> 
     </span>
    </p>
   </div>
   <div class='ocr_carea' id='block_1_85' title="bbox 2269 620 3936 692">
    <p class='ocr_par' dir='ltr' id='par_1_85' title="bbox 2269 620 3936 692">
     <span class='ocr_line' id='line_1_86' title="bbox 2269 620 3936 692; baseline 0.002 -18"><span class='ocrx_word' id='word_1_592' title='bbox 2269 621 2437 688; x_wconf 84' lang='lat' dir='ltr'><strong>giat?</strong></span> <span class='ocrx_word' id='word_1_593' title='bbox 2467 625 2673 675; x_wconf 86' lang='lat' dir='ltr'><strong>Putant</strong></span> <span class='ocrx_word' id='word_1_594' title='bbox 2700 628 2902 676; x_wconf 89' lang='lat' dir='ltr'><strong>autem</strong></span> <span class='ocrx_word' id='word_1_595' title='bbox 2930 620 3307 676; x_wconf 89' lang='lat' dir='ltr'><strong>blandientes</strong></span> <span class='ocrx_word' id='word_1_596' title='bbox 3339 621 3472 686; x_wconf 88' lang='lat' dir='ltr'><strong>sibi,</strong></span> <span class='ocrx_word' id='word_1_597' title='bbox 3506 622 3654 692; x_wconf 90' lang='lat' dir='ltr'><strong>quia</strong></span> <span class='ocrx_word' id='word_1_598' title='bbox 3678 620 3797 692; x_wconf 82' lang='lat' dir='ltr'><strong>qui</strong></span> <span class='ocrx_word' id='word_1_599' title='bbox 3842 624 3936 677; x_wconf 83' lang='lat' dir='ltr'><strong>hic</strong></span> 
     </span>
    </p>
   </div>
   <div class='ocr_carea' id='block_1_86' title="bbox 2270 692 3936 763">
    <p class='ocr_par' dir='ltr' id='par_1_86' title="bbox 2270 692 3936 763">
     <span class='ocr_line' id='line_1_87' title="bbox 2270 692 3936 763; baseline 0.002 -18"><span class='ocrx_word' id='word_1_600' title='bbox 2270 693 2485 754; x_wconf 89' lang='lat' dir='ltr'><strong>evadit,</strong></span> <span class='ocrx_word' id='word_1_601' title='bbox 2517 693 2642 761; x_wconf 89' lang='lat' dir='ltr'><strong>jam</strong></span> <span class='ocrx_word' id='word_1_602' title='bbox 2684 709 2930 747; x_wconf 91' lang='lat' dir='ltr'><strong>securus</strong></span> <span class='ocrx_word' id='word_1_603' title='bbox 2979 692 3070 746; x_wconf 88' lang='lat' dir='ltr'><strong>sit.</strong></span> <span class='ocrx_word' id='word_1_604' title='bbox 3105 694 3167 746; x_wconf 84' lang='lat' dir='ltr'><strong>Et</strong></span> <span class='ocrx_word' id='word_1_605' title='bbox 3190 694 3499 763; x_wconf 89' lang='lat' dir='ltr'><strong>quomodo</strong></span> <span class='ocrx_word' id='word_1_606' title='bbox 3550 694 3662 748; x_wconf 87' lang='lat' dir='ltr'><strong>hoc</strong></span> <span class='ocrx_word' id='word_1_607' title='bbox 3701 694 3936 763; x_wconf 89' lang='lat' dir='ltr'><strong>justum</strong></span> 
     </span>
    </p>
   </div>
   <div class='ocr_carea' id='block_1_87' title="bbox 2269 763 3939 834">
    <p class='ocr_par' dir='ltr' id='par_1_87' title="bbox 2269 763 3939 834">
     <span class='ocr_line' id='line_1_88' title="bbox 2269 763 3939 834; baseline 0.001 -17"><span class='ocrx_word' id='word_1_608' title='bbox 2269 764 2586 827; x_wconf 71' lang='lat' dir='ltr'><strong>aestimant,</strong></span> <span class='ocrx_word' id='word_1_609' title='bbox 2625 770 2685 818; x_wconf 90' lang='lat' dir='ltr'><strong>ut</strong></span> <span class='ocrx_word' id='word_1_610' title='bbox 2707 763 2837 819; x_wconf 90' lang='lat' dir='ltr'><strong>aliis</strong></span> <span class='ocrx_word' id='word_1_611' title='bbox 2861 763 3074 834; x_wconf 85' lang='lat' dir='ltr'><strong>punitis</strong></span> <span class='ocrx_word' id='word_1_612' title='bbox 3108 763 3167 817; x_wconf 90' lang='lat' dir='ltr'><strong>in</strong></span> <span class='ocrx_word' id='word_1_613' title='bbox 3205 763 3421 818; x_wconf 89' lang='lat' dir='ltr'><strong>talibus</strong></span> <span class='ocrx_word' id='word_1_614' title='bbox 3447 766 3648 819; x_wconf 90' lang='lat' dir='ltr'><strong>causis</strong></span> <span class='ocrx_word' id='word_1_615' title='bbox 3674 765 3774 819; x_wconf 87' lang='lat' dir='ltr'><strong>isti</strong></span> <span class='ocrx_word' id='word_1_616' title='bbox 3804 781 3939 819; x_wconf 80' lang='lat' dir='ltr'><strong>eva-</strong></span> 
     </span>
    </p>
   </div>
   <div class='ocr_carea' id='block_1_88' title="bbox 2269 834 3935 907">
    <p class='ocr_par' dir='ltr' id='par_1_88' title="bbox 2269 834 3935 907">
     <span class='ocr_line' id='line_1_89' title="bbox 2269 834 3935 907; baseline 0.001 -18"><span class='ocrx_word' id='word_1_617' title='bbox 2269 834 2462 889; x_wconf 76' lang='lat' dir='ltr'><strong>dant?</strong></span> <span class='ocrx_word' id='word_1_618' title='bbox 2489 838 2652 889; x_wconf 86' lang='lat' dir='ltr'><strong>Certe</strong></span> <span class='ocrx_word' id='word_1_619' title='bbox 2686 835 2836 889; x_wconf 90' lang='lat' dir='ltr'><strong>Deus</strong></span> <span class='ocrx_word' id='word_1_620' title='bbox 2884 835 3180 907; x_wconf 88' lang='lat' dir='ltr'><strong>mundum</strong></span> <span class='ocrx_word' id='word_1_621' title='bbox 3212 836 3535 907; x_wconf 89' lang='lat' dir='ltr'><strong>constituit,</strong></span> <span class='ocrx_word' id='word_1_622' title='bbox 3562 841 3617 889; x_wconf 91' lang='lat' dir='ltr'><strong>et</strong></span> <span class='ocrx_word' id='word_1_623' title='bbox 3651 850 3779 906; x_wconf 90' lang='lat' dir='ltr'><strong>qua</strong></span> <span class='ocrx_word' id='word_1_624' title='bbox 3806 836 3935 907; x_wconf 82' lang='lat' dir='ltr'><strong>lege</strong></span> 
     </span>
    </p>
   </div>
   <div class='ocr_carea' id='block_1_89' title="bbox 2270 905 3936 977">
    <p class='ocr_par' dir='ltr' id='par_1_89' title="bbox 2270 905 3936 977">
     <span class='ocr_line' id='line_1_90' title="bbox 2270 905 3936 977; baseline 0.001 -18"><span class='ocrx_word' id='word_1_625' title='bbox 2270 911 2551 977; x_wconf 85' lang='lat' dir='ltr'><strong>uteretur,</strong></span> <span class='ocrx_word' id='word_1_626' title='bbox 2580 907 2855 961; x_wconf 89' lang='lat' dir='ltr'><strong>ostendit.</strong></span> <span class='ocrx_word' id='word_1_627' title='bbox 2892 905 3152 975; x_wconf 89' lang='lat' dir='ltr'><strong>Diligens</strong></span> <span class='ocrx_word' id='word_1_628' title='bbox 3174 905 3335 977; x_wconf 83' lang='lat' dir='ltr'><strong>enim</strong></span> <span class='ocrx_word' id='word_1_629' title='bbox 3357 922 3506 977; x_wconf 92' lang='lat' dir='ltr'><strong>opus</strong></span> <span class='ocrx_word' id='word_1_630' title='bbox 3530 905 3714 961; x_wconf 86' lang='lat' dir='ltr'><strong>suum</strong></span> <span class='ocrx_word' id='word_1_631' title='bbox 3738 905 3936 962; x_wconf 80' lang='lat' dir='ltr'><strong>osten-</strong></span> 
     </span>
    </p>
   </div>
   <div class='ocr_carea' id='block_1_90' title="bbox 2271 976 3939 1048">
    <p class='ocr_par' dir='ltr' id='par_1_90' title="bbox 2271 976 3939 1048">
     <span class='ocr_line' id='line_1_91' title="bbox 2271 976 3939 1048; baseline 0 -17"><span class='ocrx_word' id='word_1_632' title='bbox 2271 977 2356 1048; x_wconf 88' lang='lat' dir='ltr'><strong>dit</strong></span> <span class='ocrx_word' id='word_1_633' title='bbox 2377 976 2429 1031; x_wconf 94' lang='lat' dir='ltr'>ei</span> <span class='ocrx_word' id='word_1_634' title='bbox 2456 978 2635 1042; x_wconf 90' lang='lat' dir='ltr'><strong>viam,</strong></span> <span class='ocrx_word' id='word_1_635' title='bbox 2651 993 2774 1048; x_wconf 89' lang='lat' dir='ltr'><strong>qua</strong></span> <span class='ocrx_word' id='word_1_636' title='bbox 2787 979 2902 1032; x_wconf 90' lang='lat' dir='ltr'><strong>itur</strong></span> <span class='ocrx_word' id='word_1_637' title='bbox 2915 978 2993 1032; x_wconf 91' lang='lat' dir='ltr'><strong>ad</strong></span> <span class='ocrx_word' id='word_1_638' title='bbox 3008 977 3215 1045; x_wconf 88' lang='lat' dir='ltr'><strong>vitam,</strong></span> <span class='ocrx_word' id='word_1_639' title='bbox 3234 976 3521 1033; x_wconf 83' lang='lat' dir='ltr'><strong>ordinans</strong></span> <span class='ocrx_word' id='word_1_640' title='bbox 3533 978 3763 1048; x_wconf 86' lang='lat' dir='ltr'><strong>quibus</strong></span> <span class='ocrx_word' id='word_1_641' title='bbox 3779 979 3939 1032; x_wconf 86' lang='lat' dir='ltr'><strong>duci-</strong></span> 
     </span>
    </p>
   </div>
   <div class='ocr_carea' id='block_1_91' title="bbox 2270 1046 3931 1120">
    <p class='ocr_par' dir='ltr' id='par_1_91' title="bbox 2270 1046 3931 1120">
     <span class='ocr_line' id='line_1_92' title="bbox 2270 1046 3931 1120; baseline 0.001 -19"><span class='ocrx_word' id='word_1_642' title='bbox 2270 1046 2376 1101; x_wconf 91' lang='lat' dir='ltr'><strong>bus</strong></span> <span class='ocrx_word' id='word_1_643' title='bbox 2404 1046 2692 1115; x_wconf 60' lang='lat' dir='ltr'><strong>uteretur}</strong></span> <span class='ocrx_word' id='word_1_644' title='bbox 2715 1048 2860 1120; x_wconf 90' lang='lat' dir='ltr'><strong>quia</strong></span> <span class='ocrx_word' id='word_1_645' title='bbox 2884 1052 2971 1103; x_wconf 90' lang='lat' dir='ltr'><strong>est</strong></span> <span class='ocrx_word' id='word_1_646' title='bbox 2999 1054 3055 1103; x_wconf 91' lang='lat' dir='ltr'><strong>et</strong></span> <span class='ocrx_word' id='word_1_647' title='bbox 3078 1049 3173 1103; x_wconf 89' lang='lat' dir='ltr'><strong>via</strong></span> <span class='ocrx_word' id='word_1_648' title='bbox 3197 1065 3331 1120; x_wconf 67' lang='lat' dir='ltr'><strong>qua:</strong></span> <span class='ocrx_word' id='word_1_649' title='bbox 3352 1048 3515 1103; x_wconf 89' lang='lat' dir='ltr'><strong>ducit</strong></span> <span class='ocrx_word' id='word_1_650' title='bbox 3544 1046 3625 1103; x_wconf 79' lang='lat' dir='ltr'><strong>ad</strong></span> <span class='ocrx_word' id='word_1_651' title='bbox 3650 1055 3931 1103; x_wconf 88' lang='lat' dir='ltr'><strong>mortem.</strong></span> 
     </span>
    </p>
   </div>
   <div class='ocr_carea' id='block_1_92' title="bbox 2274 1119 3938 1191">
    <p class='ocr_par' dir='ltr' id='par_1_92' title="bbox 2274 1119 3938 1191">
     <span class='ocr_line' id='line_1_93' title="bbox 2274 1119 3938 1191; baseline 0.001 -17"><span class='ocrx_word' id='word_1_652' title='bbox 2274 1119 2573 1190; x_wconf 83' lang='lat' dir='ltr'><strong>Numquid</strong></span> <span class='ocrx_word' id='word_1_653' title='bbox 2600 1135 2717 1174; x_wconf 90' lang='lat' dir='ltr'><strong>non</strong></span> <span class='ocrx_word' id='word_1_654' title='bbox 2737 1119 2882 1190; x_wconf 82' lang='lat' dir='ltr'><strong>ergo</strong></span> <span class='ocrx_word' id='word_1_655' title='bbox 2905 1120 3203 1191; x_wconf 89' lang='lat' dir='ltr'><strong>requirere</strong></span> <span class='ocrx_word' id='word_1_656' title='bbox 3228 1119 3422 1183; x_wconf 89' lang='lat' dir='ltr'><strong>debet,</strong></span> <span class='ocrx_word' id='word_1_657' title='bbox 3447 1121 3493 1174; x_wconf 93' lang='lat' dir='ltr'><strong>si</strong></span> <span class='ocrx_word' id='word_1_658' title='bbox 3518 1120 3555 1174; x_wconf 90' lang='lat' dir='ltr'><strong>ii</strong></span> <span class='ocrx_word' id='word_1_659' title='bbox 3582 1136 3745 1191; x_wconf 91' lang='lat' dir='ltr'><strong>quos</strong></span> <span class='ocrx_word' id='word_1_660' title='bbox 3772 1122 3938 1175; x_wconf 83' lang='lat' dir='ltr'><strong>mini-</strong></span> 
     </span>
    </p>
   </div>
   <div class='ocr_carea' id='block_1_93' title="bbox 2273 1190 3936 1261">
    <p class='ocr_par' dir='ltr' id='par_1_93' title="bbox 2273 1190 3936 1261">
     <span class='ocr_line' id='line_1_94' title="bbox 2273 1190 3936 1261; baseline 0.001 -17"><span class='ocrx_word' id='word_1_661' title='bbox 2273 1194 2426 1245; x_wconf 82' lang='lat' dir='ltr'><strong>stros</strong></span> <span class='ocrx_word' id='word_1_662' title='bbox 2441 1190 2606 1259; x_wconf 87' lang='lat' dir='ltr'><strong>regni</strong></span> <span class='ocrx_word' id='word_1_663' title='bbox 2621 1191 2706 1244; x_wconf 90' lang='lat' dir='ltr'><strong>sui</strong></span> <span class='ocrx_word' id='word_1_664' title='bbox 2729 1193 2941 1261; x_wconf 88' lang='lat' dir='ltr'><strong>posuit.</strong></span> <span class='ocrx_word' id='word_1_665' title='bbox 2956 1190 3168 1260; x_wconf 88' lang='lat' dir='ltr'><strong>eojure</strong></span> <span class='ocrx_word' id='word_1_666' title='bbox 3190 1206 3311 1261; x_wconf 94' lang='lat' dir='ltr'><strong>quo</strong></span> <span class='ocrx_word' id='word_1_667' title='bbox 3325 1190 3626 1246; x_wconf 86' lang='lat' dir='ltr'><strong>constituit</strong></span> <span class='ocrx_word' id='word_1_668' title='bbox 3646 1192 3936 1261; x_wconf 85' lang='lat' dir='ltr'><strong>populum</strong></span> 
     </span>
    </p>
   </div>
   <div class='ocr_carea' id='block_1_94' title="bbox 2274 1261 3938 1342">
    <p class='ocr_par' dir='ltr' id='par_1_94' title="bbox 2274 1261 3938 1342">
     <span class='ocr_line' id='line_1_95' title="bbox 2274 1261 3938 1342; baseline 0.001 -27"><span class='ocrx_word' id='word_1_669' title='bbox 2274 1262 2839 1342; x_wconf 41' lang='lat' dir='ltr'><strong>ejusgubern‘arunt</strong></span> <span class='ocrx_word' id='word_1_670' title='bbox 2858 1280 2875 1342; x_wconf 49' lang='grc' dir='ltr'>ξ</span> <span class='ocrx_word' id='word_1_671' title='bbox 2895 1267 2995 1342; x_wconf 77' lang='lat' dir='ltr'><strong>aut</strong></span> <span class='ocrx_word' id='word_1_672' title='bbox 3018 1262 3348 1342; x_wconf 74' lang='lat' dir='ltr'><strong>sipopulus</strong></span> <span class='ocrx_word' id='word_1_673' title='bbox 3365 1261 3795 1342; x_wconf 72' lang='lat' dir='ltr'><strong>edictumejus</strong></span> <span class='ocrx_word' id='word_1_674' title='bbox 3818 1280 3938 1342; x_wconf 74' lang='lat' dir='ltr'><strong>sus-</strong></span> 
     </span>
    </p>
   </div>
   <div class='ocr_carea' id='block_1_95' title="bbox 2274 1332 3937 1402">
    <p class='ocr_par' dir='ltr' id='par_1_95' title="bbox 2274 1332 3937 1402">
     <span class='ocr_line' id='line_1_96' title="bbox 2274 1332 3937 1402; baseline -0.001 -14"><span class='ocrx_word' id='word_1_675' title='bbox 2274 1334 2449 1402; x_wconf 86' lang='lat' dir='ltr'><strong>cepit,</strong></span> <span class='ocrx_word' id='word_1_676' title='bbox 2466 1339 2570 1387; x_wconf 90' lang='lat' dir='ltr'><strong>aut</strong></span> <span class='ocrx_word' id='word_1_677' title='bbox 2591 1333 2925 1388; x_wconf 90' lang='lat' dir='ltr'><strong>administri</strong></span> <span class='ocrx_word' id='word_1_678' title='bbox 2954 1332 3157 1387; x_wconf 83' lang='lat' dir='ltr'><strong>ﬁdeles</strong></span> <span class='ocrx_word' id='word_1_679' title='bbox 3176 1332 3399 1388; x_wconf 87' lang='lat' dir='ltr'><strong>inventi</strong></span> <span class='ocrx_word' id='word_1_680' title='bbox 3420 1333 3597 1388; x_wconf 89' lang='lat' dir='ltr'><strong>laude</strong></span> <span class='ocrx_word' id='word_1_681' title='bbox 3615 1334 3789 1401; x_wconf 86' lang='lat' dir='ltr'><strong>digni</strong></span> <span class='ocrx_word' id='word_1_682' title='bbox 3806 1334 3937 1397; x_wconf 87' lang='lat' dir='ltr'><strong>sint,</strong></span> 
     </span>
    </p>
   </div>
   <div class='ocr_carea' id='block_1_96' title="bbox 2275 1403 3938 1475">
    <p class='ocr_par' dir='ltr' id='par_1_96' title="bbox 2275 1403 3938 1475">
     <span class='ocr_line' id='line_1_97' title="bbox 2275 1403 3938 1475; baseline -0.001 -16"><span class='ocrx_word' id='word_1_683' title='bbox 2275 1410 2378 1459; x_wconf 88' lang='lat' dir='ltr'><strong>aut</strong></span> <span class='ocrx_word' id='word_1_684' title='bbox 2407 1404 2675 1458; x_wconf 82' lang='lat' dir='ltr'><strong>inﬁdeles</strong></span> <span class='ocrx_word' id='word_1_685' title='bbox 2730 1406 2924 1474; x_wconf 65' lang='lat' dir='ltr'><strong>poenis</strong></span> <span class='ocrx_word' id='word_1_686' title='bbox 2953 1404 3177 1458; x_wconf 88' lang='lat' dir='ltr'><strong>subditi</strong></span> <span class='ocrx_word' id='word_1_687' title='bbox 3206 1403 3234 1458; x_wconf 69' lang='lat' dir='ltr'><strong>it</strong></span> <span class='ocrx_word' id='word_1_688' title='bbox 3265 1403 3539 1459; x_wconf 90' lang='lat' dir='ltr'><strong>Similiter</strong></span> <span class='ocrx_word' id='word_1_689' title='bbox 3568 1409 3628 1459; x_wconf 88' lang='lat' dir='ltr'><strong>et</strong></span> <span class='ocrx_word' id='word_1_690' title='bbox 3677 1406 3938 1475; x_wconf 87' lang='lat' dir='ltr'><strong>populus</strong></span> 
     </span>
    </p>
   </div>
   <div class='ocr_carea' id='block_1_97' title="bbox 2276 1475 3941 1545">
    <p class='ocr_par' dir='ltr' id='par_1_97' title="bbox 2276 1475 3941 1545">
     <span class='ocr_line' id='line_1_98' title="bbox 2276 1475 3941 1545; baseline 0.001 -17"><span class='ocrx_word' id='word_1_691' title='bbox 2276 1476 2403 1543; x_wconf 87' lang='lat' dir='ltr'><strong>lege</strong></span> <span class='ocrx_word' id='word_1_692' title='bbox 2418 1480 2652 1529; x_wconf 88' lang='lat' dir='ltr'><strong>servata</strong></span> <span class='ocrx_word' id='word_1_693' title='bbox 2669 1475 2967 1539; x_wconf 86' lang='lat' dir='ltr'><strong>laudatur,</strong></span> <span class='ocrx_word' id='word_1_694' title='bbox 2984 1480 3337 1530; x_wconf 89' lang='lat' dir='ltr'><strong>autcontem</strong></span> <span class='ocrx_word' id='word_1_695' title='bbox 3348 1481 3446 1545; x_wconf 89' lang='lat' dir='ltr'><strong>pta</strong></span> <span class='ocrx_word' id='word_1_696' title='bbox 3457 1475 3810 1530; x_wconf 87' lang='lat' dir='ltr'><strong>damnatur.</strong></span> <span class='ocrx_word' id='word_1_697' title='bbox 3829 1478 3941 1531; x_wconf 82' lang='lat' dir='ltr'><strong>Hoc</strong></span> 
     </span>
    </p>
   </div>
   <div class='ocr_carea' id='block_1_98' title="bbox 2272 1546 3944 1674">
    <p class='ocr_par' dir='ltr' id='par_1_98' title="bbox 2272 1546 3944 1674">
     <span class='ocr_line' id='line_1_99' title="bbox 2279 1546 3944 1617; baseline 0.001 -17"><span class='ocrx_word' id='word_1_698' title='bbox 2279 1546 2369 1600; x_wconf 85' lang='lat' dir='ltr'><strong>&#39;us</strong></span> <span class='ocrx_word' id='word_1_699' title='bbox 2397 1562 2592 1613; x_wconf 89' lang='lat' dir='ltr'><strong>suum,</strong></span> <span class='ocrx_word' id='word_1_700' title='bbox 2625 1546 2738 1601; x_wconf 90' lang='lat' dir='ltr'><strong>hoc</strong></span> <span class='ocrx_word' id='word_1_701' title='bbox 2767 1562 2953 1601; x_wconf 88' lang='lat' dir='ltr'><strong>causa</strong></span> <span class='ocrx_word' id='word_1_702' title='bbox 2974 1546 3261 1617; x_wconf 87' lang='lat' dir='ltr'><strong>exposcit.</strong></span> <span class='ocrx_word' id='word_1_703' title='bbox 3296 1547 3613 1611; x_wconf 87' lang='lat' dir='ltr'><strong>Quomodo</strong></span> <span class='ocrx_word' id='word_1_704' title='bbox 3644 1561 3796 1615; x_wconf 87' lang='lat' dir='ltr'><strong>ergo</strong></span> <span class='ocrx_word' id='word_1_705' title='bbox 3868 1549 3944 1602; x_wconf 87' lang='lat' dir='ltr'><strong>ui-</strong></span> 
     </span>
     <span class='ocr_line' id='line_1_100' title="bbox 2272 1563 3944 1674; baseline 0.001 -3"><span class='ocrx_word' id='word_1_706' title='bbox 2272 1563 2535 1672; x_wconf 63' lang='lat' dir='ltr'><strong>liusdam</strong></span> <span class='ocrx_word' id='word_1_707' title='bbox 2571 1617 2844 1674; x_wconf 88' lang='lat' dir='ltr'><strong>disnlicet</strong></span> <span class='ocrx_word' id='word_1_708' title='bbox 2875 1616 3139 1672; x_wconf 83' lang='lat' dir='ltr'><strong>futurum</strong></span> <span class='ocrx_word' id='word_1_709' title='bbox 3182 1618 3468 1674; x_wconf 89' lang='lat' dir='ltr'><strong>iudicium</strong></span> <span class='ocrx_word' id='word_1_710' title='bbox 3500 1618 3800 1674; x_wconf 82' lang='lat' dir='ltr'><strong>credere?</strong></span> <span class='ocrx_word' id='word_1_711' title='bbox 3821 1564 3944 1674; x_wconf 53' lang='lat' dir='ltr'><strong>ged</strong></span> 
     </span>
    </p>
   </div>
   <div class='ocr_carea' id='block_1_99' title="bbox 2325 1616 3945 1689">
    <p class='ocr_par' dir='ltr' id='par_1_99' title="bbox 2325 1616 3945 1689">
     <span class='ocr_line' id='line_1_101' title="bbox 2325 1616 3945 1689; baseline 0.001 -18"><span class='ocrx_word' id='word_1_712' title='bbox 2325 1617 2844 1689; x_wconf 12' lang='lat' dir='ltr'><strong>usdamidisplicet</strong></span> <span class='ocrx_word' id='word_1_713' title='bbox 2875 1616 3139 1689; x_wconf 83' lang='lat' dir='ltr'><strong>futurum</strong></span> <span class='ocrx_word' id='word_1_714' title='bbox 3176 1618 3468 1687; x_wconf 88' lang='lat' dir='ltr'><strong>judicium</strong></span> <span class='ocrx_word' id='word_1_715' title='bbox 3500 1618 3800 1689; x_wconf 79' lang='lat' dir='ltr'><strong>credere?</strong></span> <span class='ocrx_word' id='word_1_716' title='bbox 3833 1616 3945 1674; x_wconf 84' lang='lat' dir='ltr'><strong>Sed</strong></span> 
     </span>
    </p>
   </div>
   <div class='ocr_carea' id='block_1_100' title="bbox 2278 1687 3945 1754">
    <p class='ocr_par' dir='ltr' id='par_1_100' title="bbox 2278 1687 3945 1754">
     <span class='ocr_line' id='line_1_102' title="bbox 2278 1687 3945 1754; baseline 0.001 -11"><span class='ocrx_word' id='word_1_717' title='bbox 2278 1687 2391 1743; x_wconf 89' lang='lat' dir='ltr'><strong>hoc</strong></span> <span class='ocrx_word' id='word_1_718' title='bbox 2424 1687 2981 1744; x_wconf 85' lang='lat' dir='ltr'><strong>mathematicorum</strong></span> <span class='ocrx_word' id='word_1_719' title='bbox 3030 1688 3258 1743; x_wconf 87' lang='lat' dir='ltr'><strong>invenit</strong></span> <span class='ocrx_word' id='word_1_720' title='bbox 3295 1692 3577 1744; x_wconf 88' lang='lat' dir='ltr'><strong>amentia.</strong></span> <span class='ocrx_word' id='word_1_721' title='bbox 3622 1688 3945 1754; x_wconf 79' lang='lat' dir='ltr'><strong>Quomodo</strong></span> 
     </span>
    </p>
   </div>
   <div class='ocr_carea' id='block_1_101' title="bbox 2279 1759 3944 1831">
    <p class='ocr_par' dir='ltr' id='par_1_101' title="bbox 2279 1759 3944 1831">
     <span class='ocr_line' id='line_1_103' title="bbox 2279 1759 3944 1831; baseline 0.001 -17"><span class='ocrx_word' id='word_1_722' title='bbox 2279 1760 2437 1814; x_wconf 89' lang='lat' dir='ltr'><strong>enim</strong></span> <span class='ocrx_word' id='word_1_723' title='bbox 2469 1766 2719 1829; x_wconf 91' lang='lat' dir='ltr'><strong>possunt</strong></span> <span class='ocrx_word' id='word_1_724' title='bbox 2746 1759 3011 1814; x_wconf 86' lang='lat' dir='ltr'><strong>futurum</strong></span> <span class='ocrx_word' id='word_1_725' title='bbox 3034 1760 3768 1831; x_wconf 42' lang='lat' dir='ltr'><strong>acciperejudiciumequi</strong></span> <span class='ocrx_word' id='word_1_726' title='bbox 3800 1776 3944 1831; x_wconf 68' lang='lat' dir='ltr'><strong>pra:-</strong></span> 
     </span>
    </p>
   </div>
   <div class='ocr_carea' id='block_1_102' title="bbox 2282 1831 3947 1912">
    <p class='ocr_par' dir='ltr' id='par_1_102' title="bbox 2282 1831 3947 1912">
     <span class='ocr_line' id='line_1_104' title="bbox 2282 1831 3947 1912; baseline 0 -27"><span class='ocrx_word' id='word_1_727' title='bbox 2282 1832 2431 1912; x_wconf 85' lang='lat' dir='ltr'><strong>senti</strong></span> <span class='ocrx_word' id='word_1_728' title='bbox 2454 1838 2829 1912; x_wconf 47' lang='lat' dir='ltr'><strong>repugqa-ut;</strong></span> <span class='ocrx_word' id='word_1_729' title='bbox 2858 1831 3000 1912; x_wconf 85' lang='lat' dir='ltr'><strong>quia</strong></span> <span class='ocrx_word' id='word_1_730' title='bbox 3021 1831 3315 1912; x_wconf 79' lang='lat' dir='ltr'><strong>judicium</strong></span> <span class='ocrx_word' id='word_1_731' title='bbox 3364 1832 3769 1912; x_wconf 13' lang='lat' dir='ltr'><strong>in‘nuativitate</strong></span> <span class='ocrx_word' id='word_1_732' title='bbox 3801 1848 3947 1912; x_wconf 41' lang='lat' dir='ltr'><strong>.esse</strong></span> 
     </span>
    </p>
   </div>
   <div class='ocr_carea' id='block_1_103' title="bbox 2282 1902 3944 1973">
    <p class='ocr_par' dir='ltr' id='par_1_103' title="bbox 2282 1902 3944 1973">
     <span class='ocr_line' id='line_1_105' title="bbox 2282 1902 3944 1973; baseline -0.001 -16"><span class='ocrx_word' id='word_1_733' title='bbox 2282 1905 2693 1959; x_wconf 78' lang='lat' dir='ltr'><strong>contendunt?</strong></span> <span class='ocrx_word' id='word_1_734' title='bbox 2716 1902 2931 1973; x_wconf 87' lang='lat' dir='ltr'><strong>thuia</strong></span> <span class='ocrx_word' id='word_1_735' title='bbox 2944 1902 3240 1958; x_wconf 86' lang='lat' dir='ltr'><strong>nativitati</strong></span> <span class='ocrx_word' id='word_1_736' title='bbox 3254 1904 3581 1973; x_wconf 90' lang='lat' dir='ltr'><strong>imputatur</strong></span> <span class='ocrx_word' id='word_1_737' title='bbox 3595 1902 3944 1973; x_wconf 60' lang='lat' dir='ltr'><strong>praemium,</strong></span> 
     </span>
    </p>
   </div>
   <div class='ocr_carea' id='block_1_104' title="bbox 2283 1973 3944 2044">
    <p class='ocr_par' dir='ltr' id='par_1_104' title="bbox 2283 1973 3944 2044">
     <span class='ocr_line' id='line_1_106' title="bbox 2283 1973 3944 2044; baseline 0 -15"><span class='ocrx_word' id='word_1_738' title='bbox 2283 1974 2589 2043; x_wconf 91' lang='lat' dir='ltr'><strong>desipiunt</strong></span> <span class='ocrx_word' id='word_1_739' title='bbox 2611 1974 2721 2043; x_wconf 91' lang='lat' dir='ltr'><strong>ipsi</strong></span> <span class='ocrx_word' id='word_1_740' title='bbox 2742 1975 2835 2028; x_wconf 94' lang='lat' dir='ltr'><strong>cui</strong></span> <span class='ocrx_word' id='word_1_741' title='bbox 2858 1989 2997 2028; x_wconf 92' lang='lat' dir='ltr'><strong>cum</strong></span> <span class='ocrx_word' id='word_1_742' title='bbox 3022 1973 3531 2044; x_wconf 90' lang='lat' dir='ltr'><strong>quodamjudicio</strong></span> <span class='ocrx_word' id='word_1_743' title='bbox 3552 1974 3814 2029; x_wconf 88' lang='lat' dir='ltr'><strong>naturali</strong></span> <span class='ocrx_word' id='word_1_744' title='bbox 3840 1974 3944 2029; x_wconf 81' lang='lat' dir='ltr'><strong>bo~</strong></span> 
     </span>
    </p>
   </div>
   <div class='ocr_carea' id='block_1_105' title="bbox 2284 2044 3946 2116">
    <p class='ocr_par' dir='ltr' id='par_1_105' title="bbox 2284 2044 3946 2116">
     <span class='ocr_line' id='line_1_107' title="bbox 2284 2044 3946 2116; baseline 0.001 -17"><span class='ocrx_word' id='word_1_745' title='bbox 2284 2060 2395 2099; x_wconf 92' lang='lat' dir='ltr'><strong>nos</strong></span> <span class='ocrx_word' id='word_1_746' title='bbox 2421 2050 2476 2099; x_wconf 91' lang='lat' dir='ltr'><strong>et</strong></span> <span class='ocrx_word' id='word_1_747' title='bbox 2509 2044 2699 2099; x_wconf 91' lang='lat' dir='ltr'><strong>malos</strong></span> <span class='ocrx_word' id='word_1_748' title='bbox 2725 2060 2846 2099; x_wconf 89' lang='lat' dir='ltr'><strong>non</strong></span> <span class='ocrx_word' id='word_1_749' title='bbox 2874 2044 3021 2109; x_wconf 85' lang='lat' dir='ltr'><strong>ﬁeri,</strong></span> <span class='ocrx_word' id='word_1_750' title='bbox 3041 2045 3147 2099; x_wconf 91' lang='lat' dir='ltr'><strong>sed</strong></span> <span class='ocrx_word' id='word_1_751' title='bbox 3170 2051 3441 2100; x_wconf 88' lang='lat' dir='ltr'><strong>asserunt</strong></span> <span class='ocrx_word' id='word_1_752' title='bbox 3469 2046 3660 2109; x_wconf 88' lang='lat' dir='ltr'><strong>nasci,</strong></span> <span class='ocrx_word' id='word_1_753' title='bbox 3691 2061 3946 2116; x_wconf 83' lang='lat' dir='ltr'><strong>peccan-</strong></span> 
     </span>
    </p>
   </div>
   <div class='ocr_carea' id='block_1_106' title="bbox 2287 2115 3947 2188">
    <p class='ocr_par' dir='ltr' id='par_1_106' title="bbox 2287 2115 3947 2188">
     <span class='ocr_line' id='line_1_108' title="bbox 2287 2115 3947 2188; baseline 0.001 -17"><span class='ocrx_word' id='word_1_754' title='bbox 2287 2115 2825 2188; x_wconf 75' lang='lat' dir='ltr'><strong>tibusretribuunt,</strong></span> <span class='ocrx_word' id='word_1_755' title='bbox 2861 2131 2969 2188; x_wconf 84' lang='lat' dir='ltr'><strong>nec</strong></span> <span class='ocrx_word' id='word_1_756' title='bbox 3012 2117 3319 2188; x_wconf 87' lang='lat' dir='ltr'><strong>patiuntur</strong></span> <span class='ocrx_word' id='word_1_757' title='bbox 3344 2116 3533 2188; x_wconf 89' lang='lat' dir='ltr'><strong>inulta</strong></span> <span class='ocrx_word' id='word_1_758' title='bbox 3561 2115 3706 2171; x_wconf 87' lang='lat' dir='ltr'><strong>esse</strong></span> <span class='ocrx_word' id='word_1_759' title='bbox 3733 2133 3947 2188; x_wconf 86' lang='lat' dir='ltr'><strong>pecca-</strong></span> 
     </span>
    </p>
   </div>
   <div class='ocr_carea' id='block_1_107' title="bbox 2285 2186 3945 2259">
    <p class='ocr_par' dir='ltr' id='par_1_107' title="bbox 2285 2186 3945 2259">
     <span class='ocr_line' id='line_1_109' title="bbox 2285 2186 3945 2259; baseline 0 -19"><span class='ocrx_word' id='word_1_760' title='bbox 2285 2191 2347 2242; x_wconf 90' lang='lat' dir='ltr'><strong>ta</strong></span> <span class='ocrx_word' id='word_1_761' title='bbox 2374 2189 2410 2241; x_wconf 89' lang='grc'><strong>¹.</strong></span> <span class='ocrx_word' id='word_1_762' title='bbox 2453 2186 2642 2259; x_wconf 72' lang='lat' dir='ltr'><strong>Virgis</strong></span> <span class='ocrx_word' id='word_1_763' title='bbox 2660 2188 2818 2242; x_wconf 91' lang='lat' dir='ltr'><strong>enim</strong></span> <span class='ocrx_word' id='word_1_764' title='bbox 2844 2186 3033 2259; x_wconf 89' lang='lat' dir='ltr'><strong>malos</strong></span> <span class='ocrx_word' id='word_1_765' title='bbox 3052 2194 3112 2259; x_wconf 83' lang='lat' dir='ltr'><strong>et</strong></span> <span class='ocrx_word' id='word_1_766' title='bbox 3129 2187 3379 2242; x_wconf 90' lang='lat' dir='ltr'><strong>vinculis</strong></span> <span class='ocrx_word' id='word_1_767' title='bbox 3408 2187 3567 2242; x_wconf 89' lang='lat' dir='ltr'><strong>intus</strong></span> <span class='ocrx_word' id='word_1_768' title='bbox 3589 2186 3945 2259; x_wconf 87' lang='lat' dir='ltr'><strong>corripiunt,</strong></span> 
     </span>
    </p>
   </div>
   <div class='ocr_carea' id='block_1_108' title="bbox 2285 2257 3946 2330">
    <p class='ocr_par' dir='ltr' id='par_1_108' title="bbox 2285 2257 3946 2330">
     <span class='ocr_line' id='line_1_110' title="bbox 2285 2257 3946 2330; baseline 0 -18"><span class='ocrx_word' id='word_1_769' title='bbox 2285 2273 2439 2330; x_wconf 86' lang='lat' dir='ltr'><strong>quos</strong></span> <span class='ocrx_word' id='word_1_770' title='bbox 2471 2258 2613 2313; x_wconf 83' lang='lat' dir='ltr'><strong>toris</strong></span> <span class='ocrx_word' id='word_1_771' title='bbox 2662 2257 3134 2330; x_wconf 88' lang='lat' dir='ltr'><strong>inemendabiles</strong></span> <span class='ocrx_word' id='word_1_772' title='bbox 3165 2264 3438 2314; x_wconf 87' lang='lat' dir='ltr'><strong>asserunt</strong></span> <span class='ocrx_word' id='word_1_773' title='bbox 3463 2265 3657 2314; x_wconf 91' lang='lat' dir='ltr'><strong>natos.</strong></span> <span class='ocrx_word' id='word_1_774' title='bbox 3695 2257 3784 2313; x_wconf 81' lang='lat' dir='ltr'><strong>An</strong></span> <span class='ocrx_word' id='word_1_775' title='bbox 3817 2261 3946 2330; x_wconf 90' lang='lat' dir='ltr'><strong>quis</strong></span> 
     </span>
    </p>
   </div>
   <div class='ocr_carea' id='block_1_109' title="bbox 2288 2329 3947 2401">
    <p class='ocr_par' dir='ltr' id='par_1_109' title="bbox 2288 2329 3947 2401">
     <span class='ocr_line' id='line_1_111' title="bbox 2288 2329 3947 2401; baseline 0.001 -18"><span class='ocrx_word' id='word_1_776' title='bbox 2288 2329 2651 2401; x_wconf 86' lang='lat' dir='ltr'><strong>prudentum</strong></span> <span class='ocrx_word' id='word_1_777' title='bbox 2681 2329 2922 2399; x_wconf 88' lang='lat' dir='ltr'><strong>corripit</strong></span> <span class='ocrx_word' id='word_1_778' title='bbox 2946 2346 3093 2401; x_wconf 89' lang='lat' dir='ltr'><strong>quos</strong></span> <span class='ocrx_word' id='word_1_779' title='bbox 3124 2331 3231 2385; x_wconf 89' lang='lat' dir='ltr'><strong>scit</strong></span> <span class='ocrx_word' id='word_1_780' title='bbox 3257 2330 3568 2385; x_wconf 88' lang='lat' dir='ltr'><strong>emendari</strong></span> <span class='ocrx_word' id='word_1_781' title='bbox 3591 2346 3715 2384; x_wconf 89' lang='lat' dir='ltr'><strong>non</strong></span> <span class='ocrx_word' id='word_1_782' title='bbox 3735 2329 3947 2401; x_wconf 78' lang='lat' dir='ltr'><strong>posse?</strong></span> 
     </span>
    </p>
   </div>
   <div class='ocr_carea' id='block_1_110' title="bbox 2286 2400 3947 2472">
    <p class='ocr_par' dir='ltr' id='par_1_110' title="bbox 2286 2400 3947 2472">
     <span class='ocr_line' id='line_1_112' title="bbox 2286 2400 3947 2472; baseline 0.002 -19"><span class='ocrx_word' id='word_1_783' title='bbox 2286 2400 2445 2472; x_wconf 85' lang='lat' dir='ltr'><strong>quod</strong></span> <span class='ocrx_word' id='word_1_784' title='bbox 2478 2400 2719 2472; x_wconf 87' lang='lat' dir='ltr'><strong>quidem</strong></span> <span class='ocrx_word' id='word_1_785' title='bbox 2743 2400 3205 2465; x_wconf 87' lang='lat' dir='ltr'><strong>autstultiesset,</strong></span> <span class='ocrx_word' id='word_1_786' title='bbox 3231 2408 3334 2472; x_wconf 81' lang='lat' dir='ltr'><strong>aut</strong></span> <span class='ocrx_word' id='word_1_787' title='bbox 3362 2401 3571 2472; x_wconf 91' lang='lat' dir='ltr'><strong>iniqui.</strong></span> <span class='ocrx_word' id='word_1_788' title='bbox 3598 2401 3716 2456; x_wconf 88' lang='lat' dir='ltr'><strong>Sed</strong></span> <span class='ocrx_word' id='word_1_789' title='bbox 3742 2400 3818 2456; x_wconf 85' lang='lat' dir='ltr'><strong>ne</strong></span> <span class='ocrx_word' id='word_1_790' title='bbox 3838 2402 3947 2456; x_wconf 88' lang='lat' dir='ltr'><strong>hoc</strong></span> 
     </span>
    </p>
   </div>
   <div class='ocr_carea' id='block_1_111' title="bbox 2286 2471 3983 2543">
    <p class='ocr_par' dir='ltr' id='par_1_111' title="bbox 2286 2471 3983 2543">
     <span class='ocr_line' id='line_1_113' title="bbox 2286 2471 3983 2543; baseline 0 -16"><span class='ocrx_word' id='word_1_791' title='bbox 2286 2471 2485 2542; x_wconf 83' lang='lat' dir='ltr'><strong>ipsum</strong></span> <span class='ocrx_word' id='word_1_792' title='bbox 2518 2471 2639 2526; x_wconf 87' lang='lat' dir='ltr'><strong>fato</strong></span> <span class='ocrx_word' id='word_1_793' title='bbox 2668 2472 2870 2526; x_wconf 88' lang='lat' dir='ltr'><strong>dicant</strong></span> <span class='ocrx_word' id='word_1_794' title='bbox 2899 2472 3062 2538; x_wconf 88' lang='lat' dir='ltr'><strong>ﬁeri;</strong></span> <span class='ocrx_word' id='word_1_795' title='bbox 3096 2473 3202 2543; x_wconf 91' lang='lat' dir='ltr'><strong>qui</strong></span> <span class='ocrx_word' id='word_1_796' title='bbox 3227 2471 3341 2527; x_wconf 91' lang='lat' dir='ltr'><strong>sub</strong></span> <span class='ocrx_word' id='word_1_797' title='bbox 3366 2472 3486 2527; x_wconf 81' lang='lat' dir='ltr'><strong>fato</strong></span> <span class='ocrx_word' id='word_1_798' title='bbox 3517 2478 3629 2537; x_wconf 89' lang='lat' dir='ltr'><strong>est,</strong></span> <span class='ocrx_word' id='word_1_799' title='bbox 3662 2488 3789 2527; x_wconf 89' lang='lat' dir='ltr'><strong>non</strong></span> <span class='ocrx_word' id='word_1_800' title='bbox 3813 2474 3983 2527; x_wconf 80' lang='lat' dir='ltr'><strong>tacit‘</strong></span> 
     </span>
    </p>
   </div>
   <div class='ocr_carea' id='block_1_112' title="bbox 2286 2543 3949 2614">
    <p class='ocr_par' dir='ltr' id='par_1_112' title="bbox 2286 2543 3949 2614">
     <span class='ocr_line' id='line_1_114' title="bbox 2286 2543 3949 2614; baseline 0.001 -18"><span class='ocrx_word' id='word_1_801' title='bbox 2286 2543 2453 2614; x_wconf 90' lang='lat' dir='ltr'><strong>quod</strong></span> <span class='ocrx_word' id='word_1_802' title='bbox 2484 2544 2626 2605; x_wconf 89' lang='lat' dir='ltr'><strong>vult,</strong></span> <span class='ocrx_word' id='word_1_803' title='bbox 2663 2548 2724 2597; x_wconf 88' lang='lat' dir='ltr'><strong>ut</strong></span> <span class='ocrx_word' id='word_1_804' title='bbox 2743 2547 2802 2597; x_wconf 90' lang='lat' dir='ltr'><strong>et</strong></span> <span class='ocrx_word' id='word_1_805' title='bbox 2831 2544 2945 2612; x_wconf 87' lang='lat' dir='ltr'><strong>ipsi</strong></span> <span class='ocrx_word' id='word_1_806' title='bbox 2974 2543 3244 2598; x_wconf 87' lang='lat' dir='ltr'><strong>naturale</strong></span> <span class='ocrx_word' id='word_1_807' title='bbox 3272 2543 3532 2598; x_wconf 85' lang='lat' dir='ltr'><strong>habeant</strong></span> <span class='ocrx_word' id='word_1_808' title='bbox 3562 2550 3625 2598; x_wconf 91' lang='lat' dir='ltr'><strong>ut</strong></span> <span class='ocrx_word' id='word_1_809' title='bbox 3650 2545 3949 2599; x_wconf 84' lang='lat' dir='ltr'><strong>vindicent</strong></span> 
     </span>
    </p>
   </div>
   <div class='ocr_carea' id='block_1_113' title="bbox 2289 2615 3945 2684">
    <p class='ocr_par' dir='ltr' id='par_1_113' title="bbox 2289 2615 3945 2684">
     <span class='ocr_line' id='line_1_115' title="bbox 2289 2615 3945 2684; baseline 0.001 -17"><span class='ocrx_word' id='word_1_810' title='bbox 2289 2615 2345 2668; x_wconf 90' lang='lat' dir='ltr'><strong>in</strong></span> <span class='ocrx_word' id='word_1_811' title='bbox 2378 2630 2481 2669; x_wconf 90' lang='lat' dir='ltr'><strong>eos</strong></span> <span class='ocrx_word' id='word_1_812' title='bbox 2507 2629 2660 2684; x_wconf 93' lang='lat' dir='ltr'><strong>quos</strong></span> <span class='ocrx_word' id='word_1_813' title='bbox 2692 2616 2887 2668; x_wconf 90' lang='lat' dir='ltr'><strong>sciunt</strong></span> <span class='ocrx_word' id='word_1_814' title='bbox 2912 2615 3390 2670; x_wconf 90' lang='lat' dir='ltr'><strong>inconvertibiles</strong></span> <span class='ocrx_word' id='word_1_815' title='bbox 3421 2630 3669 2669; x_wconf 87' lang='lat' dir='ltr'><strong>manere</strong></span> <span class='ocrx_word' id='word_1_816' title='bbox 3700 2623 3945 2672; x_wconf 76' lang='lat' dir='ltr'><strong>natura-</strong></span> 
     </span>
    </p>
   </div>
   <div class='ocr_carea' id='block_1_114' title="bbox 2288 2685 3949 2757">
    <p class='ocr_par' dir='ltr' id='par_1_114' title="bbox 2288 2685 3949 2757">
     <span class='ocr_line' id='line_1_116' title="bbox 2288 2685 3949 2757; baseline 0.001 -19"><span class='ocrx_word' id='word_1_817' title='bbox 2288 2685 2415 2757; x_wconf 88' lang='lat' dir='ltr'><strong>liter</strong></span> <span class='ocrx_word' id='word_1_818' title='bbox 2451 2701 2463 2749; x_wconf 93' lang='lat'><strong>;</strong></span> <span class='ocrx_word' id='word_1_819' title='bbox 2497 2691 2554 2739; x_wconf 88' lang='lat' dir='ltr'><strong>et</strong></span> <span class='ocrx_word' id='word_1_820' title='bbox 2584 2700 2714 2757; x_wconf 85' lang='lat' dir='ltr'><strong>vere</strong></span> <span class='ocrx_word' id='word_1_821' title='bbox 2741 2686 2885 2755; x_wconf 91' lang='lat' dir='ltr'><strong>quia</strong></span> <span class='ocrx_word' id='word_1_822' title='bbox 2915 2686 2997 2757; x_wconf 91' lang='lat' dir='ltr'><strong>sic</strong></span> <span class='ocrx_word' id='word_1_823' title='bbox 3040 2685 3365 2740; x_wconf 90' lang='lat' dir='ltr'><strong>dicendum</strong></span> <span class='ocrx_word' id='word_1_824' title='bbox 3398 2692 3506 2754; x_wconf 85' lang='lat' dir='ltr'><strong>est,</strong></span> <span class='ocrx_word' id='word_1_825' title='bbox 3556 2693 3617 2740; x_wconf 88' lang='lat' dir='ltr'><strong>ut</strong></span> <span class='ocrx_word' id='word_1_826' title='bbox 3650 2686 3949 2757; x_wconf 84' lang='lat' dir='ltr'><strong>quidquid</strong></span> 
     </span>
    </p>
   </div>
   <div class='ocr_carea' id='block_1_115' title="bbox 2288 2756 3947 2826">
    <p class='ocr_par' dir='ltr' id='par_1_115' title="bbox 2288 2756 3947 2826">
     <span class='ocr_line' id='line_1_117' title="bbox 2288 2756 3947 2826; baseline 0 -16"><span class='ocrx_word' id='word_1_827' title='bbox 2288 2756 2393 2810; x_wconf 87' lang='lat' dir='ltr'><strong>fati</strong></span> <span class='ocrx_word' id='word_1_828' title='bbox 2425 2772 2553 2810; x_wconf 91' lang='lat' dir='ltr'><strong>esse</strong></span> <span class='ocrx_word' id='word_1_829' title='bbox 2601 2756 2836 2819; x_wconf 89' lang='lat' dir='ltr'><strong>dicitur,</strong></span> <span class='ocrx_word' id='word_1_830' title='bbox 2892 2756 3147 2812; x_wconf 80' lang='lat' dir='ltr'><strong>stultitiae</strong></span> <span class='ocrx_word' id='word_1_831' title='bbox 3189 2757 3525 2826; x_wconf 88' lang='lat' dir='ltr'><strong>deputetur.</strong></span> <span class='ocrx_word' id='word_1_832' title='bbox 3560 2757 3758 2821; x_wconf 89' lang='lat' dir='ltr'><strong>Quam</strong></span> <span class='ocrx_word' id='word_1_833' title='bbox 3790 2756 3947 2811; x_wconf 83' lang='lat' dir='ltr'><strong>enim</strong></span> 
     </span>
    </p>
   </div>
   <div class='ocr_carea' id='block_1_116' title="bbox 2290 2827 3946 2899">
    <p class='ocr_par' dir='ltr' id='par_1_116' title="bbox 2290 2827 3946 2899">
     <span class='ocr_line' id='line_1_118' title="bbox 2290 2827 3946 2899; baseline 0.001 -18"><span class='ocrx_word' id='word_1_834' title='bbox 2290 2827 2533 2899; x_wconf 89' lang='lat' dir='ltr'><strong>stultum</strong></span> <span class='ocrx_word' id='word_1_835' title='bbox 2564 2834 2648 2882; x_wconf 91' lang='lat' dir='ltr'><strong>est</strong></span> <span class='ocrx_word' id='word_1_836' title='bbox 2681 2832 2745 2882; x_wconf 93' lang='lat' dir='ltr'><strong>ut</strong></span> <span class='ocrx_word' id='word_1_837' title='bbox 2769 2844 2907 2886; x_wconf 91' lang='lat' dir='ltr'><strong>cum</strong></span> <span class='ocrx_word' id='word_1_838' title='bbox 2930 2827 3136 2882; x_wconf 88' lang='lat' dir='ltr'><strong>dicant</strong></span> <span class='ocrx_word' id='word_1_839' title='bbox 3160 2827 3418 2899; x_wconf 90' lang='lat' dir='ltr'><strong>aliquem</strong></span> <span class='ocrx_word' id='word_1_840' title='bbox 3454 2829 3687 2883; x_wconf 86' lang='lat' dir='ltr'><strong>malum</strong></span> <span class='ocrx_word' id='word_1_841' title='bbox 3715 2833 3946 2892; x_wconf 89' lang='lat' dir='ltr'><strong>natum,</strong></span> 
     </span>
    </p>
   </div>
   <div class='ocr_carea' id='block_1_117' title="bbox 2290 2898 3945 2970">
    <p class='ocr_par' dir='ltr' id='par_1_117' title="bbox 2290 2898 3945 2970">
     <span class='ocr_line' id='line_1_119' title="bbox 2290 2898 3945 2970; baseline 0 -17"><span class='ocrx_word' id='word_1_842' title='bbox 2290 2914 2398 2953; x_wconf 89' lang='lat' dir='ltr'><strong>nec</strong></span> <span class='ocrx_word' id='word_1_843' title='bbox 2429 2898 2593 2951; x_wconf 91' lang='lat' dir='ltr'><strong>illum</strong></span> <span class='ocrx_word' id='word_1_844' title='bbox 2624 2899 2852 2953; x_wconf 90' lang='lat' dir='ltr'><strong>bonum</strong></span> <span class='ocrx_word' id='word_1_845' title='bbox 2885 2898 3137 2969; x_wconf 90' lang='lat' dir='ltr'><strong>probent</strong></span> <span class='ocrx_word' id='word_1_846' title='bbox 3182 2898 3363 2970; x_wconf 86' lang='lat' dir='ltr'><strong>quem</strong></span> <span class='ocrx_word' id='word_1_847' title='bbox 3412 2907 3691 2954; x_wconf 89' lang='lat' dir='ltr'><strong>asserunt</strong></span> <span class='ocrx_word' id='word_1_848' title='bbox 3716 2899 3945 2955; x_wconf 92' lang='lat' dir='ltr'><strong>bonum</strong></span> 
     </span>
    </p>
   </div>
   <div class='ocr_carea' id='block_1_118' title="bbox 2291 2970 3949 3040">
    <p class='ocr_par' dir='ltr' id='par_1_118' title="bbox 2291 2970 3949 3040">
     <span class='ocr_line' id='line_1_120' title="bbox 2291 2970 3949 3040; baseline -0.001 -16"><span class='ocrx_word' id='word_1_849' title='bbox 2291 2975 2497 3024; x_wconf 89' lang='lat' dir='ltr'><strong>natum</strong></span> <span class='ocrx_word' id='word_1_850' title='bbox 2523 2970 2551 3025; x_wconf 78' lang='lat' dir='ltr'><strong>‘l&#39;</strong></span> <span class='ocrx_word' id='word_1_851' title='bbox 2571 2970 2886 3033; x_wconf 89' lang='lat' dir='ltr'><strong>Quomodo</strong></span> <span class='ocrx_word' id='word_1_852' title='bbox 2916 2971 3074 3025; x_wconf 90' lang='lat' dir='ltr'><strong>enim</strong></span> <span class='ocrx_word' id='word_1_853' title='bbox 3102 2976 3293 3040; x_wconf 88' lang='lat' dir='ltr'><strong>potest</strong></span> <span class='ocrx_word' id='word_1_854' title='bbox 3320 2970 3520 3025; x_wconf 90' lang='lat' dir='ltr'><strong>bonus</strong></span> <span class='ocrx_word' id='word_1_855' title='bbox 3539 2970 3825 3038; x_wconf 87' lang='lat' dir='ltr'><strong>judicari,</strong></span> <span class='ocrx_word' id='word_1_856' title='bbox 3850 2972 3949 3040; x_wconf 89' lang='lat' dir='ltr'><strong>qui</strong></span> 
     </span>
    </p>
   </div>
   <div class='ocr_carea' id='block_1_119' title="bbox 2290 3040 3946 3112">
    <p class='ocr_par' dir='ltr' id='par_1_119' title="bbox 2290 3040 3946 3112">
     <span class='ocr_line' id='line_1_121' title="bbox 2290 3040 3946 3112; baseline 0 -17"><span class='ocrx_word' id='word_1_857' title='bbox 2290 3056 2415 3095; x_wconf 89' lang='lat' dir='ltr'><strong>rem</strong></span> <span class='ocrx_word' id='word_1_858' title='bbox 2435 3042 2702 3112; x_wconf 89' lang='lat' dir='ltr'><strong>iniquam</strong></span> <span class='ocrx_word' id='word_1_859' title='bbox 2725 3040 2917 3096; x_wconf 81' lang='lat' dir='ltr'><strong>facere</strong></span> <span class='ocrx_word' id='word_1_860' title='bbox 2934 3041 3397 3111; x_wconf 86' lang='lat' dir='ltr'><strong>deprehenditur</strong></span> <span class='ocrx_word' id='word_1_861' title='bbox 3415 3042 3441 3094; x_wconf 88' lang='lat'><strong>‘?</strong></span> <span class='ocrx_word' id='word_1_862' title='bbox 3464 3041 3616 3105; x_wconf 91' lang='lat' dir='ltr'><strong>Quid</strong></span> <span class='ocrx_word' id='word_1_863' title='bbox 3640 3042 3804 3096; x_wconf 91' lang='lat' dir='ltr'><strong>enim</strong></span> <span class='ocrx_word' id='word_1_864' title='bbox 3830 3049 3946 3097; x_wconf 88' lang='lat' dir='ltr'><strong>tam</strong></span> 
     </span>
    </p>
   </div>
   <div class='ocr_carea' id='block_1_120' title="bbox 2289 3112 3947 3184">
    <p class='ocr_par' dir='ltr' id='par_1_120' title="bbox 2289 3112 3947 3184">
     <span class='ocr_line' id='line_1_122' title="bbox 2289 3112 3947 3184; baseline 0.001 -19"><span class='ocrx_word' id='word_1_865' title='bbox 2289 3112 2586 3184; x_wconf 87' lang='lat' dir='ltr'><strong>iniquum,</strong></span> <span class='ocrx_word' id='word_1_866' title='bbox 2617 3128 2804 3184; x_wconf 86' lang='lat' dir='ltr'><strong>quam</strong></span> <span class='ocrx_word' id='word_1_867' title='bbox 2839 3118 2899 3167; x_wconf 93' lang='lat' dir='ltr'><strong>ut</strong></span> <span class='ocrx_word' id='word_1_868' title='bbox 2930 3113 3171 3183; x_wconf 92' lang='lat' dir='ltr'><strong>iniquus</strong></span> <span class='ocrx_word' id='word_1_869' title='bbox 3210 3113 3504 3175; x_wconf 86' lang='lat' dir='ltr'><strong>credatur,</strong></span> <span class='ocrx_word' id='word_1_870' title='bbox 3559 3114 3664 3184; x_wconf 89' lang='lat' dir='ltr'>qui</span> <span class='ocrx_word' id='word_1_871' title='bbox 3699 3120 3947 3182; x_wconf 84' lang='lat' dir='ltr'><strong>negatur</strong></span> 
     </span>
    </p>
   </div>
   <div class='ocr_carea' id='block_1_121' title="bbox 2292 3182 3945 3255">
    <p class='ocr_par' dir='ltr' id='par_1_121' title="bbox 2292 3182 3945 3255">
     <span class='ocr_line' id='line_1_123' title="bbox 2292 3182 3945 3255; baseline 0.002 -20"><span class='ocrx_word' id='word_1_872' title='bbox 2292 3182 2450 3255; x_wconf 83' lang='lat' dir='ltr'><strong>aliud</strong></span> <span class='ocrx_word' id='word_1_873' title='bbox 2484 3185 2748 3252; x_wconf 87' lang='lat' dir='ltr'><strong>potuisse</strong></span> <span class='ocrx_word' id='word_1_874' title='bbox 2776 3183 2967 3255; x_wconf 88' lang='lat' dir='ltr'><strong>facere</strong></span> <span class='ocrx_word' id='word_1_875' title='bbox 2998 3182 3182 3255; x_wconf 78' lang='lat' dir='ltr'><strong>quam</strong></span> <span class='ocrx_word' id='word_1_876' title='bbox 3216 3184 3347 3238; x_wconf 79' lang='lat' dir='ltr'><strong>fecit</strong></span> <span class='ocrx_word' id='word_1_877' title='bbox 3367 3184 3396 3235; x_wconf 76' lang='lat' dir='ltr'><strong>‘I</strong></span> <span class='ocrx_word' id='word_1_878' title='bbox 3423 3186 3487 3238; x_wconf 89' lang='lat' dir='ltr'><strong>Et</strong></span> <span class='ocrx_word' id='word_1_879' title='bbox 3517 3182 3813 3239; x_wconf 43' lang='lat' dir='ltr'><strong>si&#39;omnia</strong></span> <span class='ocrx_word' id='word_1_880' title='bbox 3840 3183 3945 3238; x_wconf 88' lang='lat' dir='ltr'><strong>sub</strong></span> 
     </span>
    </p>
   </div>
   <div class='ocr_carea' id='block_1_122' title="bbox 2289 3253 3939 3326">
    <p class='ocr_par' dir='ltr' id='par_1_122' title="bbox 2289 3253 3939 3326">
     <span class='ocr_line' id='line_1_124' title="bbox 2289 3253 3939 3326; baseline 0.001 -19"><span class='ocrx_word' id='word_1_881' title='bbox 2289 3253 2408 3308; x_wconf 86' lang='lat' dir='ltr'><strong>fato</strong></span> <span class='ocrx_word' id='word_1_882' title='bbox 2436 3260 2593 3317; x_wconf 90' lang='lat' dir='ltr'><strong>sunt,</strong></span> <span class='ocrx_word' id='word_1_883' title='bbox 2623 3254 2933 3326; x_wconf 82' lang='lat' dir='ltr'><strong>quomodo</strong></span> <span class='ocrx_word' id='word_1_884' title='bbox 2965 3253 3055 3309; x_wconf 78' lang='lat' dir='ltr'><strong>lex</strong></span> <span class='ocrx_word' id='word_1_885' title='bbox 3087 3255 3601 3326; x_wconf 71' lang='lat' dir='ltr'><strong>subintravitquae</strong></span> <span class='ocrx_word' id='word_1_886' title='bbox 3633 3271 3758 3310; x_wconf 92' lang='lat' dir='ltr'><strong>non</strong></span> <span class='ocrx_word' id='word_1_887' title='bbox 3788 3256 3939 3310; x_wconf 87' lang='lat' dir='ltr'><strong>sinat</strong></span> 
     </span>
    </p>
   </div>
   <div class='ocr_carea' id='block_1_123' title="bbox 2290 3325 3945 3397">
    <p class='ocr_par' dir='ltr' id='par_1_123' title="bbox 2290 3325 3945 3397">
     <span class='ocr_line' id='line_1_125' title="bbox 2290 3325 3945 3397; baseline 0 -18"><span class='ocrx_word' id='word_1_888' title='bbox 2290 3326 2415 3379; x_wconf 84' lang='lat' dir='ltr'><strong>ﬁeri</strong></span> <span class='ocrx_word' id='word_1_889' title='bbox 2446 3326 2611 3397; x_wconf 86' lang='lat' dir='ltr'><strong>quod</strong></span> <span class='ocrx_word' id='word_1_890' title='bbox 2638 3325 2737 3380; x_wconf 80' lang='lat' dir='ltr'><strong>fati</strong></span> <span class='ocrx_word' id='word_1_891' title='bbox 2762 3325 2892 3380; x_wconf 79' lang='lat' dir='ltr'><strong>est?</strong></span> <span class='ocrx_word' id='word_1_892' title='bbox 2920 3327 2975 3379; x_wconf 92' lang='lat' dir='ltr'><strong>Si</strong></span> <span class='ocrx_word' id='word_1_893' title='bbox 2995 3326 3155 3380; x_wconf 90' lang='lat' dir='ltr'><strong>enim</strong></span> <span class='ocrx_word' id='word_1_894' title='bbox 3177 3326 3412 3381; x_wconf 89' lang='lat' dir='ltr'><strong>tollatur</strong></span> <span class='ocrx_word' id='word_1_895' title='bbox 3440 3325 3556 3389; x_wconf 85' lang='lat' dir='ltr'><strong>lex,</strong></span> <span class='ocrx_word' id='word_1_896' title='bbox 3587 3327 3813 3396; x_wconf 88' lang='lat' dir='ltr'><strong>passim</strong></span> <span class='ocrx_word' id='word_1_897' title='bbox 3838 3343 3945 3397; x_wconf 90' lang='lat' dir='ltr'><strong>pu-</strong></span> 
     </span>
    </p>
   </div>
   <div class='ocr_carea' id='block_1_124' title="bbox 2290 3395 3943 3467">
    <p class='ocr_par' dir='ltr' id='par_1_124' title="bbox 2290 3395 3943 3467">
     <span class='ocr_line' id='line_1_126' title="bbox 2290 3395 3943 3467; baseline 0.001 -18"><span class='ocrx_word' id='word_1_898' title='bbox 2290 3396 2435 3450; x_wconf 88' lang='lat' dir='ltr'><strong>blice</strong></span> <span class='ocrx_word' id='word_1_899' title='bbox 2468 3395 2673 3467; x_wconf 86' lang='lat' dir='ltr'><strong>illicita</strong></span> <span class='ocrx_word' id='word_1_900' title='bbox 2699 3398 2860 3461; x_wconf 81' lang='lat' dir='ltr'><strong>fient,</strong></span> <span class='ocrx_word' id='word_1_901' title='bbox 2896 3412 3002 3452; x_wconf 91' lang='lat' dir='ltr'><strong>nec</strong></span> <span class='ocrx_word' id='word_1_902' title='bbox 3035 3402 3304 3467; x_wconf 89' lang='lat' dir='ltr'><strong>potentes</strong></span> <span class='ocrx_word' id='word_1_903' title='bbox 3348 3395 3624 3467; x_wconf 84' lang='lat' dir='ltr'><strong>poterunt</strong></span> <span class='ocrx_word' id='word_1_904' title='bbox 3650 3397 3811 3461; x_wconf 85' lang='lat' dir='ltr'><strong>ferri,</strong></span> <span class='ocrx_word' id='word_1_905' title='bbox 3840 3395 3943 3452; x_wconf 86' lang='lat' dir='ltr'><strong>nec</strong></span> 
     </span>
    </p>
   </div>
   <div class='ocr_carea' id='block_1_125' title="bbox 2288 3466 3941 3538">
    <p class='ocr_par' dir='ltr' id='par_1_125' title="bbox 2288 3466 3941 3538">
     <span class='ocr_line' id='line_1_127' title="bbox 2288 3466 3941 3538; baseline 0 -17"><span class='ocrx_word' id='word_1_906' title='bbox 2288 3466 2394 3538; x_wconf 86' lang='lat' dir='ltr'><strong>erit</strong></span> <span class='ocrx_word' id='word_1_907' title='bbox 2411 3466 2662 3538; x_wconf 86' lang='lat' dir='ltr'><strong>libertas</strong></span> <span class='ocrx_word' id='word_1_908' title='bbox 2687 3484 2700 3531; x_wconf 92' lang='lat'>;</span> <span class='ocrx_word' id='word_1_909' title='bbox 2730 3469 2874 3538; x_wconf 85' lang='lat' dir='ltr'><strong>quia</strong></span> <span class='ocrx_word' id='word_1_910' title='bbox 2900 3474 2953 3522; x_wconf 92' lang='lat' dir='ltr'><strong>et</strong></span> <span class='ocrx_word' id='word_1_911' title='bbox 2973 3470 3077 3535; x_wconf 90' lang='lat' dir='ltr'>qui</span> <span class='ocrx_word' id='word_1_912' title='bbox 3108 3483 3269 3523; x_wconf 89' lang='lat' dir='ltr'><strong>nunc</strong></span> <span class='ocrx_word' id='word_1_913' title='bbox 3299 3466 3419 3523; x_wconf 89' lang='lat' dir='ltr'><strong>non</strong></span> <span class='ocrx_word' id='word_1_914' title='bbox 3444 3469 3669 3537; x_wconf 86' lang='lat' dir='ltr'><strong>cogitat</strong></span> <span class='ocrx_word' id='word_1_915' title='bbox 3697 3470 3941 3532; x_wconf 89' lang='lat' dir='ltr'><strong>malum,</strong></span> 
     </span>
    </p>
   </div>
   <div class='ocr_carea' id='block_1_126' title="bbox 2289 3537 3942 3611">
    <p class='ocr_par' dir='ltr' id='par_1_126' title="bbox 2289 3537 3942 3611">
     <span class='ocr_line' id='line_1_128' title="bbox 2289 3537 3942 3611; baseline 0.001 -20"><span class='ocrx_word' id='word_1_916' title='bbox 2289 3537 2526 3611; x_wconf 83' lang='lat' dir='ltr'><strong>sublato</strong></span> <span class='ocrx_word' id='word_1_917' title='bbox 2543 3537 3005 3611; x_wconf 78' lang='lat' dir='ltr'><strong>timoreincipiet</strong></span> <span class='ocrx_word' id='word_1_918' title='bbox 3025 3539 3222 3594; x_wconf 89' lang='lat' dir='ltr'><strong>malus</strong></span> <span class='ocrx_word' id='word_1_919' title='bbox 3236 3554 3387 3594; x_wconf 89' lang='lat' dir='ltr'><strong>esse.</strong></span> <span class='ocrx_word' id='word_1_920' title='bbox 3408 3539 3677 3611; x_wconf 87' lang='lat' dir='ltr'><strong>Denique</strong></span> <span class='ocrx_word' id='word_1_921' title='bbox 3696 3540 3942 3609; x_wconf 86' lang='lat' dir='ltr'><strong>legimus</strong></span> 
     </span>
    </p>
   </div>
   <div class='ocr_carea' id='block_1_127' title="bbox 2286 3609 3934 3680">
    <p class='ocr_par' dir='ltr' id='par_1_127' title="bbox 2286 3609 3934 3680">
     <span class='ocr_line' id='line_1_129' title="bbox 2286 3609 3934 3680; baseline 0.002 -18"><span class='ocrx_word' id='word_1_922' title='bbox 2286 3609 2475 3675; x_wconf 87' lang='lat' dir='ltr'><strong>legem</strong></span> <span class='ocrx_word' id='word_1_923' title='bbox 2503 3610 2799 3664; x_wconf 89' lang='lat' dir='ltr'><strong>malorum</strong></span> <span class='ocrx_word' id='word_1_924' title='bbox 2827 3625 3012 3665; x_wconf 91' lang='lat' dir='ltr'><strong>causa</strong></span> <span class='ocrx_word' id='word_1_925' title='bbox 3031 3611 3256 3665; x_wconf 88' lang='lat' dir='ltr'><strong>datam.</strong></span> <span class='ocrx_word' id='word_1_926' title='bbox 3287 3611 3397 3666; x_wconf 92' lang='lat' dir='ltr'><strong>Sed</strong></span> <span class='ocrx_word' id='word_1_927' title='bbox 3415 3609 3819 3680; x_wconf 79' lang='lat' dir='ltr'><strong>ethocipsum</strong></span> <span class='ocrx_word' id='word_1_928' title='bbox 3838 3611 3934 3665; x_wconf 82' lang='lat' dir='ltr'><strong>fati</strong></span> 
     </span>
    </p>
   </div>
   <div class='ocr_carea' id='block_1_128' title="bbox 2285 3680 3939 3752">
    <p class='ocr_par' dir='ltr' id='par_1_128' title="bbox 2285 3680 3939 3752">
     <span class='ocr_line' id='line_1_130' title="bbox 2285 3680 3939 3752; baseline 0.001 -18"><span class='ocrx_word' id='word_1_929' title='bbox 2285 3680 2430 3735; x_wconf 89' lang='lat' dir='ltr'><strong>forte</strong></span> <span class='ocrx_word' id='word_1_930' title='bbox 2454 3681 2580 3744; x_wconf 88' lang='lat' dir='ltr'><strong>fuit,</strong></span> <span class='ocrx_word' id='word_1_931' title='bbox 2613 3688 2673 3736; x_wconf 91' lang='lat' dir='ltr'><strong>ut</strong></span> <span class='ocrx_word' id='word_1_932' title='bbox 2699 3680 2789 3736; x_wconf 85' lang='lat' dir='ltr'><strong>lex</strong></span> <span class='ocrx_word' id='word_1_933' title='bbox 2814 3681 3055 3736; x_wconf 89' lang='lat' dir='ltr'><strong>daretur</strong></span> <span class='ocrx_word' id='word_1_934' title='bbox 3072 3680 3101 3734; x_wconf 78' lang='lat'><strong>?</strong></span> <span class='ocrx_word' id='word_1_935' title='bbox 3123 3684 3325 3752; x_wconf 87' lang='lat' dir='ltr'><strong>thua</strong></span> <span class='ocrx_word' id='word_1_936' title='bbox 3347 3682 3573 3752; x_wconf 89' lang='lat' dir='ltr'><strong>ratione</strong></span> <span class='ocrx_word' id='word_1_937' title='bbox 3606 3681 3730 3737; x_wconf 85' lang='lat' dir='ltr'><strong>fata</strong></span> <span class='ocrx_word' id='word_1_938' title='bbox 3752 3682 3939 3735; x_wconf 86' lang='lat' dir='ltr'><strong>subsi-</strong></span> 
     </span>
    </p>
   </div>
   <div class='ocr_carea' id='block_1_129' title="bbox 2286 3751 3938 3824">
    <p class='ocr_par' dir='ltr' id='par_1_129' title="bbox 2286 3751 3938 3824">
     <span class='ocr_line' id='line_1_131' title="bbox 2286 3751 3938 3824; baseline 0.001 -20"><span class='ocrx_word' id='word_1_939' title='bbox 2286 3756 2471 3814; x_wconf 90' lang='lat' dir='ltr'><strong>stunt,</strong></span> <span class='ocrx_word' id='word_1_940' title='bbox 2496 3751 2544 3805; x_wconf 91' lang='lat' dir='ltr'><strong>si</strong></span> <span class='ocrx_word' id='word_1_941' title='bbox 2568 3758 2852 3824; x_wconf 87' lang='lat' dir='ltr'><strong>generant</strong></span> <span class='ocrx_word' id='word_1_942' title='bbox 2868 3768 2904 3806; x_wconf 92' lang='lat' dir='ltr'><strong>a</strong></span> <span class='ocrx_word' id='word_1_943' title='bbox 2924 3768 3046 3821; x_wconf 91' lang='lat' dir='ltr'><strong>quo</strong></span> <span class='ocrx_word' id='word_1_944' title='bbox 3061 3751 3492 3824; x_wconf 80' lang='lat' dir='ltr'><strong>destruantur?</strong></span> <span class='ocrx_word' id='word_1_945' title='bbox 3511 3752 3820 3824; x_wconf 88' lang='lat' dir='ltr'><strong>Quidquid</strong></span> <span class='ocrx_word' id='word_1_946' title='bbox 3840 3752 3938 3807; x_wconf 85' lang='lat' dir='ltr'><strong>fati</strong></span> 
     </span>
    </p>
   </div>
   <div class='ocr_carea' id='block_1_130' title="bbox 2283 3822 3935 3892">
    <p class='ocr_par' dir='ltr' id='par_1_130' title="bbox 2283 3822 3935 3892">
     <span class='ocr_line' id='line_1_132' title="bbox 2283 3822 3935 3892; baseline 0.002 -15"><span class='ocrx_word' id='word_1_947' title='bbox 2283 3828 2391 3885; x_wconf 90' lang='lat' dir='ltr'><strong>est,</strong></span> <span class='ocrx_word' id='word_1_948' title='bbox 2417 3823 2768 3877; x_wconf 88' lang='lat' dir='ltr'><strong>contradicit</strong></span> <span class='ocrx_word' id='word_1_949' title='bbox 2786 3823 2874 3878; x_wconf 83' lang='lat' dir='ltr'><strong>lex</strong></span> <span class='ocrx_word' id='word_1_950' title='bbox 2896 3824 3019 3878; x_wconf 87' lang='lat' dir='ltr'><strong>ﬁeri</strong></span> <span class='ocrx_word' id='word_1_951' title='bbox 3038 3822 3278 3879; x_wconf 90' lang='lat' dir='ltr'><strong>debere.</strong></span> <span class='ocrx_word' id='word_1_952' title='bbox 3296 3824 3509 3879; x_wconf 84' lang='lat' dir='ltr'><strong>Carent</strong></span> <span class='ocrx_word' id='word_1_953' title='bbox 3524 3839 3669 3892; x_wconf 87' lang='lat' dir='ltr'><strong>ergo</strong></span> <span class='ocrx_word' id='word_1_954' title='bbox 3692 3822 3935 3881; x_wconf 80' lang='lat' dir='ltr'><strong>ratione.</strong></span> 
     </span>
    </p>
   </div>
   <div class='ocr_carea' id='block_1_131' title="bbox 2282 3894 3935 3967">
    <p class='ocr_par' dir='ltr' id='par_1_131' title="bbox 2282 3894 3935 3967">
     <span class='ocr_line' id='line_1_133' title="bbox 2282 3894 3935 3967; baseline 0 -20"><span class='ocrx_word' id='word_1_955' title='bbox 2282 3895 2329 3967; x_wconf 82' lang='lat' dir='ltr'><strong>si</strong></span> <span class='ocrx_word' id='word_1_956' title='bbox 2352 3895 2650 3967; x_wconf 87' lang='lat' dir='ltr'><strong>contraria</strong></span> <span class='ocrx_word' id='word_1_957' title='bbox 2674 3895 2783 3967; x_wconf 85' lang='lat' dir='ltr'><strong>sibi</strong></span> <span class='ocrx_word' id='word_1_958' title='bbox 2804 3898 3109 3967; x_wconf 83' lang='lat' dir='ltr'><strong>generant.</strong></span> <span class='ocrx_word' id='word_1_959' title='bbox 3130 3897 3190 3967; x_wconf 82' lang='lat' dir='ltr'><strong>Et</strong></span> <span class='ocrx_word' id='word_1_960' title='bbox 3210 3894 3413 3966; x_wconf 90' lang='lat' dir='ltr'><strong>iniqua</strong></span> <span class='ocrx_word' id='word_1_961' title='bbox 3439 3898 3765 3967; x_wconf 83' lang='lat' dir='ltr'><strong>sunt,quia</strong></span> <span class='ocrx_word' id='word_1_962' title='bbox 3781 3896 3935 3949; x_wconf 88' lang='lat' dir='ltr'><strong>nasci</strong></span> 
     </span>
    </p>
   </div>
   <div class='ocr_carea' id='block_1_132' title="bbox 2282 3965 3934 4038">
    <p class='ocr_par' dir='ltr' id='par_1_132' title="bbox 2282 3965 3934 4038">
     <span class='ocr_line' id='line_1_134' title="bbox 2282 3965 3934 4038; baseline 0 -19"><span class='ocrx_word' id='word_1_963' title='bbox 2282 3965 2505 4019; x_wconf 84' lang='lat' dir='ltr'><strong>faciunt</strong></span> <span class='ocrx_word' id='word_1_964' title='bbox 2524 3965 2895 4038; x_wconf 87' lang='lat' dir='ltr'><strong>hominesad</strong></span> <span class='ocrx_word' id='word_1_965' title='bbox 2919 3966 3397 4038; x_wconf 84' lang='lat' dir='ltr'><strong>damnationem:</strong></span> <span class='ocrx_word' id='word_1_966' title='bbox 3418 3973 3475 4020; x_wconf 90' lang='lat' dir='ltr'><strong>et</strong></span> <span class='ocrx_word' id='word_1_967' title='bbox 3495 3965 3770 4038; x_wconf 86' lang='lat' dir='ltr'><strong>siiniqua</strong></span> <span class='ocrx_word' id='word_1_968' title='bbox 3783 3972 3934 4028; x_wconf 86' lang='lat' dir='ltr'><strong>sunt,</strong></span> 
     </span>
    </p>
   </div>
   <div class='ocr_carea' id='block_1_133' title="bbox 2281 4036 3935 4108">
    <p class='ocr_par' dir='ltr' id='par_1_133' title="bbox 2281 4036 3935 4108">
     <span class='ocr_line' id='line_1_135' title="bbox 2281 4036 3935 4108; baseline -0.001 -17"><span class='ocrx_word' id='word_1_969' title='bbox 2281 4038 2688 4091; x_wconf 90' lang='lat' dir='ltr'><strong>auctoritatem</strong></span> <span class='ocrx_word' id='word_1_970' title='bbox 2718 4036 2939 4091; x_wconf 89' lang='lat' dir='ltr'><strong>habere</strong></span> <span class='ocrx_word' id='word_1_971' title='bbox 2970 4052 3091 4091; x_wconf 90' lang='lat' dir='ltr'><strong>non</strong></span> <span class='ocrx_word' id='word_1_972' title='bbox 3140 4036 3360 4092; x_wconf 90' lang='lat' dir='ltr'><strong>debent</strong></span> <span class='ocrx_word' id='word_1_973' title='bbox 3386 4054 3404 4106; x_wconf 85' lang='lat'><strong>;</strong></span> <span class='ocrx_word' id='word_1_974' title='bbox 3450 4038 3597 4108; x_wconf 88' lang='lat' dir='ltr'><strong>quia</strong></span> <span class='ocrx_word' id='word_1_975' title='bbox 3622 4036 3807 4092; x_wconf 76' lang='lat' dir='ltr'><strong>omne</strong></span> <span class='ocrx_word' id='word_1_976' title='bbox 3835 4038 3935 4091; x_wconf 88' lang='lat' dir='ltr'><strong>ini-</strong></span> 
     </span>
    </p>
   </div>
   <div class='ocr_carea' id='block_1_134' title="bbox 2276 4108 3935 4178">
    <p class='ocr_par' dir='ltr' id='par_1_134' title="bbox 2276 4108 3935 4178">
     <span class='ocr_line' id='line_1_136' title="bbox 2276 4108 3935 4178; baseline 0.001 -18"><span class='ocrx_word' id='word_1_977' title='bbox 2276 4124 2465 4178; x_wconf 92' lang='lat' dir='ltr'><strong>quum</strong></span> <span class='ocrx_word' id='word_1_978' title='bbox 2500 4109 2791 4176; x_wconf 89' lang='lat' dir='ltr'><strong>punitioni</strong></span> <span class='ocrx_word' id='word_1_979' title='bbox 2819 4108 3142 4162; x_wconf 82' lang='lat' dir='ltr'><strong>obnoxium</strong></span> <span class='ocrx_word' id='word_1_980' title='bbox 3176 4114 3283 4163; x_wconf 89' lang='lat' dir='ltr'><strong>est.</strong></span> <span class='ocrx_word' id='word_1_981' title='bbox 3316 4110 3429 4163; x_wconf 81' lang='lat' dir='ltr'><strong>Aut</strong></span> <span class='ocrx_word' id='word_1_982' title='bbox 3457 4125 3529 4162; x_wconf 92' lang='lat' dir='ltr'><strong>ne</strong></span> <span class='ocrx_word' id='word_1_983' title='bbox 3566 4108 3720 4164; x_wconf 80' lang='lat' dir='ltr'><strong>forte</strong></span> <span class='ocrx_word' id='word_1_984' title='bbox 3749 4109 3935 4176; x_wconf 86' lang='lat' dir='ltr'><strong>legem</strong></span> 
     </span>
    </p>
   </div>
   <div class='ocr_carea' id='block_1_135' title="bbox 2277 4178 3935 4250">
    <p class='ocr_par' dir='ltr' id='par_1_135' title="bbox 2277 4178 3935 4250">
     <span class='ocr_line' id='line_1_137' title="bbox 2277 4178 3935 4250; baseline 0 -18"><span class='ocrx_word' id='word_1_985' title='bbox 2277 4179 2419 4233; x_wconf 89' lang='lat' dir='ltr'><strong>nihil</strong></span> <span class='ocrx_word' id='word_1_986' title='bbox 2446 4178 2727 4250; x_wconf 82' lang='lat' dir='ltr'><strong>prodesse</strong></span> <span class='ocrx_word' id='word_1_987' title='bbox 2740 4179 2963 4243; x_wconf 89' lang='lat' dir='ltr'><strong>dicant,</strong></span> <span class='ocrx_word' id='word_1_988' title='bbox 2980 4179 3236 4250; x_wconf 91' lang='lat' dir='ltr'><strong>quiaqui</strong></span> <span class='ocrx_word' id='word_1_989' title='bbox 3251 4180 3333 4233; x_wconf 92' lang='lat' dir='ltr'><strong>sic</strong></span> <span class='ocrx_word' id='word_1_990' title='bbox 3349 4184 3524 4234; x_wconf 89' lang='lat' dir='ltr'><strong>natus</strong></span> <span class='ocrx_word' id='word_1_991' title='bbox 3544 4186 3637 4233; x_wconf 91' lang='lat' dir='ltr'><strong>est</strong></span> <span class='ocrx_word' id='word_1_992' title='bbox 3661 4187 3725 4234; x_wconf 92' lang='lat' dir='ltr'><strong>ut</strong></span> <span class='ocrx_word' id='word_1_993' title='bbox 3750 4180 3935 4235; x_wconf 90' lang='lat' dir='ltr'><strong>malus</strong></span> 
     </span>
    </p>
   </div>
   <div class='ocr_carea' id='block_1_136' title="bbox 2277 4249 3925 4321">
    <p class='ocr_par' dir='ltr' id='par_1_136' title="bbox 2277 4249 3925 4321">
     <span class='ocr_line' id='line_1_138' title="bbox 2277 4249 3925 4321; baseline 0.001 -19"><span class='ocrx_word' id='word_1_994' title='bbox 2277 4252 2368 4321; x_wconf 89' lang='lat' dir='ltr'><strong>sit,</strong></span> <span class='ocrx_word' id='word_1_995' title='bbox 2399 4266 2503 4321; x_wconf 90' lang='lat' dir='ltr'><strong>per</strong></span> <span class='ocrx_word' id='word_1_996' title='bbox 2531 4249 2743 4321; x_wconf 86' lang='lat' dir='ltr'><strong>legem</strong></span> <span class='ocrx_word' id='word_1_997' title='bbox 2770 4266 2888 4304; x_wconf 91' lang='lat' dir='ltr'><strong>non</strong></span> <span class='ocrx_word' id='word_1_998' title='bbox 2923 4249 3113 4319; x_wconf 86' lang='lat' dir='ltr'><strong>potest</strong></span> <span class='ocrx_word' id='word_1_999' title='bbox 3142 4250 3487 4321; x_wconf 84' lang='lat' dir='ltr'><strong>immutari;</strong></span> <span class='ocrx_word' id='word_1_1000' title='bbox 3523 4252 3694 4321; x_wconf 93' lang='lat' dir='ltr'><strong>quod</strong></span> <span class='ocrx_word' id='word_1_1001' title='bbox 3744 4252 3795 4305; x_wconf 87' lang='lat' dir='ltr'><strong>si</strong></span> <span class='ocrx_word' id='word_1_1002' title='bbox 3825 4254 3925 4315; x_wconf 89' lang='lat' dir='ltr'><strong>est,</strong></span> 
     </span>
    </p>
   </div>
   <div class='ocr_carea' id='block_1_137' title="bbox 2274 4320 3933 4393">
    <p class='ocr_par' dir='ltr' id='par_1_137' title="bbox 2274 4320 3933 4393">
     <span class='ocr_line' id='line_1_139' title="bbox 2274 4320 3933 4393; baseline 0.002 -20"><span class='ocrx_word' id='word_1_1003' title='bbox 2274 4320 2365 4393; x_wconf 77' lang='lat' dir='ltr'><strong>lex</strong></span> <span class='ocrx_word' id='word_1_1004' title='bbox 2394 4320 2691 4393; x_wconf 84' lang='lat' dir='ltr'><strong>superflue</strong></span> <span class='ocrx_word' id='word_1_1005' title='bbox 2714 4320 2855 4376; x_wconf 89' lang='lat' dir='ltr'><strong>data</strong></span> <span class='ocrx_word' id='word_1_1006' title='bbox 2874 4326 2959 4393; x_wconf 91' lang='lat' dir='ltr'><strong>est</strong></span> <span class='ocrx_word' id='word_1_1007' title='bbox 2987 4339 2999 4375; x_wconf 94' lang='lat'>:</span> <span class='ocrx_word' id='word_1_1008' title='bbox 3034 4325 3090 4377; x_wconf 88' lang='lat' dir='ltr'><strong>et</strong></span> <span class='ocrx_word' id='word_1_1009' title='bbox 3109 4322 3419 4393; x_wconf 87' lang='lat' dir='ltr'><strong>quomodo</strong></span> <span class='ocrx_word' id='word_1_1010' title='bbox 3440 4320 3561 4393; x_wconf 84' lang='lat' dir='ltr'><strong>fata</strong></span> <span class='ocrx_word' id='word_1_1011' title='bbox 3578 4338 3709 4375; x_wconf 88' lang='lat' dir='ltr'><strong>rem</strong></span> <span class='ocrx_word' id='word_1_1012' title='bbox 3735 4338 3933 4393; x_wconf 79' lang='lat' dir='ltr'><strong>super-</strong></span> 
     </span>
    </p>
   </div>
   <div class='ocr_carea' id='block_1_138' title="bbox 2273 4390 3931 4464">
    <p class='ocr_par' dir='ltr' id='par_1_138' title="bbox 2273 4390 3931 4464">
     <span class='ocr_line' id='line_1_140' title="bbox 2273 4390 3931 4464; baseline 0.001 -19"><span class='ocrx_word' id='word_1_1013' title='bbox 2273 4390 2458 4464; x_wconf 82' lang='lat' dir='ltr'><strong>fluam</strong></span> <span class='ocrx_word' id='word_1_1014' title='bbox 2486 4391 2750 4446; x_wconf 84' lang='lat' dir='ltr'><strong>fecerunt</strong></span> <span class='ocrx_word' id='word_1_1015' title='bbox 2783 4392 2991 4447; x_wconf 79' lang='lat' dir='ltr'><strong>nasci?</strong></span> <span class='ocrx_word' id='word_1_1016' title='bbox 3016 4390 3170 4464; x_wconf 15' lang='lat' dir='ltr'><strong>quia,</strong></span> <span class='ocrx_word' id='word_1_1017' title='bbox 3193 4392 3333 4447; x_wconf 91' lang='lat' dir='ltr'><strong>nihil</strong></span> <span class='ocrx_word' id='word_1_1018' title='bbox 3357 4393 3482 4446; x_wconf 85' lang='lat' dir='ltr'><strong>sine</strong></span> <span class='ocrx_word' id='word_1_1019' title='bbox 3508 4392 3632 4447; x_wconf 87' lang='lat' dir='ltr'><strong>fato</strong></span> <span class='ocrx_word' id='word_1_1020' title='bbox 3660 4400 3699 4447; x_wconf 74' lang='grc'>³.</span> <span class='ocrx_word' id='word_1_1021' title='bbox 3727 4390 3931 4464; x_wconf 82' lang='lat' dir='ltr'><strong>Itaque</strong></span> 
     </span>
    </p>
   </div>
   <div class='ocr_carea' id='block_1_139' title="bbox 2273 4463 3926 4533">
    <p class='ocr_par' dir='ltr' id='par_1_139' title="bbox 2273 4463 3926 4533">
     <span class='ocr_line' id='line_1_141' title="bbox 2273 4463 3926 4533; baseline 0.001 -17"><span class='ocrx_word' id='word_1_1022' title='bbox 2273 4463 2393 4517; x_wconf 87' lang='lat' dir='ltr'><strong>fata</strong></span> <span class='ocrx_word' id='word_1_1023' title='bbox 2423 4470 2477 4516; x_wconf 90' lang='lat' dir='ltr'><strong>et</strong></span> <span class='ocrx_word' id='word_1_1024' title='bbox 2506 4479 2615 4532; x_wconf 91' lang='lat' dir='ltr'><strong>pro</strong></span> <span class='ocrx_word' id='word_1_1025' title='bbox 2648 4479 2708 4517; x_wconf 89' lang='lat' dir='ltr'><strong>se</strong></span> <span class='ocrx_word' id='word_1_1026' title='bbox 2740 4468 2797 4518; x_wconf 94' lang='lat' dir='ltr'><strong>et</strong></span> <span class='ocrx_word' id='word_1_1027' title='bbox 2825 4470 3033 4519; x_wconf 90' lang='lat' dir='ltr'><strong>contra</strong></span> <span class='ocrx_word' id='word_1_1028' title='bbox 3058 4480 3119 4517; x_wconf 89' lang='lat' dir='ltr'><strong>se</strong></span> <span class='ocrx_word' id='word_1_1029' title='bbox 3150 4463 3372 4518; x_wconf 79' lang='lat' dir='ltr'><strong>faciunt</strong></span> <span class='ocrx_word' id='word_1_1030' title='bbox 3401 4481 3413 4517; x_wconf 91' lang='lat'>:</span> <span class='ocrx_word' id='word_1_1031' title='bbox 3445 4464 3615 4533; x_wconf 91' lang='lat' dir='ltr'><strong>quod</strong></span> <span class='ocrx_word' id='word_1_1032' title='bbox 3648 4465 3700 4518; x_wconf 91' lang='lat' dir='ltr'><strong>si</strong></span> <span class='ocrx_word' id='word_1_1033' title='bbox 3724 4464 3803 4519; x_wconf 90' lang='lat' dir='ltr'><strong>ita</strong></span> <span class='ocrx_word' id='word_1_1034' title='bbox 3826 4463 3926 4526; x_wconf 85' lang='lat' dir='ltr'><strong>est,</strong></span> 
     </span>
    </p>
   </div>
   <div class='ocr_carea' id='block_1_140' title="bbox 2272 4536 3926 4605">
    <p class='ocr_par' dir='ltr' id='par_1_140' title="bbox 2272 4536 3926 4605">
     <span class='ocr_line' id='line_1_142' title="bbox 2272 4536 3926 4605; baseline 0.001 -18"><span class='ocrx_word' id='word_1_1035' title='bbox 2272 4540 2425 4589; x_wconf 88' lang='lat' dir='ltr'><strong>stare</strong></span> <span class='ocrx_word' id='word_1_1036' title='bbox 2471 4550 2588 4588; x_wconf 92' lang='lat' dir='ltr'><strong>non</strong></span> <span class='ocrx_word' id='word_1_1037' title='bbox 2624 4538 2819 4603; x_wconf 89' lang='lat' dir='ltr'><strong>potest</strong></span> <span class='ocrx_word' id='word_1_1038' title='bbox 2846 4536 3007 4603; x_wconf 90' lang='lat' dir='ltr'><strong>quod</strong></span> <span class='ocrx_word' id='word_1_1039' title='bbox 3040 4550 3140 4605; x_wconf 91' lang='lat' dir='ltr'><strong>per</strong></span> <span class='ocrx_word' id='word_1_1040' title='bbox 3185 4536 3654 4590; x_wconf 89' lang='lat' dir='ltr'><strong>inconstantiam</strong></span> <span class='ocrx_word' id='word_1_1041' title='bbox 3687 4537 3926 4590; x_wconf 88' lang='lat' dir='ltr'><strong>rationis</strong></span> 
     </span>
    </p>
   </div>
   <div class='ocr_carea' id='block_1_141' title="bbox 2270 4605 3926 4676">
    <p class='ocr_par' dir='ltr' id='par_1_141' title="bbox 2270 4605 3926 4676">
     <span class='ocr_line' id='line_1_143' title="bbox 2270 4605 3926 4676; baseline 0.001 -17"><span class='ocrx_word' id='word_1_1042' title='bbox 2270 4620 2389 4659; x_wconf 88' lang='lat' dir='ltr'><strong>non</strong></span> <span class='ocrx_word' id='word_1_1043' title='bbox 2417 4610 2574 4659; x_wconf 89' lang='lat' dir='ltr'><strong>tenet</strong></span> <span class='ocrx_word' id='word_1_1044' title='bbox 2600 4606 2961 4660; x_wconf 86' lang='lat' dir='ltr'><strong>ﬁrmitatem.</strong></span> <span class='ocrx_word' id='word_1_1045' title='bbox 2995 4606 3105 4661; x_wconf 88' lang='lat' dir='ltr'><strong>Sed</strong></span> <span class='ocrx_word' id='word_1_1046' title='bbox 3124 4621 3194 4660; x_wconf 91' lang='lat' dir='ltr'><strong>ne</strong></span> <span class='ocrx_word' id='word_1_1047' title='bbox 3219 4605 3796 4676; x_wconf 88' lang='lat' dir='ltr'><strong>propterhoclegem</strong></span> <span class='ocrx_word' id='word_1_1048' title='bbox 3816 4607 3926 4661; x_wconf 84' lang='lat' dir='ltr'><strong>fata</strong></span> 
     </span>
    </p>
   </div>
   <div class='ocr_carea' id='block_1_142' title="bbox 2271 4676 3923 4747">
    <p class='ocr_par' dir='ltr' id='par_1_142' title="bbox 2271 4676 3923 4747">
     <span class='ocr_line' id='line_1_144' title="bbox 2271 4676 3923 4747; baseline 0.002 -18"><span class='ocrx_word' id='word_1_1049' title='bbox 2271 4691 2398 4747; x_wconf 85' lang='lat' dir='ltr'><strong>esse</strong></span> <span class='ocrx_word' id='word_1_1050' title='bbox 2426 4676 2761 4741; x_wconf 90' lang='lat' dir='ltr'><strong>voluerunt,</strong></span> <span class='ocrx_word' id='word_1_1051' title='bbox 2789 4683 2847 4730; x_wconf 91' lang='lat' dir='ltr'><strong>ut</strong></span> <span class='ocrx_word' id='word_1_1052' title='bbox 2875 4692 3030 4747; x_wconf 91' lang='lat' dir='ltr'><strong>quos</strong></span> <span class='ocrx_word' id='word_1_1053' title='bbox 3055 4676 3241 4732; x_wconf 90' lang='lat' dir='ltr'><strong>malos</strong></span> <span class='ocrx_word' id='word_1_1054' title='bbox 3273 4677 3396 4731; x_wconf 85' lang='lat' dir='ltr'><strong>fata</strong></span> <span class='ocrx_word' id='word_1_1055' title='bbox 3426 4676 3649 4731; x_wconf 82' lang='lat' dir='ltr'><strong>faciunt</strong></span> <span class='ocrx_word' id='word_1_1056' title='bbox 3678 4678 3871 4742; x_wconf 83' lang='lat' dir='ltr'><strong>nasci,</strong></span> <span class='ocrx_word' id='word_1_1057' title='bbox 3894 4695 3923 4732; x_wconf 85' lang='lat' dir='ltr'><strong>a</strong></span> 
     </span>
    </p>
   </div>
   <div class='ocr_carea' id='block_1_143' title="bbox 2266 4746 3920 4815">
    <p class='ocr_par' dir='ltr' id='par_1_143' title="bbox 2266 4746 3920 4815">
     <span class='ocr_line' id='line_1_145' title="bbox 2266 4746 3920 4815; baseline 0.001 -15"><span class='ocrx_word' id='word_1_1058' title='bbox 2266 4746 2394 4815; x_wconf 84' lang='lat' dir='ltr'><strong>lege</strong></span> <span class='ocrx_word' id='word_1_1059' title='bbox 2425 4748 2804 4807; x_wconf 88' lang='lat' dir='ltr'><strong>damnentur.</strong></span> <span class='ocrx_word' id='word_1_1060' title='bbox 2831 4746 3224 4803; x_wconf 31' lang='lat' dir='ltr'><strong>ut’conveniat</strong></span> <span class='ocrx_word' id='word_1_1061' title='bbox 3247 4747 3381 4802; x_wconf 82' lang='lat' dir='ltr'><strong>fatis</strong></span> <span class='ocrx_word' id='word_1_1062' title='bbox 3399 4764 3469 4802; x_wconf 82' lang='lat' dir='ltr'><strong>ex</strong></span> <span class='ocrx_word' id='word_1_1063' title='bbox 3486 4749 3620 4815; x_wconf 87' lang='lat' dir='ltr'><strong>lege</strong></span> <span class='ocrx_word' id='word_1_1064' title='bbox 3639 4750 3920 4804; x_wconf 83' lang='lat' dir='ltr'><strong>adhibere</strong></span> 
     </span>
    </p>
   </div>
   <div class='ocr_carea' id='block_1_144' title="bbox 2267 4819 3917 4890">
    <p class='ocr_par' dir='ltr' id='par_1_144' title="bbox 2267 4819 3917 4890">
     <span class='ocr_line' id='line_1_146' title="bbox 2267 4819 3917 4890; baseline -0.001 -17"><span class='ocrx_word' id='word_1_1065' title='bbox 2267 4820 2636 4888; x_wconf 90' lang='lat' dir='ltr'><strong>punitionem</strong></span> <span class='ocrx_word' id='word_1_1066' title='bbox 2662 4820 2689 4875; x_wconf 78' lang='lat'><strong>?</strong></span> <span class='ocrx_word' id='word_1_1067' title='bbox 2716 4819 2802 4873; x_wconf 90' lang='lat' dir='ltr'><strong>Ad</strong></span> <span class='ocrx_word' id='word_1_1068' title='bbox 2836 4819 2950 4874; x_wconf 85' lang='lat' dir='ltr'><strong>hoc</strong></span> <span class='ocrx_word' id='word_1_1069' title='bbox 2980 4819 3126 4890; x_wconf 91' lang='lat' dir='ltr'><strong>quid</strong></span> <span class='ocrx_word' id='word_1_1070' title='bbox 3172 4819 3279 4874; x_wconf 90' lang='lat' dir='ltr'><strong>erit</strong></span> <span class='ocrx_word' id='word_1_1071' title='bbox 3323 4819 3484 4890; x_wconf 92' lang='lat' dir='ltr'>quod</span> <span class='ocrx_word' id='word_1_1072' title='bbox 3528 4819 3788 4885; x_wconf 86' lang='lat' dir='ltr'><strong>dicatur,</strong></span> <span class='ocrx_word' id='word_1_1073' title='bbox 3818 4819 3917 4874; x_wconf 86' lang='lat' dir='ltr'><strong>nisi</strong></span> 
     </span>
    </p>
   </div>
   <div class='ocr_carea' id='block_1_145' title="bbox 2265 4890 3916 4961">
    <p class='ocr_par' dir='ltr' id='par_1_145' title="bbox 2265 4890 3916 4961">
     <span class='ocr_line' id='line_1_147' title="bbox 2265 4890 3916 4961; baseline 0.001 -19"><span class='ocrx_word' id='word_1_1074' title='bbox 2265 4890 2407 4960; x_wconf 90' lang='lat' dir='ltr'><strong>quia</strong></span> <span class='ocrx_word' id='word_1_1075' title='bbox 2431 4898 2486 4944; x_wconf 91' lang='lat' dir='ltr'><strong>et</strong></span> <span class='ocrx_word' id='word_1_1076' title='bbox 2515 4890 2675 4957; x_wconf 88' lang='lat' dir='ltr'><strong>leges</strong></span> <span class='ocrx_word' id='word_1_1077' title='bbox 2727 4898 2783 4944; x_wconf 92' lang='lat' dir='ltr'><strong>et</strong></span> <span class='ocrx_word' id='word_1_1078' title='bbox 2830 4890 2949 4945; x_wconf 87' lang='lat' dir='ltr'><strong>fata</strong></span> <span class='ocrx_word' id='word_1_1079' title='bbox 2980 4891 3226 4961; x_wconf 89' lang='lat' dir='ltr'><strong>proprio</strong></span> <span class='ocrx_word' id='word_1_1080' title='bbox 3253 4890 3482 4960; x_wconf 91' lang='lat' dir='ltr'><strong>judicio</strong></span> <span class='ocrx_word' id='word_1_1081' title='bbox 3528 4891 3916 4947; x_wconf 84' lang='lat' dir='ltr'><strong>condemnari</strong></span> 
     </span>
    </p>
   </div>
   <div class='ocr_carea' id='block_1_146' title="bbox 2265 4960 3917 5032">
    <p class='ocr_par' dir='ltr' id='par_1_146' title="bbox 2265 4960 3917 5032">
     <span class='ocr_line' id='line_1_148' title="bbox 2265 4960 3917 5032; baseline 0.001 -17"><span class='ocrx_word' id='word_1_1082' title='bbox 2265 4966 2584 5026; x_wconf 90' lang='lat' dir='ltr'><strong>merentur,</strong></span> <span class='ocrx_word' id='word_1_1083' title='bbox 2620 4962 2663 5015; x_wconf 91' lang='lat' dir='ltr'><strong>si</strong></span> <span class='ocrx_word' id='word_1_1084' title='bbox 2693 4961 2816 5032; x_wconf 90' lang='lat' dir='ltr'><strong>pari</strong></span> <span class='ocrx_word' id='word_1_1085' title='bbox 2847 4960 3138 5032; x_wconf 84' lang='lat' dir='ltr'><strong>injustitia</strong></span> <span class='ocrx_word' id='word_1_1086' title='bbox 3166 4961 3280 5017; x_wconf 91' lang='lat' dir='ltr'><strong>hoc</strong></span> <span class='ocrx_word' id='word_1_1087' title='bbox 3311 4960 3649 5027; x_wconf 87' lang='lat' dir='ltr'><strong>elaborant,</strong></span> <span class='ocrx_word' id='word_1_1088' title='bbox 3677 4970 3743 5018; x_wconf 88' lang='lat' dir='ltr'><strong>ut</strong></span> <span class='ocrx_word' id='word_1_1089' title='bbox 3772 4963 3917 5018; x_wconf 88' lang='lat' dir='ltr'><strong>occi-</strong></span> 
     </span>
    </p>
   </div>
   <div class='ocr_carea' id='block_1_147' title="bbox 2324 5103 3917 5167">
    <p class='ocr_par' dir='ltr' id='par_1_147' title="bbox 2324 5103 3917 5167">
     <span class='ocr_line' id='line_1_149' title="bbox 2324 5103 3917 5167; baseline 0 -16"><span class='ocrx_word' id='word_1_1090' title='bbox 2324 5107 2337 5137; x_wconf 79' lang='grc' dir='ltr'>ί</span> <span class='ocrx_word' id='word_1_1091' title='bbox 2370 5103 2470 5157; x_wconf 85' lang='lat' dir='ltr'><strong>Ms.</strong></span> <span class='ocrx_word' id='word_1_1092' title='bbox 2489 5103 3076 5167; x_wconf 85' lang='lat' dir='ltr'><strong>Colbertinus,siclegit</strong></span> <span class='ocrx_word' id='word_1_1093' title='bbox 3097 5104 3238 5153; x_wconf 89' lang='lat' dir='ltr'><strong>hunc</strong></span> <span class='ocrx_word' id='word_1_1094' title='bbox 3264 5103 3443 5167; x_wconf 89' lang='lat' dir='ltr'><strong>locum</strong></span> <span class='ocrx_word' id='word_1_1095' title='bbox 3467 5118 3477 5151; x_wconf 95' lang='lat'>:</span> <span class='ocrx_word' id='word_1_1096' title='bbox 3502 5103 3569 5151; x_wconf 90' lang='lat' dir='ltr'><strong>Et</strong></span> <span class='ocrx_word' id='word_1_1097' title='bbox 3584 5105 3715 5167; x_wconf 84' lang='lat' dir='ltr'><strong>quia</strong></span> <span class='ocrx_word' id='word_1_1098' title='bbox 3736 5106 3917 5155; x_wconf 71' lang='lat' dir='ltr'><strong>veritas</strong></span> 
     </span>
    </p>
   </div>
   <div class='ocr_carea' id='block_1_148' title="bbox 2260 5166 3911 5229">
    <p class='ocr_par' dir='ltr' id='par_1_148' title="bbox 2260 5166 3911 5229">
     <span class='ocr_line' id='line_1_150' title="bbox 2260 5166 3911 5229; baseline -0.001 -14"><span class='ocrx_word' id='word_1_1099' title='bbox 2260 5170 2587 5227; x_wconf 79' lang='lat' dir='ltr'><strong>computatur</strong></span> <span class='ocrx_word' id='word_1_1100' title='bbox 2600 5166 2806 5228; x_wconf 66' lang='lat' dir='ltr'><strong>praemii</strong></span> <span class='ocrx_word' id='word_1_1101' title='bbox 2832 5166 3070 5229; x_wconf 74' lang='lat' dir='ltr'><strong>resurgit,</strong></span> <span class='ocrx_word' id='word_1_1102' title='bbox 3103 5166 3204 5227; x_wconf 77' lang='lat' dir='ltr'><strong>ipsi</strong></span> <span class='ocrx_word' id='word_1_1103' title='bbox 3226 5166 3449 5229; x_wconf 77' lang='lat' dir='ltr'><strong>quicum</strong></span> <span class='ocrx_word' id='word_1_1104' title='bbox 3478 5166 3705 5228; x_wconf 83' lang='lat' dir='ltr'><strong>quodam</strong></span> <span class='ocrx_word' id='word_1_1105' title='bbox 3726 5169 3911 5229; x_wconf 79' lang='lat' dir='ltr'><strong>judicio</strong></span> 
     </span>
    </p>
   </div>
   <div class='ocr_carea' id='block_1_149' title="bbox 2258 5227 3911 5292">
    <p class='ocr_par' dir='ltr' id='par_1_149' title="bbox 2258 5227 3911 5292">
     <span class='ocr_line' id='line_1_151' title="bbox 2258 5227 3911 5292; baseline 0.001 -16"><span class='ocrx_word' id='word_1_1106' title='bbox 2258 5228 2491 5292; x_wconf 80' lang='lat' dir='ltr'><strong>naturali</strong></span> <span class='ocrx_word' id='word_1_1107' title='bbox 2523 5227 2677 5292; x_wconf 73' lang='lat' dir='ltr'><strong>bonos</strong></span> <span class='ocrx_word' id='word_1_1108' title='bbox 2708 5233 2752 5276; x_wconf 87' lang='lat' dir='ltr'><strong>et</strong></span> <span class='ocrx_word' id='word_1_1109' title='bbox 2783 5227 2945 5276; x_wconf 81' lang='lat' dir='ltr'><strong>malos</strong></span> <span class='ocrx_word' id='word_1_1110' title='bbox 2972 5227 3077 5276; x_wconf 82' lang='lat' dir='ltr'><strong>non</strong></span> <span class='ocrx_word' id='word_1_1111' title='bbox 3099 5227 3342 5292; x_wconf 40' lang='lat' dir='ltr'><strong>ﬁeri,‘sed</strong></span> <span class='ocrx_word' id='word_1_1112' title='bbox 3364 5227 3599 5292; x_wconf 70' lang='lat' dir='ltr'><strong>asserunt</strong></span> <span class='ocrx_word' id='word_1_1113' title='bbox 3631 5227 3795 5285; x_wconf 66' lang='lat' dir='ltr'><strong>nasci,</strong></span> <span class='ocrx_word' id='word_1_1114' title='bbox 3814 5245 3911 5292; x_wconf 78' lang='lat' dir='ltr'><strong>pec-</strong></span> 
     </span>
    </p>
   </div>
   <div class='ocr_carea' id='block_1_150' title="bbox 2257 5290 3908 5352">
    <p class='ocr_par' dir='ltr' id='par_1_150' title="bbox 2257 5290 3908 5352">
     <span class='ocr_line' id='line_1_152' title="bbox 2257 5290 3908 5352; baseline 0.001 -14"><span class='ocrx_word' id='word_1_1115' title='bbox 2257 5291 2488 5339; x_wconf 80' lang='lat' dir='ltr'><strong>cantibus</strong></span> <span class='ocrx_word' id='word_1_1116' title='bbox 2523 5290 2833 5347; x_wconf 86' lang='lat' dir='ltr'><strong>retribuunt,</strong></span> <span class='ocrx_word' id='word_1_1117' title='bbox 2864 5305 2952 5338; x_wconf 85' lang='lat' dir='ltr'><strong>nec</strong></span> <span class='ocrx_word' id='word_1_1118' title='bbox 2976 5292 3249 5351; x_wconf 82' lang='lat' dir='ltr'><strong>patiuntur</strong></span> <span class='ocrx_word' id='word_1_1119' title='bbox 3280 5291 3447 5338; x_wconf 84' lang='lat' dir='ltr'><strong>inulta</strong></span> <span class='ocrx_word' id='word_1_1120' title='bbox 3476 5304 3577 5338; x_wconf 75' lang='lat' dir='ltr'><strong>esse</strong></span> <span class='ocrx_word' id='word_1_1121' title='bbox 3607 5290 3832 5352; x_wconf 44' lang='lat' dir='ltr'><strong>peccata:</strong></span> <span class='ocrx_word' id='word_1_1122' title='bbox 3860 5317 3908 5327; x_wconf 84' lang='lat'><strong>-</strong></span> 
     </span>
    </p>
   </div>
   <div class='ocr_carea' id='block_1_151' title="bbox 2259 5352 3910 5417">
    <p class='ocr_par' dir='ltr' id='par_1_151' title="bbox 2259 5352 3910 5417">
     <span class='ocr_line' id='line_1_153' title="bbox 2259 5352 3910 5417; baseline 0 -16"><span class='ocrx_word' id='word_1_1123' title='bbox 2259 5352 2403 5403; x_wconf 87' lang='lat' dir='ltr'><strong>Hanc</strong></span> <span class='ocrx_word' id='word_1_1124' title='bbox 2437 5353 2718 5417; x_wconf 76' lang='lat' dir='ltr'><strong>lectionem</strong></span> <span class='ocrx_word' id='word_1_1125' title='bbox 2744 5354 2975 5417; x_wconf 86' lang='lat' dir='ltr'><strong>admittit</strong></span> <span class='ocrx_word' id='word_1_1126' title='bbox 3004 5353 3182 5407; x_wconf 90' lang='lat' dir='ltr'><strong>Morel,</strong></span> <span class='ocrx_word' id='word_1_1127' title='bbox 3216 5356 3267 5401; x_wconf 91' lang='lat' dir='ltr'><strong>et</strong></span> <span class='ocrx_word' id='word_1_1128' title='bbox 3291 5355 3364 5400; x_wconf 92' lang='lat' dir='ltr'><strong>sic</strong></span> <span class='ocrx_word' id='word_1_1129' title='bbox 3386 5354 3910 5417; x_wconf 77' lang='lat' dir='ltr'><strong>corrigendamjudi-</strong></span> 
     </span>
    </p>
   </div>
   <div class='ocr_carea' id='block_1_152' title="bbox 2256 5415 3907 5478">
    <p class='ocr_par' dir='ltr' id='par_1_152' title="bbox 2256 5415 3907 5478">
     <span class='ocr_line' id='line_1_154' title="bbox 2256 5415 3907 5478; baseline -0.002 -13"><span class='ocrx_word' id='word_1_1130' title='bbox 2256 5420 2337 5466; x_wconf 85' lang='lat' dir='ltr'><strong>cat</strong></span> <span class='ocrx_word' id='word_1_1131' title='bbox 2365 5431 2374 5463; x_wconf 94' lang='lat'>:</span> <span class='ocrx_word' id='word_1_1132' title='bbox 2408 5430 2522 5478; x_wconf 89' lang='lat' dir='ltr'><strong>pro,</strong></span> <span class='ocrx_word' id='word_1_1133' title='bbox 2559 5415 2624 5463; x_wconf 85' lang='lat' dir='ltr'><strong>Et</strong></span> <span class='ocrx_word' id='word_1_1134' title='bbox 2682 5417 2803 5477; x_wconf 82' lang='lat' dir='ltr'><strong>quia</strong></span> <span class='ocrx_word' id='word_1_1135' title='bbox 2837 5416 3027 5463; x_wconf 76' lang='lat' dir='ltr'><strong>veritas</strong></span> <span class='ocrx_word' id='word_1_1136' title='bbox 3077 5418 3401 5475; x_wconf 85' lang='lat' dir='ltr'><strong>computatur</strong></span> <span class='ocrx_word' id='word_1_1137' title='bbox 3431 5416 3641 5476; x_wconf 71' lang='lat' dir='ltr'><strong>prwmii</strong></span> <span class='ocrx_word' id='word_1_1138' title='bbox 3669 5415 3907 5478; x_wconf 70' lang='lat' dir='ltr'><strong>resurgit,</strong></span> 
     </span>
    </p>
   </div>
   <div class='ocr_carea' id='block_1_153' title="bbox 2255 5478 3907 5540">
    <p class='ocr_par' dir='ltr' id='par_1_153' title="bbox 2255 5478 3907 5540">
     <span class='ocr_line' id='line_1_155' title="bbox 2255 5478 3907 5540; baseline -0.001 -14"><span class='ocrx_word' id='word_1_1139' title='bbox 2255 5479 2542 5538; x_wconf 80' lang='lat' dir='ltr'><strong>legendum</strong></span> <span class='ocrx_word' id='word_1_1140' title='bbox 2561 5481 2641 5525; x_wconf 85' lang='lat' dir='ltr'><strong>est</strong></span> <span class='ocrx_word' id='word_1_1141' title='bbox 2664 5478 2759 5526; x_wconf 81' lang='lat' dir='ltr'><strong>:Et</strong></span> <span class='ocrx_word' id='word_1_1142' title='bbox 2778 5480 2898 5540; x_wconf 87' lang='lat' dir='ltr'><strong>quia</strong></span> <span class='ocrx_word' id='word_1_1143' title='bbox 2915 5478 3104 5526; x_wconf 70' lang='lat' dir='ltr'><strong>verita:</strong></span> <span class='ocrx_word' id='word_1_1144' title='bbox 3115 5493 3225 5525; x_wconf 84' lang='lat' dir='ltr'><strong>cum</strong></span> <span class='ocrx_word' id='word_1_1145' title='bbox 3241 5479 3653 5538; x_wconf 80' lang='lat' dir='ltr'><strong>putaturpremi,</strong></span> <span class='ocrx_word' id='word_1_1146' title='bbox 3670 5481 3907 5539; x_wconf 62' lang='lat' dir='ltr'><strong>resurgit.</strong></span> 
     </span>
    </p>
   </div>
   <div class='ocr_carea' id='block_1_154' title="bbox 2254 5540 3907 5595">
    <p class='ocr_par' dir='ltr' id='par_1_154' title="bbox 2254 5540 3907 5595">
     <span class='ocr_line' id='line_1_156' title="bbox 2254 5540 3907 5595; baseline -0.001 -6"><span class='ocrx_word' id='word_1_1147' title='bbox 2254 5541 2419 5589; x_wconf 87' lang='lat' dir='ltr'><strong>Nemo</strong></span> <span class='ocrx_word' id='word_1_1148' title='bbox 2447 5541 2665 5590; x_wconf 85' lang='lat' dir='ltr'><strong>inticiari</strong></span> <span class='ocrx_word' id='word_1_1149' title='bbox 2687 5540 2882 5590; x_wconf 84' lang='lat' dir='ltr'><strong>audeat</strong></span> <span class='ocrx_word' id='word_1_1150' title='bbox 2905 5540 3287 5589; x_wconf 90' lang='lat' dir='ltr'><strong>correctionem</strong></span> <span class='ocrx_word' id='word_1_1151' title='bbox 3312 5540 3470 5588; x_wconf 87' lang='lat' dir='ltr'><strong>istam</strong></span> <span class='ocrx_word' id='word_1_1152' title='bbox 3493 5554 3609 5589; x_wconf 89' lang='lat' dir='ltr'><strong>esse</strong></span> <span class='ocrx_word' id='word_1_1153' title='bbox 3640 5543 3845 5595; x_wconf 85' lang='lat' dir='ltr'><strong>sensui,</strong></span> <span class='ocrx_word' id='word_1_1154' title='bbox 3868 5542 3907 5589; x_wconf 84' lang='lat' dir='ltr'><strong>si</strong></span> 
     </span>
    </p>
   </div>
   <div class='ocr_carea' id='block_1_155' title="bbox 2252 5601 3904 5663">
    <p class='ocr_par' dir='ltr' id='par_1_155' title="bbox 2252 5601 3904 5663">
     <span class='ocr_line' id='line_1_157' title="bbox 2252 5601 3904 5663; baseline -0.002 -11"><span class='ocrx_word' id='word_1_1155' title='bbox 2252 5616 2360 5652; x_wconf 90' lang='lat' dir='ltr'><strong>non</strong></span> <span class='ocrx_word' id='word_1_1156' title='bbox 2390 5603 2643 5663; x_wconf 85' lang='lat' dir='ltr'><strong>genuino.</strong></span> <span class='ocrx_word' id='word_1_1157' title='bbox 2658 5607 2711 5652; x_wconf 89' lang='lat' dir='ltr'><strong>at</strong></span> <span class='ocrx_word' id='word_1_1158' title='bbox 2724 5602 2913 5652; x_wconf 88' lang='lat' dir='ltr'><strong>saltem</strong></span> <span class='ocrx_word' id='word_1_1159' title='bbox 2936 5602 3163 5651; x_wconf 87' lang='lat' dir='ltr'><strong>naturali</strong></span> <span class='ocrx_word' id='word_1_1160' title='bbox 3178 5601 3817 5653; x_wconf 87' lang='lat' dir='ltr'><strong>accommodatissimam.</strong></span> <span class='ocrx_word' id='word_1_1161' title='bbox 3839 5604 3904 5651; x_wconf 73' lang='grc' dir='ltr'><strong>Μ.</strong></span> 
     </span>
    </p>
   </div>
   <div class='ocr_carea' id='block_1_156' title="bbox 2314 5664 3843 5729">
    <p class='ocr_par' dir='ltr' id='par_1_156' title="bbox 2314 5664 3843 5729">
     <span class='ocr_line' id='line_1_158' title="bbox 2314 5664 3843 5729; baseline 0 -16"><span class='ocrx_word' id='word_1_1162' title='bbox 2314 5666 2330 5694; x_wconf 84' lang='grc'>²</span> <span class='ocrx_word' id='word_1_1163' title='bbox 2361 5665 2437 5714; x_wconf 87' lang='lat' dir='ltr'><strong>Ita</strong></span> <span class='ocrx_word' id='word_1_1164' title='bbox 2469 5666 2568 5713; x_wconf 89' lang='lat' dir='ltr'><strong>Ms.</strong></span> <span class='ocrx_word' id='word_1_1165' title='bbox 2606 5664 2960 5716; x_wconf 89' lang='lat' dir='ltr'><strong>Colbertinus.</strong></span> <span class='ocrx_word' id='word_1_1166' title='bbox 2998 5666 3064 5715; x_wconf 77' lang='lat' dir='ltr'><strong>At</strong></span> <span class='ocrx_word' id='word_1_1167' title='bbox 3086 5664 3231 5723; x_wconf 86' lang='lat' dir='ltr'><strong>editi,</strong></span> <span class='ocrx_word' id='word_1_1168' title='bbox 3256 5665 3389 5714; x_wconf 82' lang='lat' dir='ltr'><strong>nihil</strong></span> <span class='ocrx_word' id='word_1_1169' title='bbox 3421 5665 3679 5727; x_wconf 70' lang='lat' dir='ltr'><strong>prodesset</strong></span> <span class='ocrx_word' id='word_1_1170' title='bbox 3712 5667 3843 5729; x_wconf 82' lang='lat' dir='ltr'><strong>fato.</strong></span> 
     </span>
    </p>
   </div>
  </div>
