4158 6204
243 218 383 276 2361

246 343 469 416 dantur
498 344 597 416 qui
648 359 769 399 non
802 346 1035 416 sponte,
1066 339 1186 416 sed
1201 339 1335 416 fatis
1383 342 1703 416 agentibus
1738 343 1897 399 mala

248 413 565 471 fecerunt?
581 416 665 469 Ad
683 416 797 469 hoc
820 414 914 467 lex
945 413 1312 479 contradicit,
1342 415 1485 484 quia
1508 415 1625 469 fata
1653 417 1896 486 propria

246 488 619 557 professione
644 486 994 540 damnanda
1014 491 1170 557 sunt.
1206 488 1330 539 Non
1362 488 1519 540 enim
1548 492 1769 555 negant
1795 503 1896 541 eos

243 556 349 628 qui
376 557 513 612 mali
536 563 691 624 sunt,
725 557 825 611 fati
851 571 977 610 esse
1008 556 1171 625 quod
1199 558 1337 628 mali
1372 564 1531 610 sunt.
1560 558 1675 612 Lex
1694 563 1895 613 autem

243 626 437 709 iisque
460 628 610 682 adeo
638 628 891 709 adversa
921 634 1010 681 est
1040 628 1185 698 ipsis
1220 626 1377 709 fatis,
1410 635 1469 709 ut
1501 634 1675 709 neget
1708 630 1895 683 malos

245 698 351 754 fati
385 715 512 753 esse
542 699 707 770 quod
750 698 888 753 mali
942 707 1099 763 sunt,
1136 699 1239 752 sed
1271 700 1591 753 voluntatis
1617 701 1851 754 illorum
1881 720 1893 756 :

246 770 650 842 quamobrem
698 770 827 824 illos
855 770 1180 840 puniendos
1225 771 1326 824 rite
1355 772 1716 826 constituit‘.
1747 772 1893 826 Nihil

245 841 390 911 ergo
412 841 524 911 legi
547 847 602 895 et
633 841 777 913 fatis
812 856 1132 895 commune
1163 845 1269 905 est,
1303 841 1549 913 quando
1574 858 1607 896 a
1638 842 1764 909 lege
1796 859 1899 897 ne-

247 913 598 984 gaturquod
627 930 662 966 a
684 912 1143 984 fatisiasseritur.
1161 914 1286 976 Qua
1314 920 1510 968 autem
1532 914 1756 969 ratione
1776 914 1895 969 nati

248 983 539 1046 dicentur,
571 986 673 1054 qui
701 983 1150 1038 mathematicos
1179 985 1321 1039 urbe
1372 988 1556 1039 Roma
1587 985 1899 1055 prohibue-

248 1062 389 1109 runt
416 1055 444 1109 ?
470 1055 634 1125 quod
666 1055 769 1109 diu
799 1060 1097 1109 servatum
1131 1071 1249 1108 non
1284 1056 1609 1124 ignoratur,
1641 1062 1696 1111 et
1744 1062 1898 1111 certe

246 1127 470 1197 pagani
499 1125 754 1199 fuerunt.
785 1126 1100 1199 Quomodo
1122 1126 1242 1181 fato
1260 1127 1409 1199 ﬁuni
1431 1144 1566 1199 quae
1592 1134 1797 1183 contra
1819 1129 1901 1183 fa-

251 1206 377 1251 tum
411 1197 594 1251 sunt?
620 1197 734 1252 Sed
764 1200 810 1250 si
869 1202 958 1251 est
985 1197 1194 1261 fatum,
1233 1214 1352 1252 non
1384 1197 1524 1252 facit
1579 1204 1785 1255 contra
1815 1215 1896 1254 se.

248 1270 347 1339 Isti
375 1284 495 1323 non
519 1268 739 1322 habent
763 1267 974 1339 fatum,
996 1269 1098 1339 qui
1126 1268 1346 1323 faciunt
1366 1276 1573 1323 contra
1596 1270 1815 1335 fatum;
1845 1276 1899 1325 et

250 1340 299 1393 si
329 1338 387 1393 hi
418 1355 537 1394 non
570 1339 791 1394 habent
820 1338 1166 1403 fatum,non
1193 1345 1280 1394 est
1310 1340 1521 1395 fatum.
1548 1341 1658 1395 Sed
1688 1347 1792 1406 est,
1817 1344 1899 1396 in-

246 1411 483 1480 quiunt,
520 1410 1055 1482 fatumunicuique
1088 1418 1380 1481 praestans
1412 1428 1533 1482 qua
1566 1421 1749 1467 morte
1779 1429 1903 1467 mo-

247 1482 450 1536 riatur.
484 1482 655 1545 Quod
686 1480 734 1534 si
762 1481 843 1535 ita
872 1480 978 1545 est,
1007 1498 1126 1535 non
1168 1489 1255 1536 est
1301 1480 1676 1538 accusandus
1706 1484 1901 1538 homi-

247 1552 586 1626 cida._Nam
636 1557 690 1607 et
719 1551 939 1626 duplici
975 1567 1188 1626 genere
1220 1569 1280 1607 se
1311 1553 1590 1626 defendet
1623 1556 1802 1626 ;quia
1845 1562 1900 1610 et

248 1622 382 1693 ipse
412 1624 548 1677 fatis
576 1622 892 1690 agentibus
915 1622 1026 1677 hoc
1049 1623 1202 1688 fecit,
1235 1628 1291 1679 et
1314 1624 1405 1678 ille
1432 1622 1747 1693 agentibus
1765 1626 1899 1680 fatis

248 1696 484 1769 occisus
505 1700 608 1769 est.
638 1694 753 1769 sed
784 1693 1219 1769 interAhzecnlex
1247 1695 1702 1769 pulsatumquia
1736 1700 1901 1769 punit

244 1764 520 1819 oblatum
540 1765 1127 1837 homicidani.Simili
1149 1764 1391 1837 quoque
1426 1764 1604 1822 modo
1636 1764 1901 1823 nascitur

246 1837 352 1916 qui
380 1836 732 1916 adulter-‘sit,
762 1842 975 1916 etquae
1004 1836 1385 1916 adultera,’et
1415 1839 1509 1916 cui
1540 1840 1639 1894 fiat
1669 1840 1898 1916 adulte-

245 1905 429 1979 rium.
460 1905 630 1972 Quod
663 1909 709 1960 si
741 1913 795 1960 et
822 1906 935 1962 hoc
968 1907 1053 1979 sic
1084 1924 1144 1962 se
1172 1910 1393 1979 habet;
1419 1909 1596 1964 etiam
1630 1927 1787 1965 nunc
1808 1911 1900 1966 lex

247 1978 533 2050 tangitur,
558 1992 691 2050 quae
722 1980 891 2048 punit
920 1978 1222 2050 adulteros
1243 1997 1255 2033 :
1275 1978 1430 2050 quod
1454 1982 1501 2035 si
1528 1997 1661 2035 vere
1689 1982 1791 2036 fati
1811 2000 1904 2036 es-

247 2056 354 2112 set,
385 2049 561 2122 etiam
581 2048 677 2122 ille
695 2049 1032 2122 puniendus
1060 2057 1203 2115 eral,
1229 2048 1329 2122 qui
1360 2052 1469 2106 tale
1489 2052 1668 2107 habet
1689 2052 1897 2118 fatum,

248 2126 312 2194 ut
343 2120 697 2194 adulterium
722 2121 994 2194 patiatur.
1023 2122 1084 2194 Et
1101 2122 1225 2194 ipse
1242 2120 1398 2177 cnim
1421 2125 1718 2194 particeps
1743 2126 1901 2179 inve-

246 2192 424 2262 nitur,
456 2192 599 2262 quia
630 2191 817 2245 fatum
842 2191 971 2261 ejus
994 2191 1233 2248 admisit
1259 2199 1322 2248 ut
1344 2191 1902 2251 ﬁei'etadulterium.

246 2261 506 2333 IEquum
529 2277 671 2329 ergo
692 2268 817 2317 erat
834 2271 892 2316 ut
910 2264 1200 2318 autsimul
1220 2265 1784 2330 condemnarentur,
1801 2272 1904 2322 aut

245 2333 421 2405 simul
449 2333 916 2405 absolverentur.
946 2338 1096 2389 Inter
1132 2336 1260 2391 haec
1286 2337 1509 2405 injusta
1534 2337 1624 2392 lex
1653 2339 1899 2393 videtur.

247 2404 390 2458 Ideo
421 2406 467 2458 si
482 2420 528 2478 Aa
565 2406 680 2458 Deo
708 2410 846 2459 sunt
878 2404 1016 2478 fata,
1045 2406 1134 2461 lex
1171 2423 1289 2462 non
1318 2408 1425 2462 erit
1454 2409 1553 2462 Dei
1580 2425 1593 2473 ;
1619 2411 1761 2478 quia
1790 2410 1900 2463 hoc

248 2491 372 2530 non
407 2476 613 2548 solum
638 2478 772 2548 Deo,
803 2476 907 2548 sed
925 2492 1032 2530 nec
1054 2478 1330 2548 prudenti
1358 2476 1708 2534 convenit—id
1734 2480 1902 2534 dam-

245 2562 392 2621 nare
414 2547 575 2618 quod
592 2546 743 2601 fecit.
772 2546 880 2621 Sed
897 2546 1187 2621 quoniam
1211 2566 1388 2604 nemo
1411 2567 1676 2621 unquam
1696 2557 1901 2605 contra

247 2618 443 2690 legem
472 2634 655 2690 ausus
676 2623 763 2672 est
785 2618 999 2683 dicere,
1020 2620 1105 2673 vel
1135 2636 1170 2673 a
1192 2620 1312 2675 Deo
1336 2622 1491 2675 hanc
1514 2618 1641 2675 esse
1660 2638 1898 2690 negare,

244 2689 434 2763 fataa
470 2693 593 2763 l)eo_
615 2689 728 2742 dici
760 2704 887 2763 esse
920 2705 1039 2763 non
1082 2696 1377 2761 poterunt,
1411 2693 1555 2763 quia
1589 2694 1699 2747 ista
1745 2689 1900 2747 Deus

245 2759 802 2835 punit_per__legem._
829 2759 1262 2835 Quando'enim
1296 2759 1620 2835 dam—natur
1649 2764 1812 2835 quod
1837 2764 1901 2818 tit

243 2831 686 2900 impellentibus
706 2832 860 2895 fatis,
887 2833 1013 2886 sine
1032 2833 1217 2888 dubio
1238 2834 1356 2888 fata
1377 2831 1764 2890 damnant-ur.
1788 2835 1901 2891 Sed

242 2917 481 2965 animae,
506 2903 692 2966 aiunt,
729 2902 903 2957 malas
935 2904 1009 2957 ad
1034 2904 1147 2958 hoc
1182 2912 1512 2959 nascuntur
1538 2912 1595 2959 ut
1624 2906 1776 2960 male
1808 2906 1898 2960 fa—

240 2972 424 3028 ciant.
462 2976 613 3028 Esto.
650 2974 767 3028 Sed
801 2989 921 3029 non
952 2974 1240 3029 deberent
1271 2975 1442 3030 malae
1469 2975 1588 3031 fato
1618 2978 1804 3041 nasci,
1842 2981 1901 3031 ut

244 3046 589 3099 innocentes
613 3045 689 3099 ab
710 3045 799 3099 his
819 3052 1061 3116 possent
1090 3046 1301 3101 occidi.
1328 3047 1380 3101 Si
1400 3046 1558 3101 enim
1590 3047 1704 3101 illae
1728 3048 1899 3103 malm

240 3116 460 3189 animm
491 3120 707 3189 essent,
743 3118 907 3171 nasci
938 3132 1058 3171 non
1086 3117 1410 3189 deberent,
1440 3119 1542 3171 sed
1576 3118 1793 3189 puniri,
1828 3134 1900 3173 ne

241 3188 1095 3259 occiderentinnocentes.Sed
1122 3204 1241 3243 non
1271 3189 1512 3252 animae,
1530 3188 1685 3259 quas
1712 3188 1901 3244 malas

238 3257 495 3327 ﬁngunt,
531 3258 872 3331 innocentes
901 3260 1220 3327 occidunt;
1247 3261 1348 3315 sed
1385 3260 1525 3325 fata,
1551 3257 1687 3331 quae
1711 3262 1795 3315 sic
1818 3259 1898 3315 fa-

240 3331 407 3402 ciunt
433 3331 596 3385 nasci
619 3330 912 3394 homines,
938 3337 997 3385 ut
1023 3332 1388 3386 occidantur.
1413 3332 1492 3385 Ac
1516 3330 1615 3402 per
1640 3333 1755 3387 hoc
1779 3347 1898 3387 non

239 3401 481 3473 animus.
515 3401 619 3455 sed
653 3402 861 3471 iniqua
892 3408 1030 3456 sunt
1060 3402 1182 3457 fata
1225 3422 1237 3467 ;
1270 3408 1327 3457 et
1356 3403 1403 3456 si
1436 3401 1643 3473 iniqua
1675 3409 1829 3466 sunt,
1865 3420 1901 3458 a

245 3472 365 3525 Deo
388 3486 510 3526 non
534 3478 707 3526 sunt:
737 3488 877 3540 ergo
903 3489 938 3527 a
964 3473 1205 3529 diabolo
1234 3480 1373 3529 sunt
1397 3490 1410 3539 ;
1434 3480 1490 3529 et
1517 3472 1561 3527 si
1586 3490 1621 3529 a
1652 3474 1896 3529 diabolo

243 3548 409 3617 sunt,
442 3543 999 3617 simuldamnanda
1031 3552 1168 3599 sunt
1201 3561 1337 3600 cum
1370 3545 1495 3600 illo.
1530 3548 1590 3601 Et
1616 3548 1901 3617 quoniam

242 3613 584 3687 discernere
613 3614 892 3687 dicuntur
920 3617 1189 3686 singulis,
1212 3617 1518 3687 quomodo
1549 3613 1901 3681 moriantur,

245 3689 355 3757 aut
374 3685 550 3757 ferro,
575 3685 929 3757 autlaqueo,
954 3685 1056 3741 ant
1080 3685 1419 3757 praecipitio.
1449 3694 1549 3743 aut
1568 3690 1900 3755 naufragio,

245 3705 355 3739 aut
374 3705 550 3751 terro,
575 3705 929 3757 auuaqueo,
954 3705 1056 3741 ant
1124 3705 1419 3757 raecipiuo.
1449 3705 1549 3743 aut
1568 3705 1900 3755 nauli-aglo,

242 3754 337 3810 vel
361 3756 767 3828 aliter,multis
786 3758 977 3812 modis
990 3705 1200 3812 safem
1219 3765 1518 3828 priestant.
1542 3763 1723 3814 Nemo
1741 3760 1900 3814 enim

242 3832 445 3901 potest
476 3826 639 3881 solus
674 3828 751 3901 ab
783 3828 1055 3901 omnium
1094 3826 1231 3885 fatis
1256 3830 1619 3901 discrepare.
1652 3832 1821 3894 Quod
1858 3833 1905 3885 si

244 3898 385 3967 quis
408 3899 865 3954 inventusfuerit
892 3900 1253 3971 discrepare,
1270 3901 1394 3971 jam
1422 3898 1771 3966 nonestfati,
1795 3902 1900 3956 sed

246 3977 517 4026 eventus.
548 3972 609 4022 Et
639 3971 685 4024 si
713 3970 769 4023 in
800 3971 973 4025 unius
1006 3970 1191 4026 mOrte
1224 3970 1468 4027 eventus
1496 3980 1599 4036 est,
1631 3977 1815 4027 eritet
1841 3973 1900 4027 in

247 4039 611 4113 multorum;
644 4046 699 4095 et
726 4041 851 4113 jam
883 4058 999 4096 non
1034 4044 1144 4098 erit
1167 4043 1287 4098 fati.
1322 4046 1710 4112 Anaxagoras
1736 4045 1792 4099 in
1818 4046 1899 4113 pi-

248 4112 376 4168 lam
398 4112 892 4186 conjectusjussu
917 4115 1069 4186 regis
1090 4118 1380 4169 contusus
1401 4115 1707 4185 expiravit,
1737 4112 1899 4186 quod

250 4199 372 4257 non
399 4182 643 4257 contigit
667 4183 765 4237 ulli
785 4185 1119 4257 hominum.
1146 4186 1442 4241 EtSisarte
1470 4182 1593 4251 regi
1621 4182 1902 4257 Allophy-

245 4253 443 4326 lorum
478 4254 906 4326 mulierpalum
934 4256 991 4310 in
1016 4263 1287 4326 tempora
1302 4257 1445 4322 ﬁxit,
1467 4264 1521 4311 et
1543 4258 1624 4312 ita
1643 4253 1901 4312 reddidit

248 4325 522 4395 spiritum
556 4325 758 4396 (Judic.
814 4343 891 4391 ιν,
922 4328 1031 4396 21).
1071 4331 1186 4382 Hoc
1215 4329 1394 4383 modo
1416 4345 1593 4382 nemo
1620 4336 1710 4383 est
1742 4345 1902 4383 mor-

248 4398 502 4469 tuusnEt
523 4402 696 4469 antea
717 4399 874 4469 cruci
895 4399 1167 4453 homines
1194 4400 1551 4465 figebantur,
1580 4399 1742 4469 quod
1766 4416 1898 4467 pos-

246 4474 342 4541 t_ea
357 4466 550 4541 edicto
569 4467 934 4541 prohibitum
966 4475 1186 4525 manet.
1208 4472 1267 4525 Si
1300 4471 1398 4525 fati
1420 4478 1567 4533 erat,
1596 4466 1899 4541 quomodo

242 4537 458 4611 desiit?
479 4539 734 4611 Quando
756 4540 914 4594 enim
938 4541 1101 4611 quod
1120 4541 1218 4596 fati
1240 4537 1691 4611 estprohibet'ur
1704 4552 1759 4597 et
1778 4558 1896 4597 non

242 4608 325 4673 fit,
348 4610 599 4663 vincitur
629 4609 836 4664 fatum.
864 4608 1035 4666 Αυῐεὶ
1064 4629 1181 4667 non
1209 4608 1474 4677 erat‘fati,
1501 4629 1618 4668 non
1651 4614 1769 4668 fato
1798 4614 1897 4669 ho-

241 4681 438 4735 mines
463 4680 984 4755 crucitigebantur,
1016 4684 1119 4738 sed
1148 4685 1370 4751 judicio
1397 4685 1566 4755 legis.
1600 4688 1662 4741 Et
1700 4686 1782 4740 ita
1812 4690 1899 4740 est

244 4756 438 4806 utnon
456 4751 575 4806 fato
594 4754 866 4807 homines
880 4755 1250 4823 damnentur,
1276 4755 1377 4810 sed
1395 4751 1505 4810 co—n
1518 4758 1647 4811 victi
1672 4774 1707 4812 a
1728 4756 1896 4811 malis

241 4823 368 4876 suis
390 4823 691 4893 operibus.
710 4826 881 4894 Apud
902 4828 1167 4880 Thuscos
1185 4833 1204 4861 ²
1221 4833 1393 4881 natus
1418 4827 1629 4882 dicitur
1646 4828 1891 4894 quidam

241 4898 365 4969 tam
399 4894 699 4969 formosus
732 4895 899 4959 facie,
934 4913 1118 4967 quam
1146 4914 1323 4953 nemo
1355 4914 1623 4969 unquam
1665 4894 1811 4953 fuit:
1842 4907 1897 4953 et

236 4966 383 5040 quia
412 4966 496 5040 vir
528 4967 722 5040 bonus
745 4971 890 5032 erat,
918 4966 989 5022 ne
1016 4971 1107 5022 cui
1138 4970 1194 5023 in
1219 4966 1619 5040 suspicionem
1647 4971 1891 5035 veniret,

283 5036 382 5089 uia
411 5037 590 5090 etiam
623 5037 1012 5093 honestarum
1042 5036 1357 5095 mulierum
1377 5041 1890 5106 ocul0silliciebat,

262 5106 455 5183 aciem
485 5106 599 5161 sibi
632 5113 856 5183 septem
892 5110 1466 5183 plagisivulneravit,
1495 5118 1553 5166 ut
1575 5113 1895 5183 pulchritu-

232 5177 438 5249 dinem
471 5194 605 5249 quaa
637 5177 717 5233 ab
745 5177 1030 5235 omnibus
1074 5182 1546 5248 desiderabatur,
1576 5177 1895 5239 damnaret

232 5248 447 5317 (Valer.
480 5250 634 5303 Max.
689 5250 783 5304 lib.
812 5252 863 5313 4,
897 5269 1013 5322 cap.
1036 5256 1126 5325 ὅ).
1182 5256 1320 5309 Ecce
1351 5255 1660 5325 quomodo
1689 5256 1736 5309 si
1771 5256 1891 5310 fata

232 5327 395 5384 sunt,
430 5328 708 5390 superata
746 5329 901 5376 sunt.
936 5324 1044 5380 Sed
1072 5324 1217 5378 forte
1245 5324 1493 5388 dicatur,
1522 5327 1758 5380 Naturae
1789 5325 1892 5381 fuit

228 5391 628 5465 utiformosus
676 5401 1018 5449 nasceretur
1053 5412 1065 5459 ;
1099 5395 1195 5450 fati
1250 5413 1409 5459 vero,
1460 5402 1520 5450 ut
1553 5396 1728 5451 facies
1762 5396 1890 5465 ejus

226 5462 661 5518 vulneraretur.
696 5465 865 5529 Quod
899 5468 943 5519 si
974 5467 1051 5521 ita
1070 5472 1176 5530 est,
1200 5467 1326 5534 jam
1359 5483 1477 5521 non
1511 5462 1885 5523 nascitur—fa-

229 5539 380 5594 tum,
406 5535 508 5588 sed
537 5536 815 5590 accidens
837 5553 1023 5591 causa
1047 5543 1155 5593 est.
1187 5541 1243 5591 Et
1265 5540 1309 5592 si
1337 5538 1612 5593 accidens
1636 5545 1744 5601 est,
1769 5554 1884 5595 non

222 5608 334 5660 erit
357 5606 479 5663 fati.
503 5608 604 5660 sed
631 5608 877 5673 consilii,
906 5613 1008 5663 aut
1037 5608 1181 5663 forte
1206 5617 1476 5675 eventus,
1496 5615 1783 5679 quantum
1810 5612 1885 5667 ad

288 5696 302 5725 ¹
341 5694 438 5741 Ms.
482 5694 840 5754 Colbertinus,
878 5710 989 5744 reos
1022 5697 1135 5745 illo:
1170 5697 1267 5745 rite
1302 5697 1589 5752 constituit.

287 5757 306 5787 ²
336 5756 436 5810 Ms.
467 5755 821 5817 Colbertinus,
848 5759 1106 5809 Etruscos.

1761 213 2144 273 APPENDIX.

2002 343 2265 414 reliquas
2288 343 2536 413 pertinet
2553 346 2771 415 partes.
2802 346 2948 401 Nam
2965 344 3111 415 quid
3129 343 3292 400 aliud
3310 347 3397 401 est
3420 346 3654 403 vincere

2002 415 2210 481 fatum,
2231 415 2344 469 nisi
2360 414 2676 489 immutare
2706 414 3023 471 naturam?
3041 417 3204 489 Quod
3220 417 3266 489 si
3282 418 3430 471 adeo
3453 419 3653 489 utique

2001 490 2181 554 esset,
2205 502 2311 541 nec
2334 488 2635 541 immutari
2659 494 2876 557 posset,
2909 504 3014 542 nec
3038 488 3212 542 vinci.
3236 487 3470 556 Legitur
3488 487 3653 545 nam-

2000 573 2117 630 que
2135 563 2378 611 cautum
2396 558 2456 611 in
2478 558 2744 629 quodam
2764 559 2911 627 juris
2934 559 3150 623 libello,
3179 558 3503 630 aliquando
3525 576 3652 614 mu-

2002 628 2203 701 lierem
2225 628 2838 701 quinque’peperisse:
2860 631 3167 700 quomodo
3187 628 3538 701 subreptum
3562 635 3654 685 est

2002 699 2159 762 fatis,
2188 704 2248 752 ut
2282 700 2415 753 huic
2439 701 2545 754 soli
2580 701 2692 755 hoc
2726 707 2937 755 natura
2965 702 3307 766 decreverit,
3336 699 3498 766 quod
3534 717 3653 756 non

2002 775 2128 825 erat
2157 769 2305 842 fati?
2331 770 2501 837 Quod
2534 772 2581 825 si
2612 772 2711 826 fati
2744 773 2965 835 fuisset,
2998 772 3319 842 aliquantae
3353 769 3463 827 hac
3497 778 3654 828 sorte

2002 847 2261 896 oneratae
2281 841 2547 896 fuissent.
2574 846 2790 897 Etcum
2814 843 3059 913 quidam
3085 841 3161 896 ad
3197 846 3499 913 peregrina
3522 844 3653 900 loca

2003 913 2498 983 proficisceretur,
2526 930 2772 969 uxorem
2804 931 2976 969 suam
3004 914 3199 969 amico
3226 930 3405 983 quem
3428 914 3653 970 ﬁdelem

2003 986 2193 1047 sciret,
2209 985 2675 1051 commendavit,
2697 1001 2816 1041 non
2840 987 3038 1056 utique
3058 1000 3259 1056 puero,
3276 985 3383 1039 sed
3411 990 3655 1056 maturas

2004 1056 2211 1127 astatis.
2234 1057 2343 1120 Qui
2379 1062 2440 1110 ut
2468 1056 2807 1125 diligentior
2829 1055 3028 1111 custos
3054 1055 3177 1127 ejus
3199 1062 3373 1119 esset,
3398 1055 3657 1111 abscidit

2006 1143 2069 1181 se
2092 1126 2205 1191 ille,
2234 1135 2291 1180 ut
2323 1143 2459 1182 cum
2491 1145 2560 1182 ea
2584 1128 2708 1182 sine
2732 1126 3094 1198 cujusquam
3129 1127 3463 1197 suspicione
3486 1132 3654 1182 caute

2003 1198 2309 1253 dormiret.
2343 1199 2498 1262 Quid
2542 1206 2839 1269 putamus,
2869 1199 2973 1253 fati
3005 1199 3208 1263 fuisse,
3237 1213 3313 1253 an
3368 1198 3600 1269 consilii
3628 1198 3656 1254 ’ἵ

2008 1269 2117 1324 Sed
2142 1269 2449 1339 quomodo
2482 1268 2583 1323 fati
2617 1271 2785 1325 fuerit
2811 1270 2975 1340 quod
2998 1269 3360 1324 contrarium
3386 1274 3471 1324 est
3490 1268 3519 1321 ‘2
3547 1269 3655 1334 Qui

2005 1340 2354 1394 vincitenim
2375 1341 2535 1412 quod
2554 1349 2761 1412 uatum
2780 1342 2836 1395 in
2853 1358 2920 1395 eo
2936 1346 3041 1404 est,
3056 1341 3149 1395 hic
3166 1340 3653 1395 exinanitfatum.

2006 1414 2067 1464 Et
2100 1412 2156 1464 in
2187 1411 2581 1467 studiis’certe
2616 1411 2866 1468 fatorum
2900 1415 3144 1467 vertitur
3172 1428 3372 1475 causa,
3410 1416 3473 1466 ut
3501 1412 3653 1467 sciat

2005 1482 2139 1552 quis
2159 1481 2404 1553 aliquid,
2427 1488 2528 1538 aut
2546 1500 2661 1537 non
2684 1484 2869 1554 possit
2891 1483 3416 1554 comprehendere.
3435 1483 3655 1538 Omnes

2006 1569 2147 1622 ergo
2164 1560 2467 1608 senatores
2484 1571 2665 1609 unum
2689 1553 2910 1610 habent
2929 1553 3112 1609 fatum
3140 1570 3152 1619 ;
3179 1553 3375 1607 nullus
3394 1554 3549 1607 enim
3569 1569 3656 1608 se-

2009 1632 2278 1679 natorum
2306 1627 2430 1679 sine
2458 1626 2662 1680 litteris
2686 1634 2773 1680 est
2796 1644 2809 1681 ε
2836 1631 2892 1679 et
2915 1630 3121 1694 gentes
3148 1641 3278 1695 quae
3308 1625 3432 1678 sine
3455 1623 3657 1678 litteris

2006 1704 2350 1757 sunt.unum
2366 1697 2881 1761 habent,etomnes
2895 1698 3045 1750 servi
3063 1694 3235 1750 unius
3253 1694 3530 1760 suntfati;
3554 1708 3656 1749 ne-

2011 1783 2108 1821 mo
2122 1768 2279 1821 enim
2296 1783 2599 1822 servorum
2618 1775 2708 1823 est
2741 1784 2976 1822 senaor.
2998 1767 3108 1822 Sed
3127 1768 3174 1820 si
3194 1767 3359 1837 quod
3386 1767 3653 1820 nascitur

2007 1838 2442 1910 diciturfatum,
2475 1839 2767 1910 quidquid
2785 1839 3120 1901 accesserit,
3145 1846 3307 1891 extra
3322 1838 3508 1910 fatum
3526 1837 3656 1891 erit.

2007 1915 2121 1963 Aut
2137 1909 2183 1962 si
2205 1911 2369 1981 quod
2390 1908 2621 1975 accidit,
2639 1908 2707 1965 ex
2730 1910 2851 1964 fato
2871 1910 3250 1981 venit,quare
3266 1924 3369 1979 per
3384 1908 3655 1981 laborem

2009 1981 2201 2034 venit?
2227 1978 2412 2035 'Tunc
2442 1982 2598 2035 enim
2632 1981 2927 2035 diceretur
2957 1978 3161 2047 fati,’si
3192 1978 3372 2033 invito
3425 1978 3656 2033 homini

2008 2052 2283 2106 eveniret.
2320 2053 2489 2116 Quod
2520 2053 2679 2107 enim
2711 2054 2901 2107 evenit
2933 2053 2949 2086 1
2993 2051 3116 2105 sine
3150 2049 3537 2121 providentia,
3571 2048 3659 2105 fa-

2010 2127 2203 2177 torum
2233 2123 2446 2177 dicitur
2475 2144 2486 2181 :
2517 2123 2682 2193 quod
2715 2139 2853 2177 vero
2884 2124 3271 2191 excogitatur,
3297 2126 3352 2176 et
3380 2120 3493 2193 diu
3510 2135 3659 2191 pen-

2010 2200 2192 2256 satur,
2224 2200 2276 2248 et
2300 2192 2588 2249 exercitiis
2624 2195 2832 2250 mediis
2863 2194 3210 2265 acquiritur,
3243 2209 3349 2265 cur
3372 2192 3498 2265 fati
3529 2206 3657 2265 esse

2008 2265 2222 2337 dicitur
2248 2265 2277 2317 ?
2307 2265 2630 2321 Eunuchus
2658 2266 2872 2337 aliquis
2905 2262 3080 2319 natus
3105 2269 3209 2331 est,
3244 2262 3340 2319 alii
3362 2262 3529 2337 ﬁunt,
3557 2262 3657 2316 ubi

2009 2337 2115 2415 erit
2138 2336 2340 2415 fatum
2424 2340 2483 2391 In
2512 2338 2621 2415 iilo_
2641 2334 2952 2415 credoﬁqui
2986 2342 3159 2390 natus
3187 2341 3271 2415 est
3302 2350 3313 2388 :
3347 2335 3452 2414 qui
3483 2334 3654 2415 fiunt,

2009 2407 2153 2478 quid
2169 2408 2488 2462 dicendum
2514 2410 2587 2463 de
2610 2410 2698 2463 his
2712 2408 2838 2463 est?
2858 2407 3167 2462 Diversum
3183 2412 3269 2461 est
3303 2407 3462 2478 enim
3487 2407 3658 2459 nasci

2009 2476 2063 2532 et
2091 2479 2233 2532 ﬁeri.
2269 2481 2379 2533 Aut
2401 2480 2449 2533 si
2482 2481 2537 2534 hi
2557 2480 2676 2535 fato
2708 2480 2843 2534 facti
2866 2478 3123 2535 eunuchi
3151 2482 3307 2544 sunt,
3332 2476 3427 2531 ille
3451 2480 3659 2531 contra

2010 2548 2195 2622 fatum
2227 2555 2401 2604 natus
2423 2558 2510 2606 est
2536 2553 2866 2606 eunuchus.
2886 2554 3141 2622 thuare
3162 2554 3281 2603 tam
3310 2563 3443 2622 i‘aro
3475 2561 3659 2622 eunu-

2010 2620 2156 2673 chus
2188 2622 2468 2687 nascitur,
2519 2628 2580 2676 ut
2621 2618 3282 2676 incredibile-videatur
3307 2618 3335 2673 ‘t
3367 2618 3656 2684 Quadam

2012 2692 2222 2745 mulier
2252 2692 2359 2746 fuit
2391 2693 2450 2746 in
2487 2694 2628 2747 urbe
2662 2696 2867 2759 Roma,
2901 2708 3084 2763 quam
3114 2689 3658 2763 Aconstatundecim

2011 2763 2257 2834 maritos
2278 2762 2563 2817 habuisse
2599 2782 2612 2829 ;
2640 2769 2700 2834 et,
2723 2764 2876 2818 alius
2910 2760 2994 2817 vir
3024 2761 3126 2834 qui
3159 2761 3480 2834 duodecim
3506 2766 3524 2795 ²
3552 2760 3661 2815 ha-

2008 2833 2138 2888 buit
2179 2850 2392 2911 uxores
2430 2850 2633 2911 ;rquaa
2679 2833 2801 2911 fata
2842 2832 3275 2911 suntquaehhis
3307 2832 3658 2911 hmcdecre-

2010 2912 2221 2977 verunt
2247 2907 2274 2962 ἱ)
2298 2910 2442 2961 Nam
2464 2903 2731 2976 tempore
2762 2903 3135 2977 imperatoris
3153 2903 3518 2977 Constantini
3539 2918 3661 2957 ma-

2009 2976 2286 3029 nifestum
2315 2982 2401 3030 est
2431 2975 2689 3046 puellam
2717 2978 2775 3031 in
2816 2975 2984 3047 parte
3011 2976 3352 3046 Campaniae
3384 2975 3659 3047 immuta-

2009 3052 2134 3117 tam
2170 3048 2225 3100 in
2263 3044 2697 3114 masculum,et
2724 3044 2973 3102 Romam
3005 3044 3347 3117 perductam
3371 3062 3531 3117 :quaa
3548 3044 3662 3100 hoc

2010 3116 2129 3171 fata
2161 3116 2422 3171 fecerunt
2451 3118 2478 3172 ?
2512 3118 2637 3172 Alia
2671 3123 2731 3173 ut
2760 3119 2974 3188 opinor
3025 3134 3158 3187 quae
3190 3134 3296 3171 vos
3328 3116 3584 3171 nescitis.
3618 3117 3660 3171 Ο

2009 3189 2055 3242 si
2087 3189 2161 3243 de
2179 3189 2291 3243 hoc
2317 3190 2554 3243 nomine
2586 3191 2874 3252 taceretis,
2904 3194 2959 3242 et
2990 3188 3194 3257 aliqua
3217 3189 3453 3243 eventui
3477 3192 3531 3241 et
3557 3203 3659 3242 ca-

2010 3259 2175 3314 sibus
2202 3261 2592 3325 remitteretis,
2623 3259 2902 3331 quasdam
2952 3260 3337 3331 providentiae
3366 3257 3659 3331 concede-

2007 3331 2145 3386 retis
2176 3332 2187 3385 !
2232 3334 2377 3387 Nam
2428 3327 2658 3386 tantum
2689 3336 2881 3403 potest
2907 3327 3092 3384 virtus
3118 3336 3173 3403 et
3201 3328 3497 3383 industria
3533 3327 3662 3403 anis-

2010 3419 2269 3469 morum,
2297 3409 2359 3457 ut
2393 3418 2513 3458 non
2554 3400 2747 3457 solum
2794 3406 3022 3456 naturae
3064 3400 3317 3464 resistat,
3362 3414 3568 3453 verum
3594 3402 3661 3469 et

2011 3468 2273 3545 seipsam
2308 3477 2701 3529 emendetaut
2726 3472 3087 3545 inemendet,
3120 3471 3263 3541 quia
3282 3470 3471 3545 habet
3501 3468 3661 3538 judi-

2009 3541 2166 3600 ciu'm
2216 3546 2323 3599 sui.
2358 3545 2698 3600 Traduntur
2745 3545 2902 3598 enim
2946 3543 3222 3597 mulieres
3273 3541 3657 3611 Scytharum,

2009 3632 2143 3687 quae
2171 3618 2502 3670 Amazones
2536 3616 2710 3671 dictas
2738 3621 2893 3687 sunt,
2938 3630 3075 3668 cum
3110 3614 3213 3667 viri
3250 3626 3661 3687 earum_occu-

2013 3681 2129 3757 pati
2161 3688 2314 3742 bello
2337 3688 2668 3757 longinquo
2681 3687 2781 3741 diu
2801 3686 3101 3747 abessent,
3128 3689 3367 3755 propter
3385 3681 3658 3737 sobolem

2010 3775 2069 3812 se
2105 3759 2415 3813 miscuisse
2447 3758 2651 3822 servis,
2688 3764 2743 3813 et
2773 3772 3017 3812 omnem
3058 3771 3287 3811 marem
3314 3759 3522 3809 natum
3557 3768 3661 3807 ne-

2009 3831 2239 3907 cavisse
2266 3830 2478 3907 relictis
2494 3829 2749 3895 feminis,
2767 3830 2845 3883 ita
2867 3834 2925 3883 ut
2948 3826 3385 3907 nulla‘laniti‘cio
3409 3840 3658 3907 operam

2008 3901 2193 3979 daret,
2222 3901 2321 3979 sed
2359 3902 2436 3979 ab
2464 3903 2700 3956 ineunte
2726 3906 2905 3979 tetate-
2924 3899 3199 3979 palaestra
3231 3903 3304 3979 _et
3333 3899 3517 3952 armis
3547 3899 3662 3979 im~

2009 3972 2344 4026 buerentur.
2389 3973 2607 4027 Harum
2658 3978 2823 4027 tanta
2856 3968 3039 4026 virtus
3066 3972 3123 4026 in
3164 3969 3344 4025 rebus
3375 3968 3657 4037 gerendis

2011 4043 2133 4120 fuit,
2152 4049 2205 4097 ut
2226 4060 2326 4113 per
2341 4044 2593 4120 multam
2608 4044 2823 4099 seriem
2838 4058 3135 4120 annorum
3150 4047 3491 4111 regnantes,
3506 4054 3659 4120 non-

2009 4114 2201 4190 nullas
2216 4110 2417 4182 gentes
2436 4116 3141 4190 subigerent,_Asiamque
3168 4110 3411 4190 omnem
3432 4110 3543 4165 sub
3559 4110 3655 4190 tri:

2008 4186 2151 4239 buto
2182 4179 2486 4254 ponerent.
2517 4179 2669 4253 Quid
2695 4186 2769 4241 ad
2800 4187 2911 4241 hoc
2932 4179 3274 4255 potéritdici
3302 4183 3330 4237 εἰ
3362 4179 3658 4251 numquid

2006 4257 2133 4312 haec
2164 4256 2262 4311 fati
2293 4258 2543 4319 fuerunt,
2572 4274 2709 4329 ([1183
2732 4273 2836 4328 per
2863 4262 2946 4311 tot
2966 4256 3271 4329 annossic
3304 4258 3469 4329 gesta
3495 4255 3653 4329 sunt,

2007 4334 2069 4383 ut
2099 4330 2300 4383 omnia
2324 4345 2458 4400 quas
2473 4329 2573 4384 fati
2596 4320 2894 4397 putantur
2920 4343 3069 4404 esse,
3094 4323 3468 4404 exinanirent
3543 4322 3658 4376 Pri-

2008 4416 2197 4462 mum,
2233 4397 2515 4473 utcontra
2548 4406 2824 4473 naturam
2858 4397 3132 4473 mulieres
3164 4397 3375 4473 spretis
3408 4397 3659 4473 virisre-

2005 4476 2255 4545 guarent
2284 4488 2296 4534 ;
2323 4471 2540 4525 deinde
2558 4470 2718 4545 quod
2756 4467 3167 4545 servis__mixtae
3201 4472 3340 4545 sunt
3369 4467 3653 4545 propriis;

2006 4534 2192 4606 tertio,
2227 4548 2285 4596 ut
2324 4558 2534 4596 omnes
2577 4534 2696 4595 nati
2728 4538 2974 4595 masculi
3006 4534 3380 4599 necarentur,
3415 4534 3656 4590 feminas

2002 4613 2460 4689 viviﬁcarentur.
2492 4615 2677 4668 Tanta
2705 4627 2807 4689 eas
2833 4610 3196 4689 prosperitas
3224 4606 3559 4689 est‘secula,
3594 4608 3659 4687 ut

2004 4684 2130 4738 sine
2154 4684 2292 4737 viris
2324 4699 2574 4751 regnum
2606 4688 2867 4752 emptum
2891 4681 3127 4750 magnis
3173 4681 3380 4752 copiis,
3417 4681 3657 4747 magnis

2004 4754 2373 4827 temporibus
2398 4751 2820 4827 propagarent.
2845 4751 3009 4827 Certe
3032 4753 3144 4807 hoc
3181 4751 3405 4827 factum
3428 4766 3464 4827 a
3486 4764 3658 4827 cons-

2003 4821 2272 4881 titutione
2306 4821 2530 4881 mu'ndi'
2552 4821 2865 4897 nunquam
2893 4824 3114 4879 factum
3148 4828 3252 4897 est,
3290 4822 3402 4877 nisi
3434 4822 3494 4876 in
3524 4821 3658 4897 S_cy-

2000 4897 2122 4972 thia
2156 4903 2379 4952 tantum
2419 4914 2430 4953 :
2466 4913 2539 4951 ne
2572 4891 2717 4952 forte
2739 4898 3022 4972 dicerent,
3057 4895 3203 4972 quia
3229 4910 3366 4949 cum
3394 4891 3656 4972 mundus

2000 4969 2314 5045 innovatur
2328 4975 2457 5045 post
2471 4984 2663 5024 annos
2677 4967 2841 5045 mille
2855 4967 3655 5045 quadringentossexaginta

1999 5040 2085 5095 sic
2112 5041 2236 5095 tunc
2270 5037 2512 5094 veniunt
2545 5059 2557 5105 ;
2587 5040 2813 5110 quippe
2845 5037 2989 5112 cum,
3017 5038 3277 5112 mundus
3313 5037 3440 5112 jam
3487 5037 3653 5112 sexto

1999 5112 2315 5184 millesimo
2336 5128 2495 5166 anno
2514 5112 2729 5179 agitur,
2745 5110 3037 5184 quamdiu
3054 5109 3503 5184 quodimitatus
3518 5109 3654 5184 quis

2001 5183 2191 5247 fuerit,
2224 5183 2375 5237 facit.
2409 5186 2552 5237 Nam
2583 5180 2825 5237 Crassus
2846 5180 3359 5249 Agelastusdictus
3378 5181 3485 5243 est,
3511 5180 3655 5247 quia

1998 5255 2178 5308 semel
2196 5254 2444 5327 traditur
2460 5254 2516 5327 in
2542 5254 2661 5327 vita
2681 5253 2915 5327 risisse:
2945 5253 3055 5305 Cur
3072 5249 3548 5327 J_u_nius,_Brutus
3567 5249 3655 5327 est

1996 5325 2458 5400 cognominatus
2486 5325 2514 5380 ?
2546 5324 2697 5400 Quia
2718 5324 2920 5391 sagaci
2946 5322 3195 5400 consilio
3218 5319 3463 5400 stultum
3499 5333 3559 5373 se
3583 5319 3653 5372 si-

1999 5395 2266 5470 mulavit,
2293 5412 2382 5470 ine
2411 5412 2445 5451 a
2476 5396 2735 5470 superbo
2776 5410 2911 5463 rege
2951 5398 3204 5470 propter
3234 5395 3506 5470 pecunias
3530 5404 3651 5470 sua;

1997 5466 2474 5529 magnitudinem
2514 5464 2902 5522 occideretur.
2948 5468 3236 5535 Tempore
3282 5464 3649 5535 Constantini

1996 5538 2326 5593 morionem
2356 5555 2416 5593 se
2440 5538 2678 5605 triginta
2708 5537 2885 5593 annis
2902 5537 3070 5592 ﬁnxit
3091 5532 3363 5611 quidam,
3396 5532 3519 5606 ipse
3552 5533 3653 5589 Sa-

2053 5704 2067 5736 ¹
2103 5701 2200 5751 Ms.
2222 5700 2577 5755 Colbertinus,
2616 5700 2867 5751 imminet.

2051 5766 2070 5797 ²
2103 5765 2198 5814 Ms.
2223 5764 2577 5820 Colbertinus,
2614 5764 2867 5813 undecim.
