4158 6204
204 211 353 268 2365

204 334 576 418 destructa‘,
599 336 959 418 regnumibi
978 337 1248 418 ablatum
1271 339 1441 418 queri
1465 354 1591 418 non
1621 346 1847 418 posset.

202 407 491 473 Quamvis
520 410 680 465 enim
704 408 907 463 omnia
937 411 1121 480 possit
1155 407 1325 473 Deus,
1352 412 1497 467 nihil
1532 407 1731 469 tamen
1766 415 1847 469 fa-

203 480 458 556 citquod
480 480 551 533 sit
570 480 1155 556 rationiabsurdum.
1178 484 1475 540 Justitiam
1490 485 1647 540 enim
1662 500 1850 556 quam

200 552 402 627 exigit,
430 555 586 606 hanc
609 560 662 607 et
688 551 849 615 facit,
875 567 996 627 non
1023 569 1400 627 prtesumens
1431 556 1505 611 de
1530 551 1845 627 potestate.

202 621 535 702 Magnaest
554 638 695 692 ergo
728 621 1102 702 providentia
1118 641 1262 702 erga
1285 641 1472 702 genus
1491 621 1846 691 humanum,

206 696 296 764 utj
309 696 569 748 nstitiam
596 709 858 759 servans,
877 696 959 750 sic
981 711 1051 751 ea
1068 711 1204 767 qua:
1220 698 1376 766 juste
1400 699 1639 753 decreta
1660 706 1847 763 erant,

205 771 481 844 solveret,
506 770 575 844 et
587 767 895 823 hominem
922 782 957 821 a
987 774 1170 844 morte
1193 776 1428 844 erueret
1455 790 1470 844 :_
1486 785 1851 844 quanquam

202 851 327 911 non
347 838 644 911 immerito
671 844 978 911 teneretur.
1000 838 1124 911 Sed
1154 841 1296 911 quia
1320 838 1537 896 invidia
1565 838 1849 911 deceptus

204 908 397 962 fuerat
424 909 667 972 diaboli,
684 911 914 980 justum
933 908 1193 965 Iuilhuic
1220 911 1543 967 subveniri.
1574 913 1671 967 Dei
1692 908 1850 967 enim

205 980 502 1052 sententia
522 985 855 1046 tenebatur,
880 980 981 1035 sed
1013 981 1138 1036 haec
1168 990 1450 1052 operatus
1477 984 1664 1039 fuerat
1698 988 1854 1039 sata-

206 1065 336 1106 nas.
365 1051 526 1106 Unde
556 1055 706 1108 sicut
731 1053 965 1123 justum
992 1054 1186 1108 visum
1213 1051 1300 1109 est
1318 1054 1480 1110 hunc
1511 1070 1736 1119 eruere,
1772 1055 1852 1111 ita

206 1123 565 1195 etinjustum
583 1131 705 1179 erat
731 1139 835 1195 per
858 1125 1185 1193 potentiam
1208 1124 1321 1180 hoc
1344 1125 1554 1190 facere,
1586 1126 1854 1195 neglecta

200 1194 451 1265 justitia.
495 1198 691 1251 Victus
729 1194 887 1249 enim
928 1195 1110 1250 homo
1158 1197 1446 1252 suadente
1491 1194 1754 1262 diabolo,
1790 1203 1854 1253 ut

204 1266 679 1322 misericordiam
705 1267 1014 1337 acciperet,
1039 1268 1215 1337 quasi
1242 1272 1554 1323 accusator
1574 1268 1852 1324 diabolus

205 1338 898 1413 contradiceba_t.tUn_de_
922 1338 983 1413 id
1034 1344 1233 1393 actum
1266 1344 1372 1404 est,
1413 1345 1479 1413 ut
1506 1339 1851 1413 isteiquiin

206 1418 453 1479 peccato
476 1410 736 1465 hominis
756 1408 1141 1478 gloriabatur,
1169 1424 1425 1481 peccans
1446 1408 1853 1481 deprehendes

205 1487 386 1544 retur,
442 1489 505 1536 ut
535 1487 676 1536 tunc
718 1480 965 1535 demum
1010 1496 1147 1534 reus
1187 1480 1398 1541 factus.
1446 1480 1852 1537 contradicere

203 1566 329 1606 non
351 1553 618 1608 auderet.
646 1552 738 1607 Sic
764 1551 987 1607 factum
1009 1555 1177 1605 estut
1202 1552 1296 1606 Dei
1327 1553 1499 1607 Filius
1514 1552 1699 1608 homo
1722 1570 1851 1609 nas-

205 1630 458 1688 ceretur,
486 1632 541 1678 et
558 1623 848 1694 justitiam
872 1622 1205 1693 praedicans
1227 1623 1534 1679 diabolum
1565 1626 1847 1690 incitaret,

204 1701 449 1776 propter
464 1694 628 1776 quod
658 1694 932 1776 homines
957 1710 994 1773 _a
1024 1694 1329 1776 vitiis‘ejus
1357 1696 1740 1776 prohiberet_;
1774 1698 1854 1752 ita

206 1770 271 1819 ut
298 1772 355 1821 et
374 1766 678 1822 occideret
698 1782 835 1819 eum
867 1766 969 1836 qui
1002 1771 1314 1835 peccatum
1343 1767 1667 1822 nesciebat.
1691 1770 1851 1823 Tunc

204 1851 510 1910 peccasse,
550 1844 610 1910 et
659 1836 896 1905 gravius
938 1836 1185 1910 quidem
1225 1853 1405 1910 quam
1449 1838 1645 1910 homo
1670 1854 1850 1910 quem

206 1909 556 1970 accusabat,
585 1908 859 1962 inventus
890 1917 994 1961 est.
1017 1908 1163 1962 Cum
1195 1908 1353 1962 enim
1384 1924 1455 1963 ex
1489 1909 1585 1963 Dei
1617 1908 1853 1964 decreto

208 1986 454 2051 propter
484 1984 792 2050 peccatum
830 1976 1145 2052 hominem
1183 1979 1307 2052 sibi
1333 1979 1678 2043 vindicaret,
1710 1981 1853 2052 quia

208 2049 571 2122 qui—peccat,
604 2066 676 2105 ex
706 2053 874 2120 parte
902 2049 1126 2104 diaboli
1145 2056 1235 2104 est
1263 2051 1573 2116 ;inventus
1605 2058 1693 2107 est
1712 2049 1853 2123 plus

209 2137 516 2193 peccasse,
544 2138 681 2176 cum
712 2137 849 2176 eum
879 2123 981 2193 qui
1015 2136 1133 2176 non
1163 2127 1516 2192 peccaverat
1544 2122 1850 2187 interfecit,

211 2199 277 2249 ut
302 2194 413 2248 sibi
437 2198 768 2264 usurparet.
803 2193 904 2247 Per
930 2200 1182 2247 mortem
1209 2207 1352 2262 ergo
1381 2196 1558 2249 morti
1587 2193 1854 2249 interitus

209 2265 567 2320 subintravit
597 2281 611 2329 ;
647 2271 711 2319 ut
736 2265 985 2333 sanguis
1014 2270 1416 2335 recuperatur,
1441 2265 1689 2333 sanguis
1710 2264 1856 2320 eﬁ‘u-

212 2352 315 2409 sus
344 2344 467 2392 est:
492 2337 655 2407 quia,
692 2342 753 2391 ut
782 2335 922 2400 dixi,
972 2336 1175 2409 mortis
1206 2341 1435 2401 auctor,
1471 2337 1575 2409 qui
1605 2342 1691 2409 est
1729 2336 1857 2392 dia-

208 2406 409 2471 bolus,
464 2406 751 2479 quoniam
806 2422 1107 2479 peccasset
1150 2406 1210 2461 in
1268 2413 1458 2462 morte
1492 2406 1854 2464 'Salvatoris

211 2477 501 2533 inventus
518 2485 627 2543 est,
667 2479 1027 2548 sanguinem
1060 2477 1190 2547 ejus
1229 2493 1367 2532 cum
1408 2481 1679 2534 omnium
1721 2494 1852 2533 nos-

212 2556 370 2604 trum
384 2550 613 2605 amisit:
638 2552 781 2619 quia
809 2551 960 2604 sicut
974 2564 1274 2620 perunum
1292 2549 1470 2604 Adam
1488 2558 1853 2620 peccantem,

211 2636 425 2676 omnes
454 2622 513 2675 in
547 2626 734 2676 morte
764 2621 1004 2676 tenebat
1036 2640 1049 2678 :
1080 2619 1161 2674 ita
1189 2636 1292 2691 per
1334 2619 1518 2675 unum
1560 2636 1679 2692 non
1718 2637 1856 2692 pec-

215 2700 450 2747 cantem
508 2707 719 2748 omnes
757 2691 975 2747 amisit.
1028 2693 1174 2758 Ergo
1235 2694 1481 2757 sanguis
1539 2691 1856 2748 Salvatoris

213 2763 384 2818 fusus
418 2764 681 2835 injuste,
730 2763 845 2819 hoc
907 2765 1211 2835 praemium
1266 2767 1287 2797 ²
1339 2769 1693 2835 consecutus
1747 2769 1853 2828 est,

215 2840 280 2890 ut
342 2833 588 2904 originis
642 2851 765 2890 sum
810 2833 1163 2903 sanguinem
1215 2844 1350 2887 cum
1413 2834 1718 2905 triumpho
1772 2850 1857 2890 re-

212 2921 514 2976 cuperans
543 2906 619 2961 ad
647 2907 964 2975 pristinum
984 2909 1204 2959 statum
1226 2911 1531 2976 revocaret
1552 2905 1859 2962 meliorata

211 2974 577 3034 substantia.
617 2974 783 3033 Victa
813 2978 971 3032 enim
999 2990 1177 3041 mors,
1209 2975 1261 3029 ei
1290 2974 1395 3045 qui
1423 2975 1587 3030 illam
1615 2977 1855 3041 vicerat,

210 3064 334 3105 non
379 3050 569 3121 potuit
618 3049 1043 3105 contradicere.
1088 3048 1328 3121 Beatum
1371 3048 1570 3118 itaque
1623 3049 1859 3121 Paschm

210 3117 588 3192 mysterium,
633 3121 799 3193 quod
848 3135 955 3193 per
1008 3118 1360 3193 sanguinem
1419 3117 1529 3173 nOs
1586 3117 1856 3184 redemit,

208 3189 402 3248 morte
425 3207 532 3264 per
553 3189 802 3274 mortem
827 3189 1078 3255 devicta,
1104 3189 1253 3244 sicut
1273 3189 1420 3245 solet
1446 3203 1744 3245 venenum
1767 3206 1855 3247 ve-

214 3278 378 3319 neno
402 3279 693 3335 superari.

832 3350 898 3389 ne
920 3347 1173 3388 ABRAIIAI!
1202 3331 1245 3386 ³.

282 3405 462 3463 CXVII
492 3406 599 3479 (a).
620 3437 690 3446 —
720 3402 1297 3479 tiujusspatriarchte
1320 3401 1468 3457 ﬁdes
1502 3406 1622 3479 tam
1656 3402 1856 3479 praeci-

207 3492 331 3549 pua
362 3482 421 3533 et
444 3474 818 3549 admirabilis
846 3474 975 3541 fuit,
1012 3482 1080 3549 ut
1109 3475 1301 3549 caeteri
1332 3489 1545 3549 omnes
1578 3474 1725 3543 justi
1760 3489 1861 3545 pa-

212 3543 361 3604 trem
397 3550 553 3604 hunc
593 3548 957 3603 credulitatis
988 3547 1084 3602 Dei
1110 3545 1336 3616 judicio
1376 3543 1673 3601 fateantur
1702 3561 1722 3616 ;7
1750 3543 1858 3599 nec

213 3620 287 3691 sit
317 3620 534 3691 aliquis
581 3623 696 3675 Deo
741 3620 965 3685 dignus
1013 3624 1069 3671 et
1114 3615 1351 3691 charus,
1387 3616 1499 3691 nisi
1543 3617 1670 3691 ejus
1700 3615 1858 3691 ﬁlius

215 3690 394 3746 fuerit
422 3687 777 3761 appellatus.
824 3689 1212 3761 Praerogativa
1254 3689 1423 3761 enim
1452 3687 1861 3761 honorisejus

204 3777 276 3817 ac
309 3752 674 3818 meriti'ﬁdes
696 3766 805 3825 est,
833 3752 1178 3833 quam'cum
1207 3757 1385 3833 rebus
1415 3752 1862 3833 incredibilibus

210 3833 360 3888 dare
392 3849 508 3889 non
541 3833 811 3901 ambigit,
844 3830 994 3887 inter
1031 3838 1242 3885 caetera
1272 3830 1448 3885 etiam
1492 3830 1860 3884 Salvatorem

205 3904 412 3959 videre
436 3905 655 3972 dignus
676 3900 893 3959 exstitit
922 3907 979 3957 in
1006 3918 1111 3971 spe
1132 3903 1155 3937 ⁴
1178 3906 1319 3955 tunc
1340 3900 1550 3955 futuras
1579 3902 1862 3972 Incarna-

206 3976 406 4040 tionis,
456 3971 691 4030 dicente
740 3981 798 4030 et
840 3974 1133 4046 probante
1181 3975 1430 4046 Domino
1478 3973 1551 4046 ad
1601 3971 1857 4033 Judmos,

205 4046 494 4118 Abraham
527 4054 686 4118 pater
709 4044 880 4101 vester
907 4046 1112 4117 cupivit
1134 4051 1192 4099 ut
1222 4044 1434 4098 videret
1454 4044 1609 4118 diem
1640 4059 1821 4118 meum
1839 4061 1862 4106 ,-

206 4125 259 4174 ει
304 4116 464 4185 vidit,
512 4114 561 4172 ἐι
607 4118 822 4187 gavisus
864 4123 939 4172 est
970 4114 1155 4185 (Joan.
1211 4132 1329 4187 vm,
1382 4114 1497 4187 56)._
1544 4115 1654 4187 Qui
1699 4115 1859 4187 enim

213 4191 422 4244 merito
467 4185 803 4261 ﬁdei—pater
831 4188 1022 4243 factus
1050 4192 1159 4251 est,
1193 4185 1583 4261 digntun'fuit
1616 4188 1678 4239 ut
1708 4185 1861 4240 futu-

208 4276 412 4315 rorum
437 4257 691 4316 ﬁliorum
714 4275 960 4315 suorum
983 4274 1152 4329 spem
1175 4257 1545 4329 praevideret,
1569 4271 1705 4329 quas
1730 4272 1855 4327 pro-

207 4332 358 4404 pitio
384 4338 437 4387 et
465 4333 712 4401 provido
744 4333 860 4404 Deo
882 4327 1244 4404 hiereditatis
1270 4327 1457 4404 gratia
1483 4327 1860 4404 ab_huma_n_o

206 4399 265 4458 et
303 4403 405 4474 pio
434 4399 601 4474 patre
632 4404 689 4458 in
726 4403 878 4457 ﬁlios
919 4399 1737 4474 obsequentesredundaret.
1772 4399 1862 4453 Vi-

207 4470 459 4530 deamus
498 4489 657 4529 nunc
697 4474 839 4544 quid
873 4471 1301 4544 crediditﬁdes
1337 4470 1481 4544 hinc,
1514 4474 1575 4524 ut
1613 4470 1691 4525 ad
1734 4475 1859 4544 tan-

210 4551 339 4601 tum
362 4545 653 4600 honorem
678 4541 733 4599 et
754 4544 1005 4616 gloriam
1030 4542 1234 4616 divino
1251 4541 1475 4616 judicio
1505 4541 1856 4616 perveniret.

1050 4613 1150 4669 uid
1180 4613 1451 4675 credidit,
1479 4612 1749 4667 nondum
1776 4612 1859 4667 di-

1073 4700 1184 4739 unc
1214 4685 1499 4740 Dominus
1521 4684 1779 4738 ostendit
1809 4682 1857 4737 ci

210 4617 414 4673 Fidem
446 4614 851 4680 laudavimus,
874 4614 978 4670 sed

204 4689 428 4744 ximus.
463 4687 730 4742 Educens
769 4688 986 4741 etenim

205 4759 411 4815 stellas
432 4758 585 4822 cceli,
617 4763 671 4812 et
699 4759 846 4812 dixit
875 4775 887 4809 :
909 4756 970 4812 Si
989 4763 1141 4825 potes
1167 4772 1456 4811 numerare
1486 4771 1574 4809 eas
1593 4754 1622 4810 ‘i’
1646 4755 1730 4810 Sis
1751 4756 1859 4810 erit

202 4847 381 4886 semen
405 4838 573 4885 tuum.
610 4830 684 4884 Et
711 4828 956 4884 credidit
986 4828 1269 4883 Abraham
1300 4829 1428 4889 Deo,
1469 4834 1517 4880 et
1540 4832 1859 4893 reputatum

203 4910 281 4957 est
311 4902 364 4957 ei
388 4902 461 4956 ad
477 4902 763 4972 justitiam
786 4900 1072 4972 (Gen.7xv.
1103 4904 1156 4972 5,
1184 4899 1264 4966 6).
1294 4901 1418 4972 Non
1449 4913 1739 4972 magnum
1768 4914 1858 4952 es-

203 4980 291 5029 set
323 4969 651 5028 credidisse
683 4969 818 5037 Deo,
853 4971 967 5026 nisi
1010 4971 1154 5041 quia
1181 4969 1345 5041 quod
1373 4969 1645 5041 credidit,
1685 4983 1857 5041 ωηατ

202 5044 318 5099 dus
350 5060 471 5099 non
497 5043 865 5099 credendum
883 5048 938 5097 et
970 5039 1469 5111 stultumjudicat
1493 5057 1507 5105 ;
1532 5040 1678 5111 quia
1701 5039 1857 5093 istud

202 5115 264 5171 in
289 5130 396 5186 spe
417 5130 616 5170 rerum
644 5121 873 5170 natura:
901 5128 1023 5186 non
1044 5117 1148 5186 est.
1180 5112 1346 5167 Unde
1370 5112 1671 5165 Abraham
1705 5126 1859 5186 unus

203 5203 237 5243 e
270 5181 502 5241 mundo
531 5186 678 5258 quia
721 5186 833 5241 hoc
868 5184 1135 5247 credidit,
1167 5190 1509 5258 segregatus
1540 5200 1576 5237 a
1603 5181 1861 5258 munda-

203 5259 321 5322 nis,
364 5252 723 5328 justiticatus
748 5261 855 5311 est.
907 5258 1024 5311 Hoc
1074 5269 1214 5323 ergo
1240 5252 1564 5328 credidisse
1609 5252 1862 5328 perﬁdia

207 5324 538 5386 mundanae
572 5328 880 5398 sapientiae
925 5340 1215 5395 magnum
1248 5325 1403 5392 facit,
1436 5331 1646 5380 contra
1685 5324 1860 5394 cujus

268 5456 288 5523 ξ
316 5455 412 5523 Ms.
449 5453 801 5523 golbertinus,
855 5456 910 5501 ut
944 5450 1245 5523 injustitia
1267 5464 1418 5511 opere
1448 5463 1539 5499 suo
1587 5450 1858 5497 destructa.

272 5521 292 5551 ι
315 5516 441 5565 Mss.
463 5516 817 5571 Colbertinus,
848 5512 1051 5577 prwmii
1085 5512 1309 5577 nomine.

274 5581 293 5612 ³
326 5578 546 5628 Addunt
592 5573 1154 5641 qumdam'editiones,
1190 5580 1234 5623 et
1268 5575 1373 5637 ejus
1408 5574 1505 5636 fide
1540 5587 1639 5637 qua
1672 5573 1861 5621 meruit

204 5642 438 5705 ﬁdelium
454 5640 625 5705 pater
650 5640 926 5705 appellari.

269 5705 286 5733 ⁴
305 5705 401 5754 Ms.
438 5701 793 5760 COlbertinus,
824 5703 880 5750 in
907 5701 1083 5764 specie.

270 5767 347 5830 (α)
379 5767 539 5817 Deest
561 5766 616 5815 in
645 5765 769 5816 Mss.
802 5760 1024 5816 secundi
1052 5760 1282 5828 generis.

1724 216 2099 274 APPENDIX.

3481 222 3630 282 2366

1959 341 2271 419 spemhoc
2296 342 2646 419 credidisse,
2675 344 2921 402 maximi
2951 344 3147 401 meriti
3179 348 3287 402 est.
3336 348 3624 419 Despera-

1959 415 2040 489 tio
2066 415 2226 469 enim
2258 415 2725 489 mundanorum,
2754 420 3026 473 meritum
3058 422 3146 471 est
3179 422 3236 471 et
3266 433 3401 489 spes
3431 415 3623 475 Chris-

1959 487 2279 560 tianorum.
2318 486 2620 560 Bonorum
2663 490 2823 543 enim
2868 490 3206 560 praemium,
3240 486 3432 560 causa
3474 490 3622 547 facit

1962 557 2292 630 malorum;
2324 557 2532 613 fortior
2556 573 2814 630 namque
2839 557 2895 614 et
2922 560 3156 630 plenior
3176 558 3325 614 ﬁdes
3352 566 3458 625 est,
3479 577 3619 617 cum

1960 644 2021 682 se
2049 629 2502 701 incredibilibus
2526 629 3077 700 magis’committit.
3104 634 3289 685 Homo
3309 632 3467 685 enim
3490 632 3619 701 jam

1960 699 2166 754 aridus
2196 705 2254 753 et
2282 700 2358 755 de
2383 716 2563 755 uxore
2589 699 2822 756 anicula
2855 717 3060 755 semen
3090 717 3151 755 se
3179 701 3430 756 credidit
3452 699 3619 758 habi-

1962 777 2181 844 turum,
2206 771 2370 842 quod
2395 776 2724 844 prrecopia
2747 774 3050 827 numerari
3080 788 3197 826 non
3228 778 3430 844 posset
3454 789 3466 826 :
3498 790 3621 830 non

1958 842 2073 915 hoc
2103 844 2295 915 magis
2329 842 2651 915 respiciens
2677 847 2840 915 quod
2864 849 3177 898 ostensum
3203 849 3311 908 est,
3331 843 3437 915 sed
3453 844 3619 900 illum

1959 914 2064 986 qui
2084 913 2375 987 ostendit,
2397 913 2629 987 mentiri
2656 913 2831 986 posse
2864 930 2981 969 non
3011 916 3334 969 aestimans.
3362 914 3621 987 Ideoque

1960 987 2314 1054 deputatum
2331 986 2381 1040 ei
2404 992 2489 1041 est
2508 986 2911 1057 adjustitiam.
2933 988 3077 1041 Nam
3113 1001 3240 1039 rem
3270 986 3622 1057 absurdam,

1961 1062 2018 1111 et
2043 1071 2179 1127 quae
2212 1056 2819 1127 impossibilisscitur,
2855 1058 3084 1111 hebetis
3116 1064 3202 1110 est
3228 1056 3482 1127 credere,
3512 1058 3623 1113 nisi

1963 1126 2221 1199 persona
2248 1126 2321 1182 sit
2338 1143 2479 1199 quae
2503 1129 2661 1183 credi
2685 1129 2841 1184 istud
2863 1128 3095 1199 suadet.
3120 1126 3299 1199 Unde
3316 1127 3621 1199 Abraham

1961 1204 2016 1252 et
2051 1198 2428 1254 admirabilis
2473 1199 2611 1254 ﬁdei
2657 1206 2765 1264 est,
2802 1205 2857 1255 et
2907 1198 3103 1253 cordis
3135 1198 3327 1268 periti,
3371 1198 3517 1254 dum
3568 1205 3624 1255 et

1961 1268 2105 1342 illud
2133 1269 2317 1342 credit
2337 1270 2502 1342 quod
2525 1270 2869 1325 incredibile
2895 1278 3002 1335 est,
3028 1269 3239 1325 ethuic
3262 1285 3324 1324 se
3350 1269 3621 1342 commit-

1963 1341 2024 1395 tit
2071 1341 2165 1395 cui
2211 1356 2328 1395 non
2359 1340 2599 1396 credere
2631 1348 2685 1396 et
2712 1342 2955 1396 stultum
2985 1347 3072 1395 est
3102 1346 3155 1396 et
3196 1340 3620 1410 periculosum.

1960 1411 2160 1466 Fidem
2209 1412 2368 1468 enim
2425 1418 2694 1468 nostram
2746 1412 2860 1467 hoc
2917 1412 3130 1482 probat
3175 1411 3619 1479 rationabilem,

1960 1482 2107 1555 quia
2130 1498 2248 1537 non
2272 1484 2347 1538 de
2373 1483 2490 1538 alio
2516 1498 2700 1555 quam
2723 1483 2943 1555 de‘Deo
2974 1482 3181 1543 credit,
3216 1498 3389 1555 posse
3415 1482 3621 1553 ipsum

1960 1553 2123 1635 quod
2144 1555 2447 1635 promittit.
2484 1553 2601 1635 ἱξὸο
2627 1568 2769 1635 ergo
2798 1553 3481 1635 ﬁdeipropugu‘a‘culum
3511 1558 3621 1635 est,

1963 1623 2054 1679 hic
2087 1623 2452 1697 triumphus.
2491 1626 2661 1690 Quod
2697 1623 3126 1697 perspicientes
3147 1624 3393 1695 quidam
3410 1623 3623 1697 mundi

1962 1695 2289 1769 sapientes,
2316 1698 2459 1769 quia
2480 1695 2925 1769 rerumnatura
2955 1696 3068 1751 hoc
3096 1711 3216 1769 non
3240 1701 3454 1767 potest,
3476 1695 3625 1769 stul-

1962 1773 2085 1823 tum
2139 1768 2303 1823 aiunt
2335 1766 2617 1823 _credere.
2677 1772 3022 1835 lgnorantes
3073 1766 3255 1836 quia’
3291 1766 3625 1821 secundum

1961 1840 2332 1911 Apostolum,
2356 1839 2493 1911 quod
2517 1838 2746 1894 stultum
2771 1845 2847 1892 est
2871 1839 2990 1911 Dei,
3024 1837 3328 1911 sapientius
3356 1843 3430 1892 est
3457 1837 3625 1911 homi-

1960 1910 2117 1964 nibus
2147 1911 2189 1981 (l
2222 1907 2416 1973 COt'.—l,
2459 1914 2569 1980 25).
2598 1911 2769 1968 Juste
2808 1909 2970 1964 enim
3010 1907 3221 1981 stultos
3254 1923 3362 1962 nos
3394 1909 3625 1981 judicaj-

1960 1988 2094 2036 rent
2135 1979 2184 2036 si
2237 1981 2351 2037 hoc
2391 1983 2463 2036 de
2506 1997 2700 2036 rerum
2762 1987 2974 2036 natura
3020 1979 3424 2043 crederemus,
3454 1979 3621 2051 quod

1962 2053 2253 2123 probatur
2298 2068 2415 2107 non
2453 2068 2648 2124 posse.
2694 2055 2871 2106 Porro
2902 2055 3102 2124 autem
3142 2065 3213 2104 ea
3257 2066 3393 2121 quae
3422 2066 3623 2124 rerum

1961 2121 2175 2180 natura
2195 2139 2315 2179 non
2347 2121 2554 2194 potest,
2579 2138 2689 2178 nos
2715 2124 2897 2178 Deum
2921 2121 3222 2177 credimus
3239 2135 3420 2193 posse
3443 2121 3626 2194 factu-

1962 2211 2096 2250 rum
2130 2196 2178 2250 si
2214 2193 2571 2265 promiserit.
2614 2196 2757 2260 Quae
2790 2195 2849 2249 in
2896 2195 3007 2248 hac
3046 2208 3108 2247 re
3159 2198 3351 2265 potest
3382 2193 3626 2248 stultitia

1961 2264 2327 2337 deprehendi
2366 2269 2395 2323 ?
2443 2268 2498 2322 Si
2548 2274 2749 2322 autem
2801 2264 3114 2337 indignum
3168 2264 3289 2337 Deo
3336 2268 3425 2337 est
3470 2279 3625 2335 opus

1956 2333 2128 2409 quod
2153 2353 2326 2408 posse
2352 2338 2631 2401 creditur,
2654 2341 2806 2391 recte
2835 2333 2984 2391 ﬁdes
3012 2333 3358 2409 hebetudiui
3379 2333 3628 2406 compa-

1963 2405 2126 2464 ratur
2156 2405 2169 2463 Ξ
2200 2409 2369 2479 quod
2402 2409 2452 2462 si
2493 2409 2746 2475 dignum
2768 2413 2877 2479 est,
2912 2422 3016 2479 per
3048 2406 3108 2460 id
3138 2405 3303 2479 quod
3333 2405 3624 2461 creaturas

1964 2476 2335 2550 impossibile
2378 2485 2468 2535 est
2500 2498 2511 2549 ;
2546 2495 2654 2534 cur
2685 2494 2803 2534 non
2836 2476 3122 2533 laudauta
3160 2476 3311 2531 ﬁdes
3343 2482 3451 2545 est,
3485 2491 3624 2548 qum

1964 2557 2192 2623 tantum
2234 2552 2337 2605 dat
2363 2551 2651 2618 Creatori,
2683 2555 2979 2623 quantum
2999 2554 3283 2623 creatura
3308 2562 3487 2623 posse
3519 2563 3624 2623 ne-_

1963 2628 2137 2690 gatur
2161 2620 2190 2675 ?
2216 2624 2459 2689 Magnus
2491 2636 2640 2690 ergo
2670 2619 2727 2676 et
2757 2619 3132 2691 admirabilis
3164 2619 3493 2691 Abraham,
3521 2619 3625 2691 qui

1963 2699 2169 2748 contra
2202 2693 2411 2746 mundi
2437 2694 2795 2748 sententiam
2832 2694 2949 2746 Deo
2970 2690 3216 2745 credere
3245 2705 3365 2745 non
3389 2690 3628 2745 dubita-

1964 2764 2067 2835 vit,
2087 2764 2229 2835 quia
2258 2763 2452 2818 facere
2477 2769 2664 2835 potest
2685 2761 3180 2835 quodpromittit.
3201 2761 3432 2835 _Natura
3455 2761 3627 2835 Chal-

1964 2832 2151 2900 daeus,
2205 2832 2491 2905 magister
2535 2832 2902 2891 credulitatis
2954 2832 3239 2903 apparuit
3283 2852 3297 2887 :
3338 2832 3624 2905 quamvis

1965 2902 2574 2976 astrologim'peritus,
2614 2908 2795 2961 Deum
2828 2902 3023 2959 tamen
3044 2902 3383 2976 praeposuit
3412 2902 3628 2976 huma-

1964 2993 2045 3031 no
2076 2974 2351 3041 consilio;
2384 2976 2635 3045 dignum
2666 2978 2972 3031 aestimans
3014 2974 3071 3028 si
3097 2975 3211 3029 hoc
3241 2974 3519 3031 credatur
3548 2975 3624 3030 de

1970 3051 2107 3112 Deo,
2142 3047 2306 3117 quod
2349 3046 2660 3117 quomodo
2717 3047 2839 3107 ﬁat,
2874 3046 3217 3115 investigari
3248 3060 3369 3117 non
3411 3046 3620 3115 possit.

1969 3116 2385 3173 Inﬁrmitatem
2414 3118 2574 3172 enim
2597 3132 2771 3170 suam
2803 3118 2901 3171 Dei
2930 3116 3197 3187 potentia
3220 3116 3622 3187 conﬁrmavit,

1967 3190 2111 3261 quia
2137 3188 2214 3261 ad
2239 3188 2564 3261 maiestatis
2596 3203 2716 3261 sua:
2733 3187 2968 3242 unicam
2983 3186 3472 3261 magnitudinem
3485 3202 3628 3261 pro-

1968 3255 2552 3323 testandum,'facere
2585 3260 2931 3330 disponeret
2977 3272 3112 3328 quas
3141 3255 3547 3330 impossibilia
3572 3262 3630 3313 et

1966 3332 2235 3387 inaudita
2266 3337 2403 3386 sunt
2437 3326 2834 3401 mundofquo
2865 3326 3022 3401 facto
3048 3327 3481 3401 ostenderetse
3516 3326 3625 3401 Do-

1968 3403 2200 3458 minum
2224 3408 2529 3467 creaturas,
2553 3408 2610 3457 et
2635 3395 2906 3456 creatura
2930 3399 3249 3468 subjiceret
3267 3413 3331 3452 se
3359 3398 3433 3463 ei,
3457 3395 3627 3468 cujus

1968 3490 2121 3546 opus
2152 3474 2374 3530 caeteris
2401 3474 2685 3546 omnibus
2708 3470 3077 3546 impossibile
3107 3470 3408 3546 videretur
3436 3484 3450 3534 ;
3475 3483 3625 3546 quo-

1968 3538 2101 3600 rum
2159 3545 2567 3600 incredulitate
2635 3538 3191 3615 plus'sublimatur
3242 3538 3630 3594 ﬁdelissimus

1971 3616 2469 3672 Abraham.F‘ides
2499 3612 2657 3670 enim
2673 3616 2821 3685 ejus,
2841 3612 3282 3668 incredulorqu
3303 3615 3583 3685 pqsnaest
3612 3625 3626 3666 :

1970 3688 2415 3743 incredulorum
2435 3680 2914 3756 perﬁdia,'gloria
2927 3684 2977 3755 ej
2989 3701 3055 3737 us
3070 3690 3179 3756 est.
3199 3680 3344 3756 Nam
3358 3680 3628 3736 ﬁdelium

1968 3767 2055 3813 est
2075 3767 2259 3829 pater,
2280 3753 3008 3829 etinﬁdeliumestjudex.
3039 3755 3221 3826 Hujus
3248 3753 3409 3829 enim
3432 3768 3629 3808 exem-

1970 3824 2153 3899 plo'et
2184 3830 2326 3885 boni
2356 3836 2580 3884 aeterna
2607 3831 2722 3883 vita
2753 3824 3075 3899 donantur,
3107 3824 3163 3880 et
3201 3824 3373 3880 malis
3406 3829 3630 3881 interna

1969 3898 2277 3956 dabuntur
2307 3899 2594 3972 supplicia
2622 3900 2663 3953 ¹.
2697 3899 2801 3972 Illo
2827 3898 2986 3954 enim
3009 3902 3279 3972 tempore
3304 3911 3426 3972 quo
3454 3911 3630 3950 mun-

1969 3972 2083 4026 dus
2106 3972 2304 4027 adhuc
2331 3966 2575 4026 scientia
2596 3970 2880 4040 parvulus
2904 3975 3051 4038 erat,
3070 3966 3177 4040 nec
3198 3966 3381 4036 signis
3403 3982 3474 4022 ac
3497 3981 3633 4040 pro-

1969 4043 2150 4111 digiis
2188 4060 2322 4115 quae
2365 4043 2442 4098 ad
2483 4038 2661 4097 ﬁdem
2709 4039 3476 4115 attraherentillustratus,
3510 4038 3631 4095 Deo

1971 4121 2176 4170 contra
2201 4111 2508 4169 scientiam
2536 4130 2704 4168 suam
2722 4112 2900 4168 ﬁdem
2926 4127 3046 4167 non
3071 4111 3415 4179 denegavit.
3447 4111 3630 4165 Sane-

1973 4192 2065 4240 tus
2099 4186 2281 4254 igitur
2302 4187 2606 4240 Abraham
2637 4185 2979 4257 exemplum
3002 4183 3201 4257 generi
3226 4182 3495 4257 humano
3525 4181 3638 4257 da-

1970 4263 2065 4312 tus
2117 4252 2203 4311 est
2257 4257 2665 4311 ﬁdelissimus.
2702 4258 2782 4327 rln
2816 4252 2974 4327 'ipso
3021 4254 3179 4327 enim
3234 4252 3631 4327 praeﬁgurata:

1970 4333 2111 4383 sunt
2144 4345 2355 4384 omnes
2390 4334 2593 4395 gentes
2637 4326 2717 4382 ad
2759 4319 3014 4380 salutem
3039 4319 3370 4395 venire'per
3401 4319 3578 4375 ﬁdem
3613 4334 3627 4375 :

1969 4401 2141 4470 cujus
2158 4405 2217 4453 ut
2234 4391 2731 4471 superabundans
2752 4398 3188 4471 incrementum
3206 4391 3346 4471 ﬁdei
3362 4406 3633 4471 noscere-

1970 4464 2080 4537 tur,
2110 4464 2385 4533 tentatur,
2422 4485 2491 4524 ac
2531 4468 2775 4538 jubetur
2816 4466 3010 4521 ﬁlium
3051 4480 3228 4519 suum
3261 4464 3379 4538 Deo
3411 4464 3630 4538 immo:

1969 4532 2096 4597 lare
2130 4558 2144 4608 ;
2181 4542 2345 4613 quod
2372 4532 2607 4613 factum
2651 4554 2767 4593 uon
2804 4542 2931 4613 erat
2976 4550 3248 4613 unquam
3287 4535 3366 4613 (et
3398 4549 3509 4613 nec
3543 4532 3631 4613 rei

1968 4603 2227 4668 novitate
2282 4611 2571 4675 turbatur,
2625 4625 2733 4664 nec
2782 4603 3165 4678 disputatan
3200 4603 3338 4678 ﬁeri
3384 4603 3631 4678 deberet

1972 4687 2083 4739 Deo
2118 4683 2365 4754 jubente
2395 4680 2807 4754 parricidium,
2833 4676 2943 4754 qui
2989 4676 3382 4754 homicidium
3418 4676 3631 4754 neﬁe-

1969 4746 2469 4810 retcomminatiis
2488 4757 2596 4806 est.
2618 4751 2710 4807 Sic
2729 4751 2803 4806 de
2832 4746 2928 4805 Dei
2958 4749 3262 4804 voluntate
3293 4746 3628 4818 intrepidus

1968 4833 2026 4881 et
2056 4841 2319 4890 securus,
2346 4841 2465 4880 non
2498 4827 2820 4878 cunctatur
2840 4821 3159 4893 providum
3191 4834 3320 4875 esse
3349 4818 3515 4892 quod
3538 4818 3632 4890 ju-

1969 4897 2067 4952 bet
2100 4897 2279 4969 Deus)
2300 4912 2313 4948 :
2335 4902 2386 4951 el
2418 4895 2579 4950 hunc
2606 4894 2793 4948 ﬁlium
2823 4892 3004 4969 quem
3040 4892 3163 4969 duo
3194 4906 3367 4969 senes
3398 4906 3469 4969 ex
3497 4905 3634 4960 pro-

1972 4962 2697 5037 missione'susceperant,
2728 4962 3040 5036 praemium
3077 4962 3240 5026 ﬁdei,
3281 4962 3632 5037 meritorum

1969 5040 2336 5111 indicem,et
2363 5041 2418 5092 in
2452 5031 2576 5111 quo
2606 5031 2980 5111 omnis_spes
3008 5050 3077 5089 ex
3115 5033 3515 5111 promissione
3540 5031 3632 5087 fu-

1970 5112 2079 5165 turi
2122 5103 2364 5165 seminis
2406 5103 2753 5164 habebatur.
2800 5103 2972 5173 Quod
3013 5112 3073 5160 ut
3110 5103 3275 5160 omni
3311 5103 3631 5159 devotione

1970 5182 2259 5254 impleret,
2307 5180 2639 5254 matriejus
2666 5195 2785 5235 non
2822 5178 3119 5254 indicavit,
3157 5192 3229 5254 ne
3265 5173 3429 5254 quod
3470 5174 3630 5254 dica-

1970 5244 2113 5308 tioni
2148 5244 2277 5319 eius
2312 5244 2800 5323 impedimentum
2832 5248 3095 5323 afferret,
3130 5244 3326 5301 sciens
3356 5244 3517 5323 circa
3543 5244 3631 5301 af-

1971 5324 2189 5379 fectum
2209 5320 2468 5378 ﬁliorum
2492 5320 2876 5392 procliviores
2903 5322 2958 5392 in
2984 5332 3344 5392 amoreesse
3368 5321 3628 5392 matres;

1970 5395 2225 5467 ideoque
2254 5387 2653 5467 celavitgeam,
2689 5407 2809 5467 non
2842 5389 3159 5467 ambigens
3191 5388 3423 5467 impleri
3451 5387 3634 5444 debe-

1970 5482 2030 5521 re
2061 5459 2226 5536 qiiod
2260 5463 2645 5536 jubetDeus,
2690 5468 2752 5518 ut
2785 5462 2909 5536 hoc
2931 5459 3203 5536 exemplo
3238 5460 3629 5536 doceremur,

1969 5530 2133 5592 omni
2175 5530 2317 5591 cura
2359 5534 2458 5589 Dei
2499 5535 2691 5590 facere
2732 5534 3038 5589 mandata.
3070 5532 3125 5587 Si
3155 5531 3317 5587 enim
3358 5530 3631 5586 ﬁdelissi-

1974 5625 2106 5664 mus
2138 5608 2439 5663 Abraham
2473 5605 2534 5661 in
2560 5622 2622 5661 re
2664 5610 2784 5662 tam
2817 5604 2985 5676 gravi
3015 5608 3072 5659 et
3095 5618 3311 5676 aspera
3341 5601 3631 5659 obediens

2031 5760 2045 5788 ¹
2080 5757 2174 5808 Ms.
2207 5756 2560 5820 Colbertinus,
2594 5760 2641 5807 st
2660 5756 2788 5806 mali
2810 5758 3006 5806 eterna
3032 5752 3228 5805 dabunt
3259 5752 3537 5817 supplicia.
