4140 6208
584 179 722 235 2367

581 302 881 360 invenitur
903 317 915 357 :
935 302 1164 373 quanto
1180 296 1371 368 magis
1383 296 1750 373 nos,‘quibus
1764 296 1863 373 illa
1878 296 2231 373 praecipiun-

582 379 677 430 tur
716 391 847 446 quae
885 368 1137 446 possunt
1173 370 1454 446 portari?
1500 370 1542 426 0
1578 368 1726 423 tides
1755 369 1881 446 _Deo
1920 368 2140 446 dicata,
2174 373 2230 446 et

584 439 823 517 spes-in
867 439 1116 499 Domino
1161 439 1352 517 ﬁrma,
1386 457 1520 511 quae
1539 439 1901 517 tamuchara
1940 444 1996 493 et
2029 440 2229 517 suavis

584 510 688 581 est,
713 524 774 570 ut
795 523 1103 587 parentum
1127 530 1194 567 ac
1214 510 1467 587 filiorum
1492 510 1806 587 affectibus
1826 516 2227 587 praeponatur,

582 583 813 644 dicente
842 587 1165 657 Scriptura,
1212 585 1428 638 Gustate
1472 588 1520 657 et
1552 583 1742 657 videte,
1773 585 2021 657 quoniam
2050 583 2231 636 suavis

583 666 658 715 est
702 653 1173 724 DominustPsaI.
1226 670 1426 721 χχχιιι,
1478 656 1530 723 9)
1577 653 1589 708 !
1638 654 1976 708 Patriarcha
2028 659 2228 708 autem

583 735 784 786 noster
814 728 1195 783 fidelissimus
1236 726 1538 780 Abraham
1580 728 1725 795 quia
1755 726 2046 795 propheta
2079 731 2224 788 erat,

585 802 751 857 scivit
793 800 934 871 quid
979 799 1159 871 sequi
1184 796 1444 871 deberet.
1474 796 1628 871 Ideo
1672 795 2004 871 secundum
2061 798 2227 867 quod

586 866 874 927 Dominus
905 866 1080 923 nunc'
1106 868 1270 933 dixit,
1304 874 1443 923 tunc
1471 867 1563 920 ille
1598 867 1751 934 fecit,
1786 872 1847 921 ut
1875 866 1993 921 ﬁlio
2019 866 2230 938 quam-

584 943 667 997 vis
686 942 1032 996 charissimo
1053 940 1236 994 Deum
1266 940 1322 993 in
1339 939 1654 993 dilectione
1675 938 1972 1007 praeferret
1997 938 2228 991 dicente

585 1013 859 1076 Domino,
906 1011 965 1066 Si
993 1012 1110 1081 quis
1139 1010 1325 1080 diligit
1354 1017 1560 1079 patrem
1590 1017 1637 1064 et
1676 1017 1934 1076 matrem,
1970 1016 2063 1064 aut
2090 1009 2229 1079 ﬁlios

584 1101 755 1155 supra
780 1101 880 1148 me,
909 1100 1015 1155 non
1046 1089 1119 1136 est
1142 1099 1221 1136 me
1244 1081 1680 1155 dignus(Mat_th.
1702 1097 1763 1155 Ax,
1795 1082 1905 1151 37).
1939 1081 2100 1155 Unde
2132 1083 2229 1135 Pa-

585 1152 843 1211 tri'archa
890 1160 950 1209 ut
986 1154 1239 1208 Domino
1272 1168 1388 1223 prae
1417 1152 1644 1206 caeteris
1681 1152 1898 1221 dignus
1934 1153 2225 1215 existeret,

585 1228 761 1282 etiam
790 1226 1059 1282 occidere
1086 1225 1275 1280 tilium
1306 1239 1425 1279 non
1458 1224 1774 1279 recusavit.

1305 1312 1371 1349 DE
1394 1310 1510 1349 JOB.

653 1368 856 1423 CXVIII
897 1367 995 1438 (a).
1022 1398 1088 1407 —
1108 1367 1333 1438 Magna,
1355 1366 1589 1421 dilectio
1604 1374 1715 1429 est,
1742 1364 1950 1438 fratres
1974 1363 2231 1419 dilectis-

584 1440 743 1503 simi,
782 1435 1208 1507 omuipotentis
1244 1436 1338 1491 Dei
1397 1452 1538 1505 erga
1592 1452 1779 1505 genus
1839 1435 2176 1489 humanum
2214 1451 2225 1489 :

582 1526 719 1583 quae
750 1510 1042 1583 intellecta
1074 1509 1319 1583 quidem
1341 1507 1709 1583 perducitad
1728 1522 1933 1583 _regna_
1950 1507 2228 1583 caelestia;

584 1578 705 1636 non
748 1579 1039 1635 intellecta
1066 1578 1262 1634 autem
1287 1580 1529 1633 deducit
1558 1580 1633 1633 ad
1656 1578 2228 1633 inferos.Deuseniin

583 1652 940 1708 beneﬁcium
968 1667 1140 1704 suurn
1189 1656 1423 1718 gratum
1457 1650 1573 1704 vult
1602 1665 1732 1703 esse
1764 1656 1817 1703 ct
1841 1649 2228 1713 fructiferum,

581 1730 709 1779 utet
739 1723 910 1777 nobis
928 1721 1215 1791 proficiat,
1238 1728 1292 1776 et
1318 1722 1484 1775 illum
1502 1721 1760 1775 misereri
1776 1720 2232 1789 delectet.lgitur

629 1797 874 1848 uoniam
898 1791 1093 1847 bonus
1116 1798 1224 1856 est,
1260 1799 1314 1846 et
1342 1808 1552 1847 omnes
1575 1793 1847 1846 homines
1877 1792 2074 1845 salv0s
2109 1791 2232 1846 vult

620 1865 726 1925 eri,
757 1864 1099 1935 exemplum
1132 1863 1306 1918 nobis
1336 1864 1579 1935 justitiae
1609 1864 1667 1917 in
1710 1863 1814 1917 Iob
1857 1862 2086 1917 famulo
2119 1877 2230 1935 suo

577 1933 1027 1999 demonstravit,
1061 1935 1215 1989 sicut
1244 1950 1507 2005 praesens
1546 1934 1716 1989 lectio
1771 1938 2032 1997 testatur,
2064 1933 2230 2005 quod

577 2007 764 2062 secuti
778 2013 831 2061 et
859 2007 1015 2061 malo
1034 2022 1231 2061 carere
1251 2013 1305 2060 et
1334 2006 1409 2060 ad
1427 2006 1651 2060 bonum
1670 2006 1867 2060 venire
1884 2005 2227 2074 poterimus,

579 2084 634 2134 et
662 2094 782 2133 non
814 2078 1006 2133 solum
1032 2094 1065 2132 a
1099 2093 1278 2147 poena
1324 2076 1583 2140 liberari,
1618 2077 1721 2131 sed
1756 2082 1811 2130 et
1841 2076 2228 2131 remunerari.

577 2149 770 2218 Quam
804 2164 944 2217 ergo
972 2148 1336 2202 admirabilis
1369 2154 1456 2202 est
1486 2147 1903 2202 sanctissimus
1956 2148 2084 2212 Job,
2129 2148 2228 2218 qui

580 2227 717 2275 ante
744 2220 938 2290 legem
973 2220 1178 2273 litteris
1196 2220 1436 2285 editam,
1472 2219 1531 2273 in
1551 2220 1834 2289 operibus
1870 2219 1992 2290 suis
2035 2234 2231 2290 exem-

579 2292 712 2363 plar
730 2289 872 2363 legis
899 2291 1158 2363 ostendit
1186 2308 1199 2354 ;
1233 2290 1397 2363 nulla
1424 2292 1481 2344 in
1509 2290 1621 2345 hac
1653 2306 1837 2363 causa
1867 2289 2231 2363 alicujust-

581 2360 863 2418 cumen—ta
894 2362 1201 2425 addiccns,
1235 2361 1338 2416 sed
1372 2370 1587 2416 natura
1614 2362 1748 2432 ipsa
1774 2361 1942 2424 duce,
1963 2360 2057 2415 cui
2080 2361 2230 2415 Deus

572 2434 815 2505 justitiae
840 2434 1073 2488 semina
1106 2435 1120 2468 ι
1157 2432 1500 2505 naturaliter
1530 2434 1725 2487 inesse
1757 2432 2035 2505 decrevit,
2066 2433 2208 2488 Crea

580 2502 688 2561 tori
732 2506 1128 2560 reverentiam
1168 2504 1265 2573 pia
1303 2504 1611 2559 devotione
1652 2502 1961 2558 servavit?
2002 2506 2233 2567 Quanta

578 2591 717 2643 ergo
748 2576 926 2631 laude
958 2575 1176 2644 dignus
1222 2580 1327 2639 est,
1354 2575 1403 2629 ei
1450 2576 1672 2646 quibus
1697 2576 1896 2629 verbis
1921 2574 2075 2629 facta
2102 2575 2231 2643 ejus

578 2647 839 2703 debeant
882 2646 1100 2711 extolli,
1129 2647 1220 2700 cui
1256 2662 1376 2701 non
1408 2653 1555 2717 ante
1596 2649 1828 2717 Legem,
1859 2661 2052 2717 neque
2098 2650 2231 2717 post

579 2719 798 2788 Legem
829 2734 1033 2789 parem
1065 2716 1662 2789 possumusinvenire
1692 2716 1719 2771 ?
1755 2716 2037 2781 Quamvis
2068 2716 2229 2771 enim

579 2792 715 2862 quis
741 2788 947 2862 posset
968 2788 1135 2857 gesta
1162 2788 1288 2858 ejus
1312 2789 1548 2862 imitari,
1583 2804 1724 2862 _no_n
1752 2793 1948 2862 tamen
1994 2804 2129 2843 cum
2161 2803 2231 2843 eo

580 2859 977 2917 conferendus
1010 2866 1329 2931 est,neque
1361 2860 1411 2931 ei
1443 2859 1654 2916 similis
1679 2860 1812 2929 jure
1838 2860 2086 2931 dicetur.
2106 2862 2231 2914 Non

580 2934 739 2989 enim
768 2948 947 2987 suum
969 2938 1126 2986 esset
1151 2929 1314 3000 quod
1339 2930 1470 2985 talis
1505 2930 1834 2995 exstitisset,
1868 2929 2014 3000 quia
2034 2945 2232 2985 errem.

584 3004 755 3076 plum
772 3009 1008 3076 secutus
1026 3009 1111 3057 est
1134 3002 1417 3076 alienum.
1453 3002 1925 3076 Sanctusautem
1955 3002 2068 3076 Job
2092 3018 2229 3056 cum

579 3073 726 3130 nihil
758 3075 869 3129 tale
897 3074 1357 3145 vidisset,neque
1377 3074 1435 3145 in
1450 3073 1855 3129 voluminibus
1884 3074 2227 3135 lectitasset,

583 3146 766 3202 talem
792 3162 854 3201 se
878 3145 1165 3216 praestitit,
1192 3144 1494 3200 ut’nullius
1517 3145 1743 3215 aliquid
1775 3146 1834 3200 in
1863 3160 1923 3198 se
1947 3145 2229 3200 collatum

578 3217 845 3285 haberet,
879 3216 982 3289 sed
1035 3218 1159 3289 ipse
1190 3216 1409 3271 caeteris
1442 3216 1756 3289 conferret,
1791 3216 2043 3271 formam
2078 3232 2231 3289 prte-

579 3289 728 3345 bens
744 3288 1099 3344 mirabilium
1121 3293 1420 3357 gestorum
1434 3288 1510 3341 ad
1535 3289 1720 3342 Deum
1740 3288 2224 3357 promerendum.

581 3362 777 3426 Quare
801 3366 859 3415 et
877 3360 1099 3414 Domini
1116 3359 1448 3413 testimonio
1471 3358 1929 3412 commendatur
1949 3359 2223 3413 dicentis:

580 3431 1039 3486 Animadvertisti
1066 3430 1136 3483 ad
1163 3446 1389 3499 puerum
1417 3445 1589 3483 meum
1617 3430 1714 3483 Job
1745 3429 1771 3482 ‘I
1820 3429 1944 3484 Non
1976 3436 2051 3483 est
2087 3430 2228 3485 enim

578 3503 777 3558 similis
802 3506 854 3556 ei
875 3504 1159 3572 quisquam
1190 3501 1247 3554 in
1290 3502 1453 3554 terris
1478 3517 1638 3555 verus
1685 3500 1991 3572 Deiicullor
2014 3501 2159 3572 (Job.
2188 3520 2225 3566 ι,

579 3576 661 3645 8).
703 3576 841 3639 Quis
873 3571 1101 3628 tantum
1132 3573 1319 3645 potuit
1350 3571 1805 3645 promeret-Leni
1828 3572 1939 3627 tale
1968 3573 2228 3645 testimo-

582 3643 749 3701 nium
781 3645 1065 3700 Dominus
1098 3643 1568 3714 perhiberet,nisi
1597 3643 1691 3697 hic
1709 3644 1809 3713 qui
1837 3644 2230 3699 nonimitator

580 3716 899 3777 invenitur,
934 3714 1036 3768 sed
1068 3719 1272 3768 auctor
1298 3730 1505 3769 eorum
1547 3730 1681 3839 quae
1719 3716 1946 3785 gessit?
1981 3714 2144 3770 Unde
2176 3721 2231 3770 et

580 3804 755 3839 verus
778 3787 873 3839 Dei
902 3786 1090 3839 cultor
1116 3785 1418 3839 asseritur.
1456 3787 1556 3839 Nul
1588 3803 1623 3839 a
1650 3787 1806 3839 enim
1840 3787 2230 3839 notestsimu-

580 3804 755 3843 verus
778 3787 873 3841 Dei
902 3786 1090 3840 cultor
1116 3785 1418 3839 asseritur.
1456 3785 1623 3840 Nulla
1650 3787 1806 3840 enim
1840 3787 2230 3856 potestsimu-

581 3858 721 3912 latio
748 3856 1168 3911 commentitiae
1202 3857 1461 3910 veritatis
1492 3856 1550 3911 in
1569 3873 1639 3911 eo
1664 3857 1868 3923 videri,
1896 3858 1998 3927 qui
2021 3864 2157 3913 ante
2171 3873 2232 3911 se

581 3943 702 3983 non
735 3928 915 3982 habet
942 3928 1140 3981 talem.
1186 3928 1389 3983 Omnis
1417 3927 1896 3998 enimquiﬁngit.
1929 3929 2040 3983 hoc
2068 3928 2235 3995 ﬁngit

582 3998 749 4070 quod
775 3997 1289 4070 cerniturimitari.
1320 4001 1380 4051 Et
1406 3998 1499 4070 his
1519 3997 1716 4053 tamen
1739 3997 2021 4053 omnibus
2049 4002 2230 4069 potio-

581 4069 651 4125 ra
681 4074 819 4123 sunt
842 4084 978 4140 quae
1009 4069 1304 4123 dicuntur.
1342 4070 1404 4123 In
1438 4069 1530 4140 his
1576 4070 1734 4124 enim
1764 4069 2042 4125 laudibus
2074 4071 2235 4126 nulla

583 4139 982 4213 probamenta
997 4140 1445 4213 tribulationum
1466 4139 1720 4213 fuerunt,
1740 4141 1844 4195 sed
1862 4142 2230 4213 propositum

584 4216 701 4268 Deo
739 4211 1004 4266 dicatum
1033 4213 1093 4267 in
1115 4212 1396 4267 exercitio
1419 4216 1477 4265 et
1507 4211 2029 4267 observationibus
2062 4229 2237 4268 cons-

585 4284 852 4364 titutum:
887 4282 1051 4364 quod
1083 4284 1223 4364 quia
1246 4283 1323 4364 ad
1345 4285 2007 4364 coronamhmeritorum
2043 4289 2238 4339 tenta-

584 4355 699 4411 tori
728 4370 848 4409 non
872 4354 1067 4409 visum
1099 4360 1181 4409 est
1216 4354 1479 4426 plenum,
1504 4354 1670 4479 petiit
1721 4361 1783 4409 ut
1807 4358 2239 4426 permitteretur

585 4427 638 4479 ei
667 4425 920 4479 diversis
948 4426 1368 4479 tentationibus
1400 4441 1507 4479 pro
1557 4442 1656 4479 are
1683 4427 1812 4479 eius
1842 4428 2161 4479 iustitiam:
2180 4434 2239 4479 ut

585 4427 638 4482 ei
667 4425 920 4498 diversis
948 4426 1368 4498 tentationibus
1400 4425 1656 4498 probare
1683 4425 1815 4495 ejus
1838 4428 2161 4498 justitiam;
2180 4434 2241 4482 ut

589 4498 651 4570 i_n
681 4497 879 4552 multis
920 4499 1271 4570 constrictus
1298 4496 1515 4570 alicubi
1537 4497 1801 4563 haereret,
1822 4496 1878 4553 et
1899 4505 2241 4570 possetmo-

587 4568 734 4623 dum
779 4570 1085 4623 excedere.
1119 4569 1266 4629 Quia
1287 4568 1362 4623 ad
1386 4569 1498 4623 hoc
1523 4571 1720 4623 solent
1745 4568 2130 4638 peccantibus
2156 4570 2239 4624 di-

589 4654 775 4693 versae
792 4639 1055 4712 pmmein
1067 4639 1301 4712 ferri,_ut
1315 4640 1457 4709 quia
1471 4656 1648 4694 nemo
1662 4641 1865 4696 omnia
1882 4648 2071 4712 potest
2095 4642 2240 4696 ferre

591 4713 917 4773 tormenta,
951 4710 1175 4781 aliquid
1208 4710 1644 4765 illorumeliciat
1669 4710 1992 4768 eiveritatis
2018 4712 2243 4768 confes-

591 4781 849 4853 sionem.
876 4781 1078 4851 Itaque
1093 4783 1451 4851 permissum
1480 4784 1854 4837 esttentatori
1886 4785 2091 4838 omnia
2115 4784 2242 4853 ejus

592 4851 1013 4923 exterminare,
1029 4853 1365 4923 etperdere,
1390 4869 1578 4923 usque
1593 4853 1665 4907 ad
1686 4860 1936 4910 mortem
1951 4851 2236 4911 filiorum:

595 4928 658 4978 ut
689 4922 1041 4977 sidauinum
1072 4922 1247 4978 ferret
1280 4922 1496 4987 boum,
1526 4924 1723 4979 ovium
1743 4940 1861 4979 non
1895 4926 2070 4981 ferret
2099 4943 2112 4991 ;
2142 4934 2243 4982 aut

592 4995 643 5049 si
669 4998 725 5049 et
755 4995 957 5049 ovium
982 4994 1171 5057 ferret.
1201 4996 1566 5049 camelorum
1583 4995 1965 5051 amissionem
2002 4997 2242 5052 uonfer-

590 5071 909 5137 ret,neque
937 5081 1241 5120 servorum
1272 5072 1374 5120 aut
1401 5066 1576 5120 totius
1608 5067 1995 5133 substantiae;
2028 5074 2127 5123 aut
2170 5069 2240 5135 si,

592 5137 739 5208 quia
774 5138 1020 5206 grandis
1050 5137 1233 5192 animi
1263 5142 1389 5191 erat
1417 5142 1473 5191 et
1499 5138 1640 5191 satis
1682 5154 1859 5193 merae
1890 5140 2240 5205 devotionis,

591 5208 687 5263 his
715 5208 999 5264 omnibus
1037 5223 1150 5263 non
1183 5208 1532 5273 vinceretur,
1565 5215 1719 5266 certe
1742 5210 1832 5265 vel
1858 5211 2072 5266 affectu
2102 5211 2245 5266 cha-

592 5279 798 5340 ritatis.
839 5285 1087 5348 cogente
1117 5279 1488 5349 frangeretur
1517 5286 1703 5335 morte
1761 5282 1939 5338 simul
1970 5283 2241 5337 omnium

592 5350 874 5425 ﬁliorum.
923 5351 1034 5425 Sed
1093 5351 1413 5425 quia_ante_
1454 5350 1936 5425 Iegemﬂedilam,
1968 5353 2155 5425 legem
2183 5355 2239 5409 in

595 5421 773 5497 corde
799 5438 907 5477 suo
927 5422 1525 5497 scriptamqhabebat,
1555 5422 1715 5497 nulla
1763 5424 2009 5497 damna,
2029 5421 2243 5497 'neque

598 5492 880 5547 orbitates
898 5492 1190 5550 minorem
1213 5493 1379 5550 illum
1411 5494 1467 5548 in
1496 5494 1595 5549 Dei
1620 5495 1934 5551 devotione
1958 5492 2240 5561 fecerunt,

602 5565 667 5614 ut
691 5561 945 5618 formam
968 5565 1134 5620 daret
1154 5565 1232 5619 ad
1266 5568 1448 5620 Deum
1482 5572 1691 5623 extoto
1722 5567 1901 5624 corde
1916 5584 2096 5640 super
2120 5585 2243 5624 om-

660 5650 676 5681 ί
711 5648 865 5705 Editi,
888 5665 1076 5703 semen.
1108 5653 1262 5708 Mss.,
1298 5654 1510 5703 semina.

661 5710 732 5775 (α)
766 5708 917 5760 Deest
942 5712 996 5765 in
1026 5713 1148 5763 Mss.
1177 5715 1398 5765 secundi
1433 5717 1669 5779 generis.

1620 171 2090 241 QUESTIONES
2127 170 2221 226 EX
2259 169 2602 240 UTROQUE
2643 171 2930 229 MIXTIM.

3770 180 3876 236 2368

2341 297 2441 354 nia
2467 296 3267 375 diligendumouantaergo
3296 294 3506 375 dignus
3528 297 3794 375 estAgloria.
3807 306 3879 375 qui

2340 376 2475 424 ante
2503 370 2738 439 Legem,
2755 370 2971 437 Legem
2996 365 3265 432 servavit,
3284 365 3761 439 utLexqiuefutura
3777 365 3881 438 erat,

2337 438 2648 512 quomodo
2678 440 3069 512 custodienda
3100 438 3683 512 erat,_demonstraret
3706 458 3817 506 non,
3841 446 3881 501 in

2338 509 2556 581 verbis,
2590 512 2695 568 sed
2729 518 2939 567 auctor
2962 511 3019 566 in
3048 511 3217 566 factis
3250 509 3276 563 εἰ
3298 510 3360 563 Et
3384 510 3517 579 quia
3544 515 3756 567 tentator
3778 516 3879 571 irre-

2341 599 2544 655 vereus
2571 590 2680 647 est,
2705 600 2812 637 nec
2844 584 2971 638 haec
2997 582 3185 655 gloria
3203 582 3355 655 satis
3384 581 3433 655 ei
3466 581 3579 635 visa
3602 588 3676 637 est
3706 586 3767 637 ad
3792 603 3887 655 pro-

2338 654 2644 710 bationem
2678 656 2782 710 viri
2808 654 2978 725 justi,
3011 654 3119 708 nisi
3162 653 3326 725 aliud
3359 651 3625 725 adversus
3652 668 3761 709 eum
3794 651 3889 713 ina-

2337 722 2880 796 chiuaretur,quod
2912 726 3085 780 sciret
3112 726 3188 778 ab
3220 722 3598 797 homineferri
3618 740 3720 779 non
3740 742 3885 797 posse;

2338 798 2500 869 petiit
2533 793 2767 860 iterum,
2790 796 3028 869 utilium
3049 797 3242 867 ipsum
3272 810 3427 850 saevo
3457 793 3673 869 vulnere
3693 793 3886 866 percute

2337 866 2421 923 ret
2452 885 2486 923 a
2516 869 2707 940 capite
2742 884 2934 939 usque
2955 868 3029 922 ad
3067 866 3287 940 pedum
3328 880 3566 940 ungues.
3598 866 3653 920 Et
3679 883 3789 940 cum
3810 869 3889 925 hoc

2337 936 2693 1012 permissum
2721 936 2896 1012 esset,
2917 936 3245 1010 quia‘ﬁdes
3288 938 3349 1012 ei
3374 936 3568 991 haberi
3600 952 3705 991 non
3745 939 3888 1005 debet,

2338 1008 2703 1082 praeceptum
2722 1016 2807 1067 est
2824 1010 2896 1077 ei,
2932 1008 2992 1065 ut
3017 1012 3283 1082 animam
3301 1008 3431 1078 ejus
3454 1014 3691 1082 servaret
3716 1018 3892 1081 propter

2337 1079 2670 1147 arbitri—um,
2705 1089 2761 1138 et
2797 1098 2869 1137 ne
2895 1082 3041 1153 quid
3088 1080 3368 1135 violenter
3404 1079 3632 1133 auderet
3680 1079 3733 1134 in
3774 1079 3890 1146 eum,

2336 1170 2518 1226 quem
2543 1155 2788 1209 rationis
2817 1154 2953 1225 jure
2972 1166 3254 1226 superare
3284 1166 3410 1226 non
3450 1154 3679 1222 poterat.
3704 1157 3894 1226 accepta

2338 1221 2514 1294 igitur
2558 1221 2873 1297 potestate,
2918 1221 3368 1297 recrudescente
3396 1221 3565 1297 in_se
3609 1221 3895 1278 crudelitatis

2336 1292 2580 1360 saevitia,
2616 1297 2912 1368 percussit
2944 1298 3135 1350 virum
3177 1293 3404 1364 justum
3438 1292 3605 1368 plaga
3632 1309 3814 1362 magna
3835 1297 3893 1349 ni-

2338 1370 2470 1432 mis,
2503 1373 2563 1423 ut
2593 1364 2735 1423 nihil
2766 1373 2921 1422 esset
2955 1368 3013 1421 in
3044 1380 3295 1435 corpore
3337 1364 3501 1435 quod
3530 1364 3764 1419 immune
3787 1372 3896 1421 esset

2337 1456 2372 1494 a
2397 1438 2657 1504 vulnere,
2690 1438 2856 1510 quod
2889 1454 3065 1493 nemo
3092 1437 3418 1510 hominum
3462 1435 3685 1510 tolerare
3728 1442 3895 1506 posset,

2338 1510 2452 1565 nisi
2482 1510 2646 1565 solus
2685 1507 2797 1566 Iob
2825 1512 2867 1573 ί,
2914 1510 3016 1581 qui
3048 1509 3282 1581 vincere
3317 1507 3514 1581 potuit
3562 1512 3813 1561 satanam.
3854 1510 3897 1561 Et

2337 1597 2611 1662 cuiirnec
2634 1582 2726 1660 sic
2743 1577 3005 1662 nequitia
3025 1579 3252 1662 diaboli
3276 1577 3518 1650 aliquod
3543 1594 3778 1662 murmur
3802 1594 3899 1662 con.

2338 1660 2428 1709 tra
2461 1655 2642 1708 Deum
2678 1656 2804 1708 viro
2832 1650 2992 1720 justo
3022 1651 3274 1713 eliceret,
3307 1664 3533 1704 memor
3573 1650 3795 1719 pristina:
3815 1650 3899 1703 cal-

2336 1725 2581 1779 liditatis
2621 1741 2761 1785 suae,
2797 1739 2919 1795 qua
2959 1721 3438 1795 decepit_Adam,
3474 1720 3671 1795 sategit
3690 1721 3903 1795 siposset

2337 1800 2395 1851 et
2433 1796 2612 1850 istum
2661 1811 2763 1866 per
2813 1791 3124 1849 mulierem
3176 1793 3451 1866 decipere
3492 1808 3514 1866 ;_
3562 1792 3691 1866 quia
3736 1791 3904 1866 facilius

2337 1868 2479 1951 quis.
2503 1863 2795 1951 decipitur
2823 1881 2926 1947 per
2954 1864 3372 1951 domesticum:
3502 1864 3558 1951 in
3582 1863 3903 1951 hisromnibus

2340 1933 2483 1993 nihil
2512 1933 2848 2009 proficiens]
2881 1938 3002 1992 imo
3052 1937 3477 2009 detrimentum
3509 1933 3712 2009 faciens
3745 1934 3906 2009 impii;

2337 2005 2724 2064 dentissimus
2746 2013 3147 2073 satanas,non
3165 2007 3359 2061 solum
3382 2005 3909 2060 immobileminvenit

2338 2081 2435 2136 Dei
2479 2096 2740 2146 servum,
2774 2079 2878 2134 sed
2908 2080 3088 2134 etiam
3136 2077 3514 2145 magistrum.
3554 2077 3610 2130 In
3660 2077 3769 2147 ipsa
3793 2076 3907 2129 enim

2338 2154 2689 2207 necessitate
2726 2151 2976 2222 positus,
3002 2166 3122 2205 non
3154 2155 3387 2204 tantum
3420 2149 3478 2202 in
3513 2147 3609 2203 Dei
3638 2149 3813 2202 timore
3836 2148 3909 2200 du-

2337 2224 2505 2288 ravit,
2537 2239 2743 2278 verum
2767 2224 2944 2277 etiam
2972 2237 3217 2276 uxorem
3243 2222 3541 2274 contraria
3572 2226 3907 2288 suggerentem

2338 2296 2675 2365 increpans,
2700 2293 2921 2365 docuit,
2950 2293 3156 2365 omnia
3185 2308 3323 2365 quae
3352 2290 3475 2365 Deo
3503 2292 3831 2365 permittente
3846 2302 3909 2365 ac-

2338 2310 2675 2365 increpans,
2700 2306 2921 2359 docurt,
2950 2308 3156 2348 omnia
3186 2308 3323 2361 quae
3353 2306 3475 2346 ueo
3545 2306 3831 2345 ermiuenie
3846 2306 3909 2342 ac-

2337 2366 2561 2430 cidunt,
2585 2363 3265 2429 fortitertoleranda(Job
3286 2378 3343 2426 ιι,
3383 2306 3565 2432 4-in):
3594 2361 3735 2432 quod
3757 2358 3909 2415 addu-

2338 2438 2550 2513 plice_m
2567 2453 2809 2513 poenam
2830 2436 3079 2513 pertinet
3096 2434 3177 2489 im
3189 2433 3427 2513 providi
3442 2442 3676 2513 satanas,
3698 2432 3908 2513 quia’necl

2339 2501 2527 2564 suasit
2563 2501 2727 2581 quod
2757 2501 2959 2581 voluit,
2988 2512 3046 2581 et
3075 2501 3211 2560 cum
3246 2505 3382 2581 huic
3414 2504 3633 2581 invidit,
3664 2501 3791 2581 alios
3818 2501 3909 2555 fecit

2337 2576 2781 2650 discere'quod
2841 2594 2948 2633 nec
3003 2579 3161 2633 hunc
3194 2576 3345 2650 scire
3395 2576 3643 2650 volebat.
3677 2577 3907 2650 Quantum

2336 2652 2496 2706 enim
2532 2644 2718 2720 prosit
2749 2651 2990 2705 tentatio
3028 2650 3127 2704 Dei
3184 2647 3392 2711 servis,
3427 2653 3481 2702 et
3519 2646 3669 2720 obsit
3710 2644 3907 2701 diabolo,

2338 2723 2449 2777 hac
2482 2719 2725 2777 lectione
2744 2721 2975 2793 plenius
2990 2720 3335 2775 edocemur.
3367 2720 3511 2773 Cum
3544 2719 3691 2774 enim
3720 2723 3853 2787 putat
3870 2729 3911 2791 se

2337 2810 2548 2849 nocere
2568 2794 2674 2857 eis,
2709 2796 3026 2864 promovet
3054 2806 3187 2857 eos;
3221 2796 3274 2845 et
3304 2806 3448 2845 cum
3474 2806 3651 2864 unum
3680 2800 3910 2864 persequr

2340 2870 2450 2930 tur,
2482 2860 2816 2920 multos'ad
2843 2864 3115 2918 virtutem
3154 2867 3461 2932 provocat.
3503 2860 3758 2915 Videntes
3799 2860 3913 2932 enim

2338 2927 2571 2991 auxiliis
2612 2935 2712 2990 Dei
2763 2936 2924 2991 hunc
2969 2927 3216 3005 protegi.
3272 2932 3445 3005 multi
3490 2927 3913 3005 imita_tores_ejus

2335 3008 2615 3063 existunt.
2642 3008 2899 3062 Lucrum
2919 3000 3061 3073 ergo
3086 3000 3290 3060 volens
3314 3003 3509 3059 facere
3528 3002 3780 3072 perdidit.
3799 3000 3913 3053 Sem-

2338 3081 2611 3151 perenim
2629 3078 2791 3133 furor
2811 3079 2940 3147 ejus
2953 3078 3286 3139 damnosus
3310 3076 3492 3151 est‘ei.
3517 3078 3661 3151 Nam
3686 3086 3803 3151 cum
3828 3083 3915 3151 per-

2338 3141 2809 3223 sequiturjustos
2830 3141 2903 3204 ne
2925 3152 3331 3223 munerantur,
3361 3146 3768 3223 dignioreseos
3783 3141 3915 3223 facit:

2332 3227 2389 3298 et
2418 3212 2555 3298 cum
2578 3212 2801 3298 zelatur
2832 3226 3110 3275 sanctum
3128 3212 3616 3298 J_ob,_d_uplicav_it
3636 3216 3683 3270 ei
3704 3212 3913 3298 merituri]

2334 3293 2393 3348 in
2434 3293 2584 3348 cmlo
2615 3300 2672 3347 et
2702 3294 2759 3347 in
2800 3298 2954 3347 terra
2997 3311 3008 3353 ;
3064 3292 3207 3362 quia
3231 3296 3287 3344 et
3326 3289 3425 3344 hic
3454 3294 3659 3362 auctus
3696 3289 3916 3362 est,.etii}

2331 3365 2492 3419 caelis
2545 3380 2683 3419 cum
2714 3350 3016 3418 Salvatore
3044 3350 3314 3431 receptus
3353 3376 3367 3423 ;
3415 3366 3477 3414 ut
3527 3360 3635 3431 ista
3663 3358 3833 3431 omnia
3861 3350 3914 3406 ad

2334 3440 2681 3490 sanctorum
2749 3434 3063 3505 proficiant
3118 3427 3393 3501 gloriam,
3441 3431 3515 3486 ad
3571 3427 3773 3485 diaboli
3819 3435 3916 3477 vero

2333 3521 2598 3579 poenam.

3028 3591 3093 3630 me
3130 3590 3310 3629 TOBIA.
3848 3634 3871 3639 _
3907 3632 3913 3639 ⁸

2409 3648 2558 3703 CXXI
2586 3647 2689 3719 (a).
2726 3678 2791 3687 —
2831 3649 3018 3702 Tanta
3048 3644 3429 3719 providentia
3472 3648 3560 3719 est
3610 3638 3811 3719 Domini
3848 3634 3915 3687 Dei

2336 3719 2494 3775 circa
2525 3716 2657 3783 nos,
2692 3725 2754 3774 ut
2783 3734 2981 3773 errare
3014 3716 3124 3773 nos
3150 3716 3386 3780 nolens,
3414 3724 3471 3770 et
3505 3717 3685 3785 legem
3707 3717 3915 3785 etexein:

2340 3791 2439 3860 pla
2469 3779 2770 3845 bonorum
2809 3806 3060 3860 operum
3102 3787 3292 3853 daret,
3317 3779 3590 3861 gquibus'
3622 3779 3916 3861 modestae!

2340 3854 2661 3933 tranquilla
2688 3861 2781 3930 agi
2816 3854 3284 3933 possitvitacum
3315 3854 3418 3913 Déi
3440 3860 3663 3913 timore.
3689 3854 3781 3919 Qui
3806 3858 3919 3933 enini

2341 3926 2547 3988 auctor
2602 3926 2869 3997 vitae—est,
2913 3947 3033 3985 non
3064 3930 3184 3985 vult
3208 3931 3414 4000 utique
3440 3941 3775 4000 opussuum
3797 3926 3918 3975 morti

2340 4020 2469 4059 esse
2500 4004 2850 4075 obnoxium.
2873 4001 3163 4075 Quamvis
3192 3998 3409 4075 natura
3440 3998 3572 4071 ipsa
3600 3998 3836 4075 legisnon
3854 4002 3919 4075 ex:

2342 4091 2476 4147 pers
2492 4074 2792 4141 sit;tamen
2806 4066 2947 4142 quia
2964 4074 3250 4128 Dominus
3264 4073 3384 4127 bon
3396 4066 3531 4126 us'et
3547 4066 3917 4147 misericorsg‘sfi

2342 4130 2404 4201 ut
2427 4130 2620 4215 major
2641 4130 2848 4201 notitia
2868 4161 3076 4200 eorum
3105 4151 3259 4199 esset
3279 4159 3417 4215 quae
3448 4130 3920 4215 sequenda,etil‘lt}'

2343 4234 2476 4273 rum
2495 4201 2630 4288 q'uae
2654 4217 2895 4271 vitanda
2910 4222 3065 4277 sunt.
3086 4201 3374 4270 litteris‘et
3406 4201 3687 4288 exemplis
3708 4201 3917 4288 ostendit.

2345 4281 2954 4359 sicutprtesenslectio
2979 4293 3240 4342 testatur.
3263 4288 3356 4359 Dei
3374 4302 3521 4359 ergo
3548 4281 3783 4359 famulus
3804 4287 3919 4359 sane;

2348 4366 2439 4415 tus
2453 4347 2668 4431 Tdbias
2693 4368 2821 4431 post
2841 4360 3035 4425 legem
3056 4358 3402 4431 exemplum
3428 4347 3766 4431 nobisdatus
3782 4347 3920 4431 esti”

2345 4447 2481 4503 quae
2512 4424 2792 4503 legimus,
2823 4424 3130 4503 quomon
3153 4424 3320 4503 fiant.
3372 4430 3675 4488 sciamus;
3712 4424 3920 4503 et‘siteii-

2346 4491 2603 4558 tationes
2629 4491 2997 4565 advenerim,
3034 4518 3069 4555 ιι
3100 4501 3199 4555 Dei
3235 4500 3447 4555 timore
3483 4515 3597 4554 non
3629 4491 3919 4550 recedamus,

2347 4573 2840 4643 nequeauxilium
2858 4571 3099 4627 aliunde
3127 4587 3309 4642 quam
3331 4573 3410 4625 ab
3439 4586 3511 4626 eo
3541 4569 3919 4643 speremuamtt;

2350 4630 2544 4699 mores
2577 4646 2865 4715 scriptum
2887 4659 3038 4705 esse,
3071 4630 3314 4715 Pusillus
3345 4643 3463 4710 fui,
3502 4630 3689 4695 etenim
3721 4630 3860 4715 senui,
3883 4630 3919 4715 ft

2348 4732 2619 4785 nunquam
2650 4709 2764 4770 vidi
2786 4717 2991 4785 justum
3048 4709 3362 4769 derelictum
3396 4729 3491 4768 nec
3529 4726 3692 4765 semen
3714 4709 3810 4785 ejus.
3824 4709 3920 4785 qui;

2347 4774 2488 4841 rans
2513 4804 2704 4857 panem
2736 4774 2903 4858 (P'sal.
2928 4802 3119 4849 xxxvr,
3152 4785 3263 4856 '25).
3300 4788 3618 4858 Nunquam
3642 4774 3916 4858 erqude‘Cll‘j

2349 4835 2702 4929 pararam
2726 4835 2783 4912 fc}
2792 4835 2858 4912 [εἶ
2867 4835 3475 4929 ’ἑιὶἔὶίὶέέᾗέἵδίίιῖιτ
3491 4835 3917 4929 ὒέμωηξιιιοειξὶ

2350 4914 2584 5000 tempus
2612 4914 3021 4985 tribulationes
3038 4914 3181 4983 ortae
3205 4927 3423 4982 fuerint
3454 4942 3558 4997 per
3578 4920 3801 5000 insidias
3819 4914 3917 5000 sf‘i‘

2350 4990 2771 5072 nae,'exempla
2798 5016 2907 5055 nos
2937 4990 3531 5072 doceintsanctoru'm
3570 4990 3914 5072 virorulft}.

2347 5062 2478 5126 haec
2498 5089 2531 5127 a
2549 5062 2964 5143 Deo'permitti,
2981 5071 3095 5125 nisi
3110 5070 3185 5125 ad
3202 5070 3637 5143 incrementum
3655 5062 3915 5143 meritorii}!

2349 5127 2723 5214 nostrorum':
2755 5142 2899 5214 quia
2931 5127 2977 5196 εἶ
3011 5157 3182 5214 aequo
3206 5141 3409 5214 animo
3447 5139 3657 5214 fugin!
3688 5127 3913 5214 mihi”?

2348 5213 2444 5269 hic
2471 5215 2643 5269 nobis
2672 5189 2912 5269 dabitur
2937 5189 3262 5268 congolatio
3291 5228 3431 5267 cum
3461 5208 3685 5271 effectu,
3714 5189 3771 5258 et.
3798 5198 3839 5252 in
3862 5189 3915 5269 {9‘

2350 5291 2481 5340 turo
2500 5287 2619 5340 vita
2643 5291 3013 5340 aeternacum
3035 5284 3241 5351 gloria.
3280 5285 3431 5355 Deus
3451 5282 3609 5337 enim
3634 5280 3805 5355 negt“
3821 5273 3915 5355 il“):

2343 5356 2544 5427 justus
2577 5361 2682 5421 est,
2717 5361 2772 5411 et
2802 5342 3189 5427 personarum
3210 5354 3477 5424 acceptio
3508 5349 3664 5427 apud
3693 5346 3823 5421 illum
3837 5342 3913 5427 I395}

2349 5416 2746 5497 ἱδει(1ἰογη.ἰι,
2789 5416 2892 5497 [1).
2931 5426 3141 5482 tentari
3196 5441 3308 5479 nos
3351 5416 3653 5497 permittit,
3701 5416 3913 5497 (ιιξίίιιιξῗξ

2348 5478 2666 5567 aeraria
2688 5478 3141 5570 sarissae;
3156 5478 3545 5568 passivum
3581 5478 3796 5564 praemia
3817 5478 3912 5531 dar?

2380 5599 2426 5669 ,ί
2457 5597 2514 5645 In
2541 5596 2697 5646 editis
2726 5596 2891 5656 deest,
2923 5596 3038 5651 Job,
3070 5594 3214 5659 quod
3245 5594 3546 5644 restituitur
3573 5605 3629 5641 ex
3664 5586 3746 5637 Ms.
3769 5575 3910 5630 Colber'

2354 5662 2490 5785 “123).
2513 5721 2671 5771 Deest
2700 5722 2754 5771 in
2792 5721 2912 5771 Mss.
2946 5719 3166 5772 secundi
3197 5718 3425 5785 generis.
