  <div class='ocr_page' id='page_1' title='image "/cluster/home/n/w/nwhite01/storage/ocr_20150623/35/hvd.32044054170956/534.png"; bbox 0 0 4158 6204; ppageno 0'>
   <div class='ocr_carea' id='block_1_1' title="bbox 275 212 423 270">
    <p class='ocr_par' dir='ltr' id='par_1_1' title="bbox 275 212 423 270">
     <span class='ocr_line' id='line_1_1' title="bbox 275 212 423 270; baseline 0.007 -1"><span class='ocrx_word' id='word_1_1' title='bbox 275 213 346 269; x_wconf 76' lang='grc'>23</span> <span class='ocrx_word' id='word_1_2' title='bbox 353 212 423 270; x_wconf 83' lang='grc'>69</span> 
     </span>
    </p>
   </div>
   <div class='ocr_carea' id='block_1_2' title="bbox 274 338 1921 412">
    <p class='ocr_par' dir='ltr' id='par_1_2' title="bbox 274 338 1921 412">
     <span class='ocr_line' id='line_1_2' title="bbox 274 338 1921 412; baseline 0.001 -16"><span class='ocrx_word' id='word_1_3' title='bbox 274 340 671 412; x_wconf 89' lang='lat' dir='ltr'>amplissima.</span> <span class='ocrx_word' id='word_1_4' title='bbox 727 338 989 411; x_wconf 84' lang='lat' dir='ltr'>Denique</span> <span class='ocrx_word' id='word_1_5' title='bbox 1016 339 1323 412; x_wconf 83' lang='lat' dir='ltr'>Apostolo,</span> <span class='ocrx_word' id='word_1_6' title='bbox 1357 344 1417 396; x_wconf 94' lang='lat' dir='ltr'>ut</span> <span class='ocrx_word' id='word_1_7' title='bbox 1462 340 1817 397; x_wconf 86' lang='lat' dir='ltr'>teutationes</span> <span class='ocrx_word' id='word_1_8' title='bbox 1842 342 1921 398; x_wconf 89' lang='lat' dir='ltr'>ab</span> 
     </span>
    </p>
   </div>
   <div class='ocr_carea' id='block_1_3' title="bbox 273 411 1923 482">
    <p class='ocr_par' dir='ltr' id='par_1_3' title="bbox 273 411 1923 482">
     <span class='ocr_line' id='line_1_3' title="bbox 273 411 1923 482; baseline 0 -15"><span class='ocrx_word' id='word_1_9' title='bbox 273 427 347 467; x_wconf 91' lang='lat' dir='ltr'>eo</span> <span class='ocrx_word' id='word_1_10' title='bbox 369 411 691 476; x_wconf 85' lang='lat' dir='ltr'>cessarent,</span> <span class='ocrx_word' id='word_1_11' title='bbox 722 411 1082 481; x_wconf 83' lang='lat' dir='ltr'>deprecanti,</span> <span class='ocrx_word' id='word_1_12' title='bbox 1111 412 1401 466; x_wconf 88' lang='lat' dir='ltr'>Dominus</span> <span class='ocrx_word' id='word_1_13' title='bbox 1431 411 1531 476; x_wconf 91' lang='lat' dir='ltr'>ait,</span> <span class='ocrx_word' id='word_1_14' title='bbox 1565 412 1777 482; x_wconf 75' lang='lat' dir='ltr'>Sufﬁcit</span> <span class='ocrx_word' id='word_1_15' title='bbox 1821 414 1923 469; x_wconf 88' lang='lat' dir='ltr'>tibi</span> 
     </span>
    </p>
   </div>
   <div class='ocr_carea' id='block_1_4' title="bbox 267 483 1923 555">
    <p class='ocr_par' dir='ltr' id='par_1_4' title="bbox 267 483 1923 555">
     <span class='ocr_line' id='line_1_4' title="bbox 267 483 1923 555; baseline 0.003 -20"><span class='ocrx_word' id='word_1_16' title='bbox 267 484 457 553; x_wconf 87' lang='lat' dir='ltr'>gratia</span> <span class='ocrx_word' id='word_1_17' title='bbox 480 500 592 537; x_wconf 88' lang='lat' dir='ltr'>mea</span> <span class='ocrx_word' id='word_1_18' title='bbox 616 506 635 552; x_wconf 83' lang='lat'>,-</span> <span class='ocrx_word' id='word_1_19' title='bbox 656 499 777 536; x_wconf 86' lang='lat' dir='ltr'>nam</span> <span class='ocrx_word' id='word_1_20' title='bbox 800 483 976 555; x_wconf 61' lang='lat' dir='ltr'>uirtus</span> <span class='ocrx_word' id='word_1_21' title='bbox 1003 484 1057 536; x_wconf 85' lang='lat' dir='ltr'>in</span> <span class='ocrx_word' id='word_1_22' title='bbox 1098 483 1422 553; x_wconf 79' lang='lat' dir='ltr'>inﬁrmitate</span> <span class='ocrx_word' id='word_1_23' title='bbox 1449 483 1748 555; x_wconf 76' lang='lat' dir='ltr'>perficitur.</span> <span class='ocrx_word' id='word_1_24' title='bbox 1783 486 1923 540; x_wconf 87' lang='lat' dir='ltr'>Hinc</span> 
     </span>
    </p>
   </div>
   <div class='ocr_carea' id='block_1_5' title="bbox 273 553 1920 626">
    <p class='ocr_par' dir='ltr' id='par_1_5' title="bbox 273 553 1920 626">
     <span class='ocr_line' id='line_1_5' title="bbox 273 553 1920 626; baseline 0.002 -19"><span class='ocrx_word' id='word_1_25' title='bbox 273 555 633 626; x_wconf 79' lang='lat' dir='ltr'>subsecutus</span> <span class='ocrx_word' id='word_1_26' title='bbox 659 554 758 626; x_wconf 84' lang='lat' dir='ltr'>ait,</span> <span class='ocrx_word' id='word_1_27' title='bbox 788 553 922 609; x_wconf 85' lang='lat' dir='ltr'>Cum</span> <span class='ocrx_word' id='word_1_28' title='bbox 954 554 1229 626; x_wconf 76' lang='lat' dir='ltr'>inﬁrmor,</span> <span class='ocrx_word' id='word_1_29' title='bbox 1266 560 1390 609; x_wconf 81' lang='lat' dir='ltr'>tunc</span> <span class='ocrx_word' id='word_1_30' title='bbox 1415 553 1622 626; x_wconf 83' lang='lat' dir='ltr'>fortior</span> <span class='ocrx_word' id='word_1_31' title='bbox 1652 573 1768 610; x_wconf 83' lang='lat' dir='ltr'>sum</span> <span class='ocrx_word' id='word_1_32' title='bbox 1794 568 1816 624; x_wconf 87' lang='lat'>,‘</span> <span class='ocrx_word' id='word_1_33' title='bbox 1845 563 1920 621; x_wconf 83' lang='lat' dir='ltr'>et,</span> 
     </span>
    </p>
   </div>
   <div class='ocr_carea' id='block_1_6' title="bbox 270 624 1923 695">
    <p class='ocr_par' dir='ltr' id='par_1_6' title="bbox 270 624 1923 695">
     <span class='ocr_line' id='line_1_6' title="bbox 270 624 1923 695; baseline 0.002 -16"><span class='ocrx_word' id='word_1_34' title='bbox 270 624 505 689; x_wconf 84' lang='lat' dir='ltr'>Gaudeo,</span> <span class='ocrx_word' id='word_1_35' title='bbox 535 624 749 695; x_wconf 96' lang='lat' dir='ltr'>inquit,</span> <span class='ocrx_word' id='word_1_36' title='bbox 782 627 839 678; x_wconf 87' lang='lat' dir='ltr'>in</span> <span class='ocrx_word' id='word_1_37' title='bbox 886 624 1341 680; x_wconf 70' lang='lat' dir='ltr'>tribizlationibus</span> <span class='ocrx_word' id='word_1_38' title='bbox 1386 624 1535 691; x_wconf 75' lang='lat' dir='ltr'>meis,</span> <span class='ocrx_word' id='word_1_39' title='bbox 1570 633 1633 681; x_wconf 86' lang='lat' dir='ltr'>ut</span> <span class='ocrx_word' id='word_1_40' title='bbox 1660 626 1923 683; x_wconf 81' lang='lat' dir='ltr'>inhabitet</span> 
     </span>
    </p>
   </div>
   <div class='ocr_carea' id='block_1_7' title="bbox 270 695 1923 767">
    <p class='ocr_par' dir='ltr' id='par_1_7' title="bbox 270 695 1923 767">
     <span class='ocr_line' id='line_1_7' title="bbox 270 695 1923 767; baseline 0.002 -18"><span class='ocrx_word' id='word_1_41' title='bbox 270 696 334 750; x_wconf 84' lang='lat' dir='ltr'>in</span> <span class='ocrx_word' id='word_1_42' title='bbox 364 713 442 750; x_wconf 88' lang='lat' dir='ltr'>me</span> <span class='ocrx_word' id='word_1_43' title='bbox 466 697 640 750; x_wconf 81' lang='lat' dir='ltr'>virtus</span> <span class='ocrx_word' id='word_1_44' title='bbox 669 695 879 751; x_wconf 77' lang='lat' dir='ltr'><strong><em>Christi</em></strong></span> <span class='ocrx_word' id='word_1_45' title='bbox 904 698 975 767; x_wconf 90' lang='grc' dir='ltr'>(ΙΙ</span> <span class='ocrx_word' id='word_1_46' title='bbox 1017 699 1142 753; x_wconf 83' lang='lat' dir='ltr'>Cor.</span> <span class='ocrx_word' id='word_1_47' title='bbox 1172 712 1270 765; x_wconf 65' lang='grc' dir='ltr'><strong>ιιι,</strong></span> <span class='ocrx_word' id='word_1_48' title='bbox 1313 702 1364 761; x_wconf 89' lang='lat'>9,</span> <span class='ocrx_word' id='word_1_49' title='bbox 1407 698 1515 767; x_wconf 83' lang='grc'>10).</span> <span class='ocrx_word' id='word_1_50' title='bbox 1559 696 1748 765; x_wconf 89' lang='lat' dir='ltr'>Quam</span> <span class='ocrx_word' id='word_1_51' title='bbox 1781 713 1923 767; x_wconf 90' lang='lat' dir='ltr'>ergo</span> 
     </span>
    </p>
   </div>
   <div class='ocr_carea' id='block_1_8' title="bbox 268 767 1919 839">
    <p class='ocr_par' dir='ltr' id='par_1_8' title="bbox 268 767 1919 839">
     <span class='ocr_line' id='line_1_8' title="bbox 268 767 1919 839; baseline 0.002 -18"><span class='ocrx_word' id='word_1_52' title='bbox 268 767 592 822; x_wconf 78' lang='lat' dir='ltr'>laudabilis</span> <span class='ocrx_word' id='word_1_53' title='bbox 625 768 701 821; x_wconf 88' lang='lat' dir='ltr'>sit</span> <span class='ocrx_word' id='word_1_54' title='bbox 732 774 971 822; x_wconf 90' lang='lat' dir='ltr'>sanctus</span> <span class='ocrx_word' id='word_1_55' title='bbox 1001 768 1236 836; x_wconf 85' lang='lat' dir='ltr'>Tobias,</span> <span class='ocrx_word' id='word_1_56' title='bbox 1264 770 1564 839; x_wconf 77' lang='lat' dir='ltr'>Scriptura</span> <span class='ocrx_word' id='word_1_57' title='bbox 1590 768 1880 824; x_wconf 86' lang='lat' dir='ltr'>docemur</span> <span class='ocrx_word' id='word_1_58' title='bbox 1907 786 1919 836; x_wconf 91' lang='lat'><strong>;</strong></span> 
     </span>
    </p>
   </div>
   <div class='ocr_carea' id='block_1_9' title="bbox 271 839 1925 910">
    <p class='ocr_par' dir='ltr' id='par_1_9' title="bbox 271 839 1925 910">
     <span class='ocr_line' id='line_1_9' title="bbox 271 839 1925 910; baseline 0.001 -17"><span class='ocrx_word' id='word_1_59' title='bbox 271 839 446 910; x_wconf 87' lang='lat' dir='ltr'>cujus</span> <span class='ocrx_word' id='word_1_60' title='bbox 477 839 857 893; x_wconf 87' lang='lat' dir='ltr'>devotionem</span> <span class='ocrx_word' id='word_1_61' title='bbox 888 855 996 893; x_wconf 89' lang='lat' dir='ltr'>nec</span> <span class='ocrx_word' id='word_1_62' title='bbox 1028 840 1341 910; x_wconf 78' lang='lat' dir='ltr'>captivitas</span> <span class='ocrx_word' id='word_1_63' title='bbox 1373 842 1603 903; x_wconf 90' lang='lat' dir='ltr'>minuit,</span> <span class='ocrx_word' id='word_1_64' title='bbox 1646 856 1756 895; x_wconf 92' lang='lat' dir='ltr'>nec</span> <span class='ocrx_word' id='word_1_65' title='bbox 1786 857 1925 896; x_wconf 91' lang='lat' dir='ltr'>ocu-</span> 
     </span>
    </p>
   </div>
   <div class='ocr_carea' id='block_1_10' title="bbox 269 909 1925 983">
    <p class='ocr_par' dir='ltr' id='par_1_10' title="bbox 269 909 1925 983">
     <span class='ocr_line' id='line_1_10' title="bbox 269 909 1925 983; baseline 0.002 -19"><span class='ocrx_word' id='word_1_66' title='bbox 269 909 469 983; x_wconf 87' lang='lat' dir='ltr'>lorum</span> <span class='ocrx_word' id='word_1_67' title='bbox 500 910 747 965; x_wconf 86' lang='lat' dir='ltr'>amissio</span> <span class='ocrx_word' id='word_1_68' title='bbox 777 909 1319 983; x_wconf 85' lang='lat' dir='ltr'>quominusDeum</span> <span class='ocrx_word' id='word_1_69' title='bbox 1355 911 1749 983; x_wconf 87' lang='lat' dir='ltr'>benediceret,</span> <span class='ocrx_word' id='word_1_70' title='bbox 1780 928 1925 983; x_wconf 85' lang='lat' dir='ltr'>per-</span> 
     </span>
    </p>
   </div>
   <div class='ocr_carea' id='block_1_11' title="bbox 268 981 1925 1053">
    <p class='ocr_par' dir='ltr' id='par_1_11' title="bbox 268 981 1925 1053">
     <span class='ocr_line' id='line_1_11' title="bbox 268 981 1925 1053; baseline 0.001 -17"><span class='ocrx_word' id='word_1_71' title='bbox 268 981 476 1045; x_wconf 77' lang='lat' dir='ltr'>suasit,</span> <span class='ocrx_word' id='word_1_72' title='bbox 509 996 706 1051; x_wconf 91' lang='lat' dir='ltr'>neque</span> <span class='ocrx_word' id='word_1_73' title='bbox 729 981 1023 1053; x_wconf 85' lang='lat' dir='ltr'>exhausta</span> <span class='ocrx_word' id='word_1_74' title='bbox 1061 983 1395 1037; x_wconf 86' lang='lat' dir='ltr'>substantia</span> <span class='ocrx_word' id='word_1_75' title='bbox 1425 999 1460 1037; x_wconf 91' lang='lat' dir='ltr'>a</span> <span class='ocrx_word' id='word_1_76' title='bbox 1490 981 1842 1053; x_wconf 72' lang='lat' dir='ltr'>viajustitiaa</span> <span class='ocrx_word' id='word_1_77' title='bbox 1869 990 1925 1038; x_wconf 90' lang='lat' dir='ltr'>et</span> 
     </span>
    </p>
   </div>
   <div class='ocr_carea' id='block_1_12' title="bbox 266 1051 1926 1125">
    <p class='ocr_par' dir='ltr' id='par_1_12' title="bbox 266 1051 1926 1125">
     <span class='ocr_line' id='line_1_12' title="bbox 266 1051 1926 1125; baseline 0.002 -18"><span class='ocrx_word' id='word_1_78' title='bbox 266 1054 532 1125; x_wconf 71' lang='lat' dir='ltr'>veritatis</span> <span class='ocrx_word' id='word_1_79' title='bbox 561 1054 771 1125; x_wconf 89' lang='lat' dir='ltr'>avertit</span> <span class='ocrx_word' id='word_1_80' title='bbox 800 1051 954 1123; x_wconf 85' lang='lat' dir='ltr'>(Tob.</span> <span class='ocrx_word' id='word_1_81' title='bbox 988 1052 1136 1124; x_wconf 83' lang='lat' dir='ltr'>I-Ill).</span> <span class='ocrx_word' id='word_1_82' title='bbox 1168 1055 1495 1109; x_wconf 76' lang='lat' dir='ltr'>Necessitas</span> <span class='ocrx_word' id='word_1_83' title='bbox 1528 1051 1687 1109; x_wconf 88' lang='lat' dir='ltr'>enim</span> <span class='ocrx_word' id='word_1_84' title='bbox 1716 1056 1926 1125; x_wconf 80' lang='lat' dir='ltr'>probat</span> 
     </span>
    </p>
   </div>
   <div class='ocr_carea' id='block_1_13' title="bbox 264 1123 1923 1195">
    <p class='ocr_par' dir='ltr' id='par_1_13' title="bbox 264 1123 1923 1195">
     <span class='ocr_line' id='line_1_13' title="bbox 264 1123 1923 1195; baseline 0.002 -18"><span class='ocrx_word' id='word_1_85' title='bbox 264 1123 490 1193; x_wconf 90' lang='lat' dir='ltr'>justum</span> <span class='ocrx_word' id='word_1_86' title='bbox 526 1139 541 1188; x_wconf 87' lang='lat'><strong>;</strong></span> <span class='ocrx_word' id='word_1_87' title='bbox 570 1129 627 1178; x_wconf 90' lang='lat' dir='ltr'>et</span> <span class='ocrx_word' id='word_1_88' title='bbox 656 1124 715 1177; x_wconf 90' lang='lat' dir='ltr'>in</span> <span class='ocrx_word' id='word_1_89' title='bbox 747 1130 1013 1193; x_wconf 90' lang='lat' dir='ltr'>egestate</span> <span class='ocrx_word' id='word_1_90' title='bbox 1036 1123 1375 1195; x_wconf 56' lang='lat' dir='ltr'>(equitatem</span> <span class='ocrx_word' id='word_1_91' title='bbox 1410 1140 1668 1188; x_wconf 89' lang='lat' dir='ltr'>servare,</span> <span class='ocrx_word' id='word_1_92' title='bbox 1704 1123 1837 1181; x_wconf 76' lang='lat' dir='ltr'>vera</span> <span class='ocrx_word' id='word_1_93' title='bbox 1854 1142 1923 1181; x_wconf 91' lang='lat' dir='ltr'>ac</span> 
     </span>
    </p>
   </div>
   <div class='ocr_carea' id='block_1_14' title="bbox 266 1195 1924 1267">
    <p class='ocr_par' dir='ltr' id='par_1_14' title="bbox 266 1195 1924 1267">
     <span class='ocr_line' id='line_1_14' title="bbox 266 1195 1924 1267; baseline 0.003 -20"><span class='ocrx_word' id='word_1_94' title='bbox 266 1195 774 1267; x_wconf 82' lang='lat' dir='ltr'>periectajustitia</span> <span class='ocrx_word' id='word_1_95' title='bbox 804 1205 909 1249; x_wconf 86' lang='lat' dir='ltr'>est.</span> <span class='ocrx_word' id='word_1_96' title='bbox 928 1197 1092 1250; x_wconf 86' lang='lat' dir='ltr'>Unde</span> <span class='ocrx_word' id='word_1_97' title='bbox 1125 1197 1285 1250; x_wconf 90' lang='lat' dir='ltr'>enim</span> <span class='ocrx_word' id='word_1_98' title='bbox 1309 1198 1715 1267; x_wconf 90' lang='lat' dir='ltr'>quorumdam</span> <span class='ocrx_word' id='word_1_99' title='bbox 1742 1197 1924 1252; x_wconf 84' lang='lat' dir='ltr'>devo-</span> 
     </span>
    </p>
   </div>
   <div class='ocr_carea' id='block_1_15' title="bbox 267 1266 1923 1337">
    <p class='ocr_par' dir='ltr' id='par_1_15' title="bbox 267 1266 1923 1337">
     <span class='ocr_line' id='line_1_15' title="bbox 267 1266 1923 1337; baseline 0.002 -18"><span class='ocrx_word' id='word_1_100' title='bbox 267 1266 351 1320; x_wconf 89' lang='lat' dir='ltr'>tio</span> <span class='ocrx_word' id='word_1_101' title='bbox 386 1267 688 1329; x_wconf 81' lang='lat' dir='ltr'>minuitur,</span> <span class='ocrx_word' id='word_1_102' title='bbox 726 1266 863 1320; x_wconf 89' lang='lat' dir='ltr'>inde</span> <span class='ocrx_word' id='word_1_103' title='bbox 895 1274 1287 1332; x_wconf 71' lang='lat' dir='ltr'>augmentum</span> <span class='ocrx_word' id='word_1_104' title='bbox 1332 1266 1470 1321; x_wconf 68' lang='lat' dir='ltr'>fecit</span> <span class='ocrx_word' id='word_1_105' title='bbox 1503 1267 1680 1323; x_wconf 87' lang='lat' dir='ltr'>laude</span> <span class='ocrx_word' id='word_1_106' title='bbox 1705 1268 1923 1337; x_wconf 89' lang='lat' dir='ltr'>dignus</span> 
     </span>
    </p>
   </div>
   <div class='ocr_carea' id='block_1_16' title="bbox 266 1338 1925 1410">
    <p class='ocr_par' dir='ltr' id='par_1_16' title="bbox 266 1338 1925 1410">
     <span class='ocr_line' id='line_1_16' title="bbox 266 1338 1925 1410; baseline 0.002 -20"><span class='ocrx_word' id='word_1_107' title='bbox 266 1338 501 1410; x_wconf 78' lang='lat' dir='ltr'>Tobias.</span> <span class='ocrx_word' id='word_1_108' title='bbox 562 1338 758 1408; x_wconf 85' lang='lat' dir='ltr'>Inopia</span> <span class='ocrx_word' id='word_1_109' title='bbox 777 1339 938 1402; x_wconf 85' lang='lat' dir='ltr'>enim,</span> <span class='ocrx_word' id='word_1_110' title='bbox 974 1338 1182 1409; x_wconf 88' lang='lat' dir='ltr'>inquit,</span> <span class='ocrx_word' id='word_1_111' title='bbox 1218 1338 1471 1392; x_wconf 82' lang='lat' dir='ltr'>humiliat</span> <span class='ocrx_word' id='word_1_112' title='bbox 1502 1342 1681 1393; x_wconf 81' lang='lat' dir='ltr'>virum</span> <span class='ocrx_word' id='word_1_113' title='bbox 1702 1355 1728 1403; x_wconf 85' lang='lat'><em>;</em></span> <span class='ocrx_word' id='word_1_114' title='bbox 1751 1344 1801 1393; x_wconf 83' lang='lat' dir='ltr'>et</span> <span class='ocrx_word' id='word_1_115' title='bbox 1829 1340 1925 1410; x_wconf 83' lang='lat' dir='ltr'>qui</span> 
     </span>
    </p>
   </div>
   <div class='ocr_carea' id='block_1_17' title="bbox 263 1408 1924 1479">
    <p class='ocr_par' dir='ltr' id='par_1_17' title="bbox 263 1408 1924 1479">
     <span class='ocr_line' id='line_1_17' title="bbox 263 1408 1924 1479; baseline 0.002 -18"><span class='ocrx_word' id='word_1_116' title='bbox 263 1408 616 1476; x_wconf 83' lang='lat' dir='ltr'>humiliatur,</span> <span class='ocrx_word' id='word_1_117' title='bbox 638 1426 743 1463; x_wconf 83' lang='lat' dir='ltr'>non</span> <span class='ocrx_word' id='word_1_118' title='bbox 790 1416 955 1479; x_wconf 81' lang='lat' dir='ltr'>potest</span> <span class='ocrx_word' id='word_1_119' title='bbox 988 1424 1203 1463; x_wconf 84' lang='lat' dir='ltr'>servare</span> <span class='ocrx_word' id='word_1_120' title='bbox 1223 1410 1541 1479; x_wconf 74' lang='lat' dir='ltr'>justitiam;</span> <span class='ocrx_word' id='word_1_121' title='bbox 1593 1410 1792 1465; x_wconf 85' lang='lat' dir='ltr'>Sancti</span> <span class='ocrx_word' id='word_1_122' title='bbox 1824 1408 1924 1465; x_wconf 79' lang='lat' dir='ltr'>au-</span> 
     </span>
    </p>
   </div>
   <div class='ocr_carea' id='block_1_18' title="bbox 267 1481 1924 1551">
    <p class='ocr_par' dir='ltr' id='par_1_18' title="bbox 267 1481 1924 1551">
     <span class='ocr_line' id='line_1_18' title="bbox 267 1481 1924 1551; baseline 0.002 -19"><span class='ocrx_word' id='word_1_123' title='bbox 267 1484 387 1533; x_wconf 90' lang='lat' dir='ltr'>tem</span> <span class='ocrx_word' id='word_1_124' title='bbox 415 1481 609 1535; x_wconf 62' lang='lat' dir='ltr'>Tobiae</span> <span class='ocrx_word' id='word_1_125' title='bbox 639 1487 867 1535; x_wconf 88' lang='lat' dir='ltr'>erectus</span> <span class='ocrx_word' id='word_1_126' title='bbox 898 1482 974 1534; x_wconf 90' lang='lat' dir='ltr'>ad</span> <span class='ocrx_word' id='word_1_127' title='bbox 1008 1481 1194 1551; x_wconf 89' lang='lat' dir='ltr'>Deum</span> <span class='ocrx_word' id='word_1_128' title='bbox 1236 1482 1499 1543; x_wconf 88' lang='lat' dir='ltr'>animus,</span> <span class='ocrx_word' id='word_1_129' title='bbox 1540 1498 1647 1535; x_wconf 91' lang='lat' dir='ltr'>nec</span> <span class='ocrx_word' id='word_1_130' title='bbox 1680 1483 1924 1551; x_wconf 89' lang='lat' dir='ltr'>captivi-</span> 
     </span>
    </p>
   </div>
   <div class='ocr_carea' id='block_1_19' title="bbox 264 1550 1921 1623">
    <p class='ocr_par' dir='ltr' id='par_1_19' title="bbox 264 1550 1921 1623">
     <span class='ocr_line' id='line_1_19' title="bbox 264 1550 1921 1623; baseline 0.001 -18"><span class='ocrx_word' id='word_1_131' title='bbox 264 1555 391 1623; x_wconf 85' lang='lat' dir='ltr'>tate</span> <span class='ocrx_word' id='word_1_132' title='bbox 417 1551 638 1623; x_wconf 85' lang='lat' dir='ltr'>fractus</span> <span class='ocrx_word' id='word_1_133' title='bbox 660 1557 766 1615; x_wconf 91' lang='lat' dir='ltr'>est,</span> <span class='ocrx_word' id='word_1_134' title='bbox 796 1567 903 1606; x_wconf 90' lang='lat' dir='ltr'>nec</span> <span class='ocrx_word' id='word_1_135' title='bbox 923 1552 1123 1622; x_wconf 89' lang='lat' dir='ltr'>inopia</span> <span class='ocrx_word' id='word_1_136' title='bbox 1138 1550 1488 1608; x_wconf 88' lang='lat' dir='ltr'>humiliatus</span> <span class='ocrx_word' id='word_1_137' title='bbox 1518 1555 1691 1623; x_wconf 90' lang='lat' dir='ltr'>:quia</span> <span class='ocrx_word' id='word_1_138' title='bbox 1712 1550 1921 1608; x_wconf 87' lang='lat' dir='ltr'>etcon-</span> 
     </span>
    </p>
   </div>
   <div class='ocr_carea' id='block_1_20' title="bbox 265 1621 1920 1695">
    <p class='ocr_par' dir='ltr' id='par_1_20' title="bbox 265 1621 1920 1695">
     <span class='ocr_line' id='line_1_20' title="bbox 265 1621 1920 1695; baseline 0.002 -20"><span class='ocrx_word' id='word_1_139' title='bbox 265 1627 364 1695; x_wconf 4' lang='lat' dir='ltr'>trag</span> <span class='ocrx_word' id='word_1_140' title='bbox 382 1621 782 1695; x_wconf 57' lang='lat' dir='ltr'>interdictum,</span> <span class='ocrx_word' id='word_1_141' title='bbox 796 1621 1129 1695; x_wconf 85' lang='lat' dir='ltr'>occisorum</span> <span class='ocrx_word' id='word_1_142' title='bbox 1145 1638 1400 1693; x_wconf 90' lang='lat' dir='ltr'>corpora</span> <span class='ocrx_word' id='word_1_143' title='bbox 1414 1621 1734 1695; x_wconf 71' lang='lat' dir='ltr'>sepultura:</span> <span class='ocrx_word' id='word_1_144' title='bbox 1750 1640 1920 1678; x_wconf 90' lang='lat' dir='ltr'>man-</span> 
     </span>
    </p>
   </div>
   <div class='ocr_carea' id='block_1_21' title="bbox 264 1692 1919 1765">
    <p class='ocr_par' dir='ltr' id='par_1_21' title="bbox 264 1692 1919 1765">
     <span class='ocr_line' id='line_1_21' title="bbox 264 1692 1919 1765; baseline 0.002 -19"><span class='ocrx_word' id='word_1_145' title='bbox 264 1692 470 1765; x_wconf 80' lang='lat' dir='ltr'>dabat,</span> <span class='ocrx_word' id='word_1_146' title='bbox 501 1699 555 1747; x_wconf 90' lang='lat' dir='ltr'>et</span> <span class='ocrx_word' id='word_1_147' title='bbox 581 1692 653 1746; x_wconf 90' lang='lat' dir='ltr'>de</span> <span class='ocrx_word' id='word_1_148' title='bbox 683 1693 783 1747; x_wconf 89' lang='lat' dir='ltr'>Dei</span> <span class='ocrx_word' id='word_1_149' title='bbox 807 1693 1118 1763; x_wconf 81' lang='lat' dir='ltr'>largitione</span> <span class='ocrx_word' id='word_1_150' title='bbox 1150 1692 1418 1761; x_wconf 84' lang='lat' dir='ltr'>securus,</span> <span class='ocrx_word' id='word_1_151' title='bbox 1444 1692 1517 1750; x_wconf 82' lang='lat' dir='ltr'>de</span> <span class='ocrx_word' id='word_1_152' title='bbox 1546 1697 1675 1765; x_wconf 88' lang='lat' dir='ltr'>ipso</span> <span class='ocrx_word' id='word_1_153' title='bbox 1706 1696 1919 1759; x_wconf 84' lang='lat' dir='ltr'>exiguo</span> 
     </span>
    </p>
   </div>
   <div class='ocr_carea' id='block_1_22' title="bbox 264 1762 1918 1837">
    <p class='ocr_par' dir='ltr' id='par_1_22' title="bbox 264 1762 1918 1837">
     <span class='ocr_line' id='line_1_22' title="bbox 264 1762 1918 1837; baseline 0.002 -21"><span class='ocrx_word' id='word_1_154' title='bbox 264 1762 630 1837; x_wconf 78' lang='lat' dir='ltr'>misericors</span> <span class='ocrx_word' id='word_1_155' title='bbox 657 1770 799 1829; x_wconf 87' lang='lat' dir='ltr'>erat,</span> <span class='ocrx_word' id='word_1_156' title='bbox 835 1762 1028 1820; x_wconf 85' lang='lat' dir='ltr'>sciens</span> <span class='ocrx_word' id='word_1_157' title='bbox 1083 1765 1239 1837; x_wconf 87' lang='lat' dir='ltr'>hanc</span> <span class='ocrx_word' id='word_1_158' title='bbox 1273 1768 1463 1837; x_wconf 89' lang='lat' dir='ltr'>magis</span> <span class='ocrx_word' id='word_1_159' title='bbox 1509 1762 1739 1835; x_wconf 77' lang='lat' dir='ltr'>placere</span> <span class='ocrx_word' id='word_1_160' title='bbox 1799 1766 1918 1820; x_wconf 94' lang='lat' dir='ltr'>Deo</span> 
     </span>
    </p>
   </div>
   <div class='ocr_carea' id='block_1_23' title="bbox 264 1833 1919 1905">
    <p class='ocr_par' dir='ltr' id='par_1_23' title="bbox 264 1833 1919 1905">
     <span class='ocr_line' id='line_1_23' title="bbox 264 1833 1919 1905; baseline 0.003 -18"><span class='ocrx_word' id='word_1_161' title='bbox 264 1833 739 1889; x_wconf 89' lang='lat' dir='ltr'>misericordiam</span> <span class='ocrx_word' id='word_1_162' title='bbox 791 1852 926 1905; x_wconf 77' lang='lat' dir='ltr'>quae</span> <span class='ocrx_word' id='word_1_163' title='bbox 957 1836 1030 1890; x_wconf 92' lang='lat' dir='ltr'>de</span> <span class='ocrx_word' id='word_1_164' title='bbox 1078 1836 1293 1905; x_wconf 88' lang='lat' dir='ltr'>exiguo</span> <span class='ocrx_word' id='word_1_165' title='bbox 1324 1833 1441 1904; x_wconf 50' lang='lat' dir='ltr'>ﬂt&#39;;</span> <span class='ocrx_word' id='word_1_166' title='bbox 1475 1833 1624 1891; x_wconf 83' lang='lat' dir='ltr'>sicut</span> <span class='ocrx_word' id='word_1_167' title='bbox 1655 1844 1711 1891; x_wconf 91' lang='lat' dir='ltr'>et</span> <span class='ocrx_word' id='word_1_168' title='bbox 1738 1838 1919 1892; x_wconf 88' lang='lat' dir='ltr'>vidua</span> 
     </span>
    </p>
   </div>
   <div class='ocr_carea' id='block_1_24' title="bbox 261 1905 1919 1977">
    <p class='ocr_par' dir='ltr' id='par_1_24' title="bbox 261 1905 1919 1977">
     <span class='ocr_line' id='line_1_24' title="bbox 261 1905 1919 1977; baseline 0.003 -19"><span class='ocrx_word' id='word_1_169' title='bbox 261 1905 365 1977; x_wconf 88' lang='lat' dir='ltr'>illa</span> <span class='ocrx_word' id='word_1_170' title='bbox 390 1905 543 1970; x_wconf 76' lang='lat' dir='ltr'>fecit,</span> <span class='ocrx_word' id='word_1_171' title='bbox 576 1922 763 1977; x_wconf 90' lang='lat' dir='ltr'>quam</span> <span class='ocrx_word' id='word_1_172' title='bbox 796 1908 1081 1961; x_wconf 90' lang='lat' dir='ltr'>Dominus</span> <span class='ocrx_word' id='word_1_173' title='bbox 1109 1909 1166 1961; x_wconf 91' lang='lat' dir='ltr'>in</span> <span class='ocrx_word' id='word_1_174' title='bbox 1209 1907 1527 1975; x_wconf 87' lang='lat' dir='ltr'>Evangelio</span> <span class='ocrx_word' id='word_1_175' title='bbox 1559 1907 1919 1963; x_wconf 88' lang='lat' dir='ltr'>collaudavit</span> 
     </span>
    </p>
   </div>
   <div class='ocr_carea' id='block_1_25' title="bbox 263 1976 1916 2048">
    <p class='ocr_par' dir='ltr' id='par_1_25' title="bbox 263 1976 1916 2048">
     <span class='ocr_line' id='line_1_25' title="bbox 263 1976 1916 2048; baseline 0.002 -18"><span class='ocrx_word' id='word_1_176' title='bbox 263 1976 420 2047; x_wconf 86' lang='lat' dir='ltr'>(Luc.</span> <span class='ocrx_word' id='word_1_177' title='bbox 451 1993 562 2040; x_wconf 73' lang='lat' dir='ltr'>xxx,</span> <span class='ocrx_word' id='word_1_178' title='bbox 618 1979 731 2048; x_wconf 78' lang='grc'>2-4)</span> <span class='ocrx_word' id='word_1_179' title='bbox 788 1979 888 2032; x_wconf 83' lang='lat' dir='ltr'>Hic</span> <span class='ocrx_word' id='word_1_180' title='bbox 918 1980 1076 2033; x_wconf 89' lang='lat' dir='ltr'>enim</span> <span class='ocrx_word' id='word_1_181' title='bbox 1111 1994 1242 2033; x_wconf 88' lang='lat' dir='ltr'>vere</span> <span class='ocrx_word' id='word_1_182' title='bbox 1303 1979 1494 2033; x_wconf 80' lang='lat' dir='ltr'>ﬁdelis</span> <span class='ocrx_word' id='word_1_183' title='bbox 1528 1986 1636 2044; x_wconf 90' lang='lat' dir='ltr'>est,</span> <span class='ocrx_word' id='word_1_184' title='bbox 1668 1979 1763 2033; x_wconf 91' lang='lat' dir='ltr'>hic</span> <span class='ocrx_word' id='word_1_185' title='bbox 1796 1996 1916 2034; x_wconf 92' lang='lat' dir='ltr'>non</span> 
     </span>
    </p>
   </div>
   <div class='ocr_carea' id='block_1_26' title="bbox 262 2048 1912 2121">
    <p class='ocr_par' dir='ltr' id='par_1_26' title="bbox 262 2048 1912 2121">
     <span class='ocr_line' id='line_1_26' title="bbox 262 2048 1912 2121; baseline 0.004 -23"><span class='ocrx_word' id='word_1_186' title='bbox 262 2048 502 2121; x_wconf 68' lang='lat' dir='ltr'>dubitat</span> <span class='ocrx_word' id='word_1_187' title='bbox 525 2048 599 2121; x_wconf 82' lang='lat' dir='ltr'>de</span> <span class='ocrx_word' id='word_1_188' title='bbox 632 2048 940 2119; x_wconf 88' lang='lat' dir='ltr'>promissis</span> <span class='ocrx_word' id='word_1_189' title='bbox 996 2049 1120 2114; x_wconf 92' lang='lat' dir='ltr'>Dei,</span> <span class='ocrx_word' id='word_1_190' title='bbox 1163 2050 1266 2120; x_wconf 88' lang='lat' dir='ltr'>qui</span> <span class='ocrx_word' id='word_1_191' title='bbox 1297 2050 1371 2104; x_wconf 91' lang='lat' dir='ltr'>de</span> <span class='ocrx_word' id='word_1_192' title='bbox 1424 2066 1612 2121; x_wconf 88' lang='lat' dir='ltr'>parvo</span> <span class='ocrx_word' id='word_1_193' title='bbox 1646 2050 1912 2119; x_wconf 87' lang='lat' dir='ltr'>largitur.</span> 
     </span>
    </p>
   </div>
   <div class='ocr_carea' id='block_1_27' title="bbox 259 2118 1914 2198">
    <p class='ocr_par' dir='ltr' id='par_1_27' title="bbox 259 2118 1914 2198">
     <span class='ocr_line' id='line_1_27' title="bbox 259 2118 1914 2198; baseline 0.002 -25"><span class='ocrx_word' id='word_1_194' title='bbox 259 2118 381 2198; x_wconf 62' lang='lat' dir='ltr'>Spe</span> <span class='ocrx_word' id='word_1_195' title='bbox 404 2134 564 2198; x_wconf 88' lang='lat' dir='ltr'>ergo_</span> <span class='ocrx_word' id='word_1_196' title='bbox 577 2118 911 2198; x_wconf 75' lang='lat' dir='ltr'>futurorum</span> <span class='ocrx_word' id='word_1_197' title='bbox 940 2118 1211 2198; x_wconf 82' lang='lat' dir='ltr'>animum</span> <span class='ocrx_word' id='word_1_198' title='bbox 1227 2137 1403 2198; x_wconf 85' lang='lat' dir='ltr'>suum</span> <span class='ocrx_word' id='word_1_199' title='bbox 1428 2118 1777 2198; x_wconf 73' lang='lat' dir='ltr'>consolans,</span> <span class='ocrx_word' id='word_1_200' title='bbox 1796 2121 1914 2198; x_wconf 88' lang='lat' dir='ltr'>Deo</span> 
     </span>
    </p>
   </div>
   <div class='ocr_carea' id='block_1_28' title="bbox 261 2190 1914 2247">
    <p class='ocr_par' dir='ltr' id='par_1_28' title="bbox 261 2190 1914 2247">
     <span class='ocr_line' id='line_1_28' title="bbox 261 2190 1914 2247; baseline 0.002 -3"><span class='ocrx_word' id='word_1_201' title='bbox 261 2190 498 2245; x_wconf 87' lang='lat' dir='ltr'>dicatus</span> <span class='ocrx_word' id='word_1_202' title='bbox 524 2192 738 2246; x_wconf 87' lang='lat' dir='ltr'>Tobias</span> <span class='ocrx_word' id='word_1_203' title='bbox 771 2191 831 2246; x_wconf 91' lang='lat' dir='ltr'>in</span> <span class='ocrx_word' id='word_1_204' title='bbox 862 2193 1183 2246; x_wconf 90' lang='lat' dir='ltr'>teutatione</span> <span class='ocrx_word' id='word_1_205' title='bbox 1232 2193 1514 2246; x_wconf 90' lang='lat' dir='ltr'>robustus</span> <span class='ocrx_word' id='word_1_206' title='bbox 1545 2199 1599 2247; x_wconf 90' lang='lat' dir='ltr'>et</span> <span class='ocrx_word' id='word_1_207' title='bbox 1622 2192 1786 2247; x_wconf 83' lang='lat' dir='ltr'>fortis</span> <span class='ocrx_word' id='word_1_208' title='bbox 1816 2195 1914 2247; x_wconf 89' lang='lat' dir='ltr'>in-</span> 
     </span>
    </p>
   </div>
   <div class='ocr_carea' id='block_1_29' title="bbox 264 2262 1912 2335">
    <p class='ocr_par' dir='ltr' id='par_1_29' title="bbox 264 2262 1912 2335">
     <span class='ocr_line' id='line_1_29' title="bbox 264 2262 1912 2335; baseline 0.002 -20"><span class='ocrx_word' id='word_1_209' title='bbox 264 2267 478 2316; x_wconf 91' lang='lat' dir='ltr'>ventus</span> <span class='ocrx_word' id='word_1_210' title='bbox 504 2268 619 2335; x_wconf 83' lang='lat' dir='ltr'>est,</span> <span class='ocrx_word' id='word_1_211' title='bbox 653 2263 972 2335; x_wconf 88' lang='lat' dir='ltr'>ostendens</span> <span class='ocrx_word' id='word_1_212' title='bbox 1006 2262 1063 2316; x_wconf 92' lang='lat' dir='ltr'>in</span> <span class='ocrx_word' id='word_1_213' title='bbox 1081 2264 1429 2317; x_wconf 87' lang='lat' dir='ltr'>necessitate</span> <span class='ocrx_word' id='word_1_214' title='bbox 1462 2263 1597 2335; x_wconf 89' lang='lat' dir='ltr'>plus</span> <span class='ocrx_word' id='word_1_215' title='bbox 1631 2265 1686 2317; x_wconf 95' lang='lat' dir='ltr'>in</span> <span class='ocrx_word' id='word_1_216' title='bbox 1722 2264 1821 2318; x_wconf 89' lang='lat' dir='ltr'>Dei</span> <span class='ocrx_word' id='word_1_217' title='bbox 1853 2265 1912 2319; x_wconf 85' lang='lat' dir='ltr'>ti-</span> 
     </span>
    </p>
   </div>
   <div class='ocr_carea' id='block_1_30' title="bbox 262 2332 1913 2405">
    <p class='ocr_par' dir='ltr' id='par_1_30' title="bbox 262 2332 1913 2405">
     <span class='ocr_line' id='line_1_30' title="bbox 262 2332 1913 2405; baseline 0.002 -19"><span class='ocrx_word' id='word_1_218' title='bbox 262 2349 429 2405; x_wconf 82' lang='lat' dir='ltr'>more</span> <span class='ocrx_word' id='word_1_219' title='bbox 461 2332 830 2401; x_wconf 84' lang='lat' dir='ltr'>vigilandum</span> <span class='ocrx_word' id='word_1_220' title='bbox 867 2350 881 2399; x_wconf 91' lang='lat'><strong>;</strong></span> <span class='ocrx_word' id='word_1_221' title='bbox 912 2335 1051 2405; x_wconf 89' lang='lat' dir='ltr'>quia</span> <span class='ocrx_word' id='word_1_222' title='bbox 1071 2335 1117 2387; x_wconf 88' lang='lat' dir='ltr'>si</span> <span class='ocrx_word' id='word_1_223' title='bbox 1152 2332 1479 2389; x_wconf 81' lang='lat' dir='ltr'>necessitas</span> <span class='ocrx_word' id='word_1_224' title='bbox 1499 2335 1577 2389; x_wconf 89' lang='lat' dir='ltr'>ad</span> <span class='ocrx_word' id='word_1_225' title='bbox 1617 2335 1717 2389; x_wconf 89' lang='lat' dir='ltr'>Dei</span> <span class='ocrx_word' id='word_1_226' title='bbox 1751 2336 1913 2390; x_wconf 83' lang='lat' dir='ltr'>auxi-</span> 
     </span>
    </p>
   </div>
   <div class='ocr_carea' id='block_1_31' title="bbox 258 2403 1909 2476">
    <p class='ocr_par' dir='ltr' id='par_1_31' title="bbox 258 2403 1909 2476">
     <span class='ocr_line' id='line_1_31' title="bbox 258 2403 1909 2476; baseline 0 -17"><span class='ocrx_word' id='word_1_227' title='bbox 258 2403 408 2459; x_wconf 87' lang='lat' dir='ltr'>lium</span> <span class='ocrx_word' id='word_1_228' title='bbox 440 2420 557 2459; x_wconf 87' lang='lat' dir='ltr'>uon</span> <span class='ocrx_word' id='word_1_229' title='bbox 588 2405 853 2476; x_wconf 84' lang='lat' dir='ltr'>impellit,</span> <span class='ocrx_word' id='word_1_230' title='bbox 885 2403 1111 2476; x_wconf 85' lang='lat' dir='ltr'>quanto</span> <span class='ocrx_word' id='word_1_231' title='bbox 1146 2406 1339 2473; x_wconf 87' lang='lat' dir='ltr'>magis</span> <span class='ocrx_word' id='word_1_232' title='bbox 1382 2407 1667 2460; x_wconf 86' lang='lat' dir='ltr'>securitas</span> <span class='ocrx_word' id='word_1_233' title='bbox 1697 2406 1726 2459; x_wconf 74' lang='lat' dir='ltr'>‘l</span> <span class='ocrx_word' id='word_1_234' title='bbox 1764 2407 1909 2462; x_wconf 88' lang='lat' dir='ltr'>Certi</span> 
     </span>
    </p>
   </div>
   <div class='ocr_carea' id='block_1_32' title="bbox 261 2474 1911 2546">
    <p class='ocr_par' dir='ltr' id='par_1_32' title="bbox 261 2474 1911 2546">
     <span class='ocr_line' id='line_1_32' title="bbox 261 2474 1911 2546; baseline 0.001 -16"><span class='ocrx_word' id='word_1_235' title='bbox 261 2490 405 2545; x_wconf 87' lang='lat' dir='ltr'>ergo</span> <span class='ocrx_word' id='word_1_236' title='bbox 437 2474 625 2529; x_wconf 89' lang='lat' dir='ltr'>sancti</span> <span class='ocrx_word' id='word_1_237' title='bbox 658 2475 766 2529; x_wconf 91' lang='lat' dir='ltr'>viri</span> <span class='ocrx_word' id='word_1_238' title='bbox 797 2474 959 2546; x_wconf 79' lang='lat' dir='ltr'>quod</span> <span class='ocrx_word' id='word_1_239' title='bbox 1014 2476 1169 2530; x_wconf 92' lang='lat' dir='ltr'>Deus</span> <span class='ocrx_word' id='word_1_240' title='bbox 1209 2476 1505 2546; x_wconf 86' lang='lat' dir='ltr'>judicium</span> <span class='ocrx_word' id='word_1_241' title='bbox 1553 2477 1663 2531; x_wconf 89' lang='lat' dir='ltr'>sibi</span> <span class='ocrx_word' id='word_1_242' title='bbox 1704 2493 1911 2532; x_wconf 89' lang='lat' dir='ltr'>eorum</span> 
     </span>
    </p>
   </div>
   <div class='ocr_carea' id='block_1_33' title="bbox 263 2547 1913 2618">
    <p class='ocr_par' dir='ltr' id='par_1_33' title="bbox 263 2547 1913 2618">
     <span class='ocr_line' id='line_1_33' title="bbox 263 2547 1913 2618; baseline 0.001 -17"><span class='ocrx_word' id='word_1_243' title='bbox 263 2548 538 2618; x_wconf 85' lang='lat' dir='ltr'>omnium</span> <span class='ocrx_word' id='word_1_244' title='bbox 571 2561 706 2617; x_wconf 65' lang='lat' dir='ltr'>quas</span> <span class='ocrx_word' id='word_1_245' title='bbox 738 2547 795 2601; x_wconf 91' lang='lat' dir='ltr'>in</span> <span class='ocrx_word' id='word_1_246' title='bbox 829 2547 941 2601; x_wconf 91' lang='lat' dir='ltr'>hoc</span> <span class='ocrx_word' id='word_1_247' title='bbox 970 2547 1197 2618; x_wconf 88' lang='lat' dir='ltr'>mundo</span> <span class='ocrx_word' id='word_1_248' title='bbox 1237 2548 1407 2611; x_wconf 82' lang='lat' dir='ltr'>ﬁunt,</span> <span class='ocrx_word' id='word_1_249' title='bbox 1441 2549 1756 2618; x_wconf 84' lang='lat' dir='ltr'>exceperit,</span> <span class='ocrx_word' id='word_1_250' title='bbox 1811 2549 1913 2603; x_wconf 89' lang='lat' dir='ltr'>tri-</span> 
     </span>
    </p>
   </div>
   <div class='ocr_carea' id='block_1_34' title="bbox 260 2617 1913 2688">
    <p class='ocr_par' dir='ltr' id='par_1_34' title="bbox 260 2617 1913 2688">
     <span class='ocr_line' id='line_1_34' title="bbox 260 2617 1913 2688; baseline 0.001 -15"><span class='ocrx_word' id='word_1_251' title='bbox 260 2617 599 2673; x_wconf 90' lang='lat' dir='ltr'>bulationes</span> <span class='ocrx_word' id='word_1_252' title='bbox 622 2621 679 2671; x_wconf 90' lang='lat' dir='ltr'>et</span> <span class='ocrx_word' id='word_1_253' title='bbox 707 2618 932 2672; x_wconf 88' lang='lat' dir='ltr'>damna</span> <span class='ocrx_word' id='word_1_254' title='bbox 960 2617 1259 2688; x_wconf 89' lang='lat' dir='ltr'>etreliqua</span> <span class='ocrx_word' id='word_1_255' title='bbox 1280 2619 1456 2673; x_wconf 87' lang='lat' dir='ltr'>exitia</span> <span class='ocrx_word' id='word_1_256' title='bbox 1487 2617 1913 2674; x_wconf 38' lang='lat' dir='ltr'>vel’contume-</span> 
     </span>
    </p>
   </div>
   <div class='ocr_carea' id='block_1_35' title="bbox 262 2689 1913 2759">
    <p class='ocr_par' dir='ltr' id='par_1_35' title="bbox 262 2689 1913 2759">
     <span class='ocr_line' id='line_1_35' title="bbox 262 2689 1913 2759; baseline 0.001 -16"><span class='ocrx_word' id='word_1_257' title='bbox 262 2689 395 2751; x_wconf 89' lang='lat' dir='ltr'>lias,</span> <span class='ocrx_word' id='word_1_258' title='bbox 418 2704 537 2744; x_wconf 93' lang='lat' dir='ltr'>non</span> <span class='ocrx_word' id='word_1_259' title='bbox 566 2694 796 2744; x_wconf 88' lang='lat' dir='ltr'>tantum</span> <span class='ocrx_word' id='word_1_260' title='bbox 829 2704 945 2743; x_wconf 92' lang='lat' dir='ltr'>non</span> <span class='ocrx_word' id='word_1_261' title='bbox 961 2705 1115 2759; x_wconf 72' lang='lat' dir='ltr'>aegre</span> <span class='ocrx_word' id='word_1_262' title='bbox 1147 2690 1425 2752; x_wconf 91' lang='lat' dir='ltr'>tulerunt,</span> <span class='ocrx_word' id='word_1_263' title='bbox 1467 2689 1572 2744; x_wconf 92' lang='lat' dir='ltr'>sed</span> <span class='ocrx_word' id='word_1_264' title='bbox 1600 2695 1654 2743; x_wconf 88' lang='lat' dir='ltr'>et</span> <span class='ocrx_word' id='word_1_265' title='bbox 1677 2697 1913 2757; x_wconf 89' lang='lat' dir='ltr'>gratan-</span> 
     </span>
    </p>
   </div>
   <div class='ocr_carea' id='block_1_36' title="bbox 260 2760 1909 2833">
    <p class='ocr_par' dir='ltr' id='par_1_36' title="bbox 260 2760 1909 2833">
     <span class='ocr_line' id='line_1_36' title="bbox 260 2760 1909 2833; baseline 0 -18"><span class='ocrx_word' id='word_1_266' title='bbox 260 2766 349 2815; x_wconf 87' lang='lat' dir='ltr'>ter</span> <span class='ocrx_word' id='word_1_267' title='bbox 381 2766 739 2833; x_wconf 87' lang='lat' dir='ltr'>acceperunt</span> <span class='ocrx_word' id='word_1_268' title='bbox 771 2777 783 2815; x_wconf 87' lang='lat'><strong>:</strong></span> <span class='ocrx_word' id='word_1_269' title='bbox 819 2761 977 2833; x_wconf 84' lang='lat' dir='ltr'>sicut</span> <span class='ocrx_word' id='word_1_270' title='bbox 1026 2768 1082 2833; x_wconf 91' lang='lat' dir='ltr'>et</span> <span class='ocrx_word' id='word_1_271' title='bbox 1110 2762 1294 2833; x_wconf 86' lang='lat' dir='ltr'>nostri</span> <span class='ocrx_word' id='word_1_272' title='bbox 1325 2760 1602 2831; x_wconf 85' lang='lat' dir='ltr'>apostoli,</span> <span class='ocrx_word' id='word_1_273' title='bbox 1634 2761 1736 2833; x_wconf 89' lang='lat' dir='ltr'>qui</span> <span class='ocrx_word' id='word_1_274' title='bbox 1770 2763 1909 2815; x_wconf 65' lang='lat' dir='ltr'>caesi</span> 
     </span>
    </p>
   </div>
   <div class='ocr_carea' id='block_1_37' title="bbox 258 2830 1911 2902">
    <p class='ocr_par' dir='ltr' id='par_1_37' title="bbox 258 2830 1911 2902">
     <span class='ocr_line' id='line_1_37' title="bbox 258 2830 1911 2902; baseline 0.001 -16"><span class='ocrx_word' id='word_1_275' title='bbox 258 2831 465 2901; x_wconf 81' lang='lat' dir='ltr'>gavisi</span> <span class='ocrx_word' id='word_1_276' title='bbox 515 2830 672 2895; x_wconf 81' lang='lat' dir='ltr'>sunt,</span> <span class='ocrx_word' id='word_1_277' title='bbox 728 2832 869 2902; x_wconf 89' lang='lat' dir='ltr'>quia</span> <span class='ocrx_word' id='word_1_278' title='bbox 908 2830 1075 2901; x_wconf 80' lang='lat' dir='ltr'>digni</span> <span class='ocrx_word' id='word_1_279' title='bbox 1128 2832 1311 2886; x_wconf 88' lang='lat' dir='ltr'>habiti</span> <span class='ocrx_word' id='word_1_280' title='bbox 1338 2830 1476 2886; x_wconf 88' lang='lat' dir='ltr'>sunt</span> <span class='ocrx_word' id='word_1_281' title='bbox 1524 2848 1627 2902; x_wconf 90' lang='lat' dir='ltr'>pro</span> <span class='ocrx_word' id='word_1_282' title='bbox 1656 2830 1911 2887; x_wconf 76' lang='lat' dir='ltr'>nomine</span> 
     </span>
    </p>
   </div>
   <div class='ocr_carea' id='block_1_38' title="bbox 260 2902 1908 2973">
    <p class='ocr_par' dir='ltr' id='par_1_38' title="bbox 260 2902 1908 2973">
     <span class='ocr_line' id='line_1_38' title="bbox 260 2902 1908 2973; baseline -0.001 -15"><span class='ocrx_word' id='word_1_283' title='bbox 260 2902 473 2958; x_wconf 76' lang='lat' dir='ltr'>Christi</span> <span class='ocrx_word' id='word_1_284' title='bbox 504 2902 929 2958; x_wconf 87' lang='lat' dir='ltr'>contumeliam</span> <span class='ocrx_word' id='word_1_285' title='bbox 958 2902 1078 2973; x_wconf 92' lang='lat' dir='ltr'>pati</span> <span class='ocrx_word' id='word_1_286' title='bbox 1106 2904 1256 2971; x_wconf 85' lang='lat' dir='ltr'>(Act.</span> <span class='ocrx_word' id='word_1_287' title='bbox 1284 2919 1337 2968; x_wconf 89' lang='lat' dir='ltr'>v,</span> <span class='ocrx_word' id='word_1_288' title='bbox 1362 2904 1469 2972; x_wconf 77' lang='grc'>41).</span> <span class='ocrx_word' id='word_1_289' title='bbox 1506 2904 1727 2958; x_wconf 85' lang='lat' dir='ltr'>Indicia</span> <span class='ocrx_word' id='word_1_290' title='bbox 1752 2904 1908 2957; x_wconf 87' lang='lat' dir='ltr'>enim</span> 
     </span>
    </p>
   </div>
   <div class='ocr_carea' id='block_1_39' title="bbox 259 2973 1915 3045">
    <p class='ocr_par' dir='ltr' id='par_1_39' title="bbox 259 2973 1915 3045">
     <span class='ocr_line' id='line_1_39' title="bbox 259 2973 1915 3045; baseline 0 -16"><span class='ocrx_word' id='word_1_291' title='bbox 259 2974 608 3029; x_wconf 90' lang='lat' dir='ltr'>meritorum</span> <span class='ocrx_word' id='word_1_292' title='bbox 633 2973 968 3029; x_wconf 85' lang='lat' dir='ltr'>futurorum</span> <span class='ocrx_word' id='word_1_293' title='bbox 983 2973 1157 3029; x_wconf 78' lang='lat' dir='ltr'>exitia</span> <span class='ocrx_word' id='word_1_294' title='bbox 1183 2981 1339 3037; x_wconf 91' lang='lat' dir='ltr'>sunt,</span> <span class='ocrx_word' id='word_1_295' title='bbox 1369 2990 1503 3045; x_wconf 68' lang='lat' dir='ltr'>quas</span> <span class='ocrx_word' id='word_1_296' title='bbox 1530 2975 1749 3044; x_wconf 90' lang='lat' dir='ltr'>injuste</span> <span class='ocrx_word' id='word_1_297' title='bbox 1766 2974 1915 3029; x_wconf 86' lang='lat' dir='ltr'>ﬁunt</span> 
     </span>
    </p>
   </div>
   <div class='ocr_carea' id='block_1_40' title="bbox 259 3044 1915 3110">
    <p class='ocr_par' dir='ltr' id='par_1_40' title="bbox 259 3044 1915 3110">
     <span class='ocr_line' id='line_1_40' title="bbox 259 3044 1915 3110; baseline -0.001 -10"><span class='ocrx_word' id='word_1_298' title='bbox 259 3045 556 3110; x_wconf 84' lang='lat' dir='ltr'>ﬁdelibus,</span> <span class='ocrx_word' id='word_1_299' title='bbox 590 3046 714 3100; x_wconf 91' lang='lat' dir='ltr'>sive</span> <span class='ocrx_word' id='word_1_300' title='bbox 754 3046 813 3099; x_wconf 93' lang='lat' dir='ltr'>in</span> <span class='ocrx_word' id='word_1_301' title='bbox 849 3044 1334 3100; x_wconf 85' lang='lat' dir='ltr'>tribulationibus</span> <span class='ocrx_word' id='word_1_302' title='bbox 1364 3044 1484 3099; x_wconf 84' lang='lat' dir='ltr'>sive</span> <span class='ocrx_word' id='word_1_303' title='bbox 1516 3046 1575 3099; x_wconf 90' lang='lat' dir='ltr'>in</span> <span class='ocrx_word' id='word_1_304' title='bbox 1603 3049 1915 3099; x_wconf 88' lang='lat' dir='ltr'>contume-</span> 
     </span>
    </p>
   </div>
   <div class='ocr_carea' id='block_1_41' title="bbox 255 3115 1916 3188">
    <p class='ocr_par' dir='ltr' id='par_1_41' title="bbox 255 3115 1916 3188">
     <span class='ocr_line' id='line_1_41' title="bbox 255 3115 1916 3188; baseline -0.002 -16"><span class='ocrx_word' id='word_1_305' title='bbox 255 3117 377 3172; x_wconf 90' lang='lat' dir='ltr'>liis.</span> <span class='ocrx_word' id='word_1_306' title='bbox 404 3119 604 3188; x_wconf 84' lang='lat' dir='ltr'>ltaque</span> <span class='ocrx_word' id='word_1_307' title='bbox 636 3116 695 3171; x_wconf 90' lang='lat' dir='ltr'>in</span> <span class='ocrx_word' id='word_1_308' title='bbox 725 3120 957 3171; x_wconf 91' lang='lat' dir='ltr'>tantum</span> <span class='ocrx_word' id='word_1_309' title='bbox 993 3115 1112 3170; x_wconf 90' lang='lat' dir='ltr'>Deo</span> <span class='ocrx_word' id='word_1_310' title='bbox 1138 3116 1579 3187; x_wconf 90' lang='lat' dir='ltr'>placuitjustus</span> <span class='ocrx_word' id='word_1_311' title='bbox 1593 3116 1826 3179; x_wconf 89' lang='lat' dir='ltr'>Tobias,</span> <span class='ocrx_word' id='word_1_312' title='bbox 1855 3121 1916 3169; x_wconf 91' lang='lat' dir='ltr'>ut</span> 
     </span>
    </p>
   </div>
   <div class='ocr_carea' id='block_1_42' title="bbox 258 3187 1916 3258">
    <p class='ocr_par' dir='ltr' id='par_1_42' title="bbox 258 3187 1916 3258">
     <span class='ocr_line' id='line_1_42' title="bbox 258 3187 1916 3258; baseline -0.001 -15"><span class='ocrx_word' id='word_1_313' title='bbox 258 3187 483 3258; x_wconf 89' lang='lat' dir='ltr'>duplici</span> <span class='ocrx_word' id='word_1_314' title='bbox 510 3187 745 3256; x_wconf 77' lang='lat' dir='ltr'>genere</span> <span class='ocrx_word' id='word_1_315' title='bbox 782 3188 1131 3242; x_wconf 89' lang='lat' dir='ltr'>meritorum</span> <span class='ocrx_word' id='word_1_316' title='bbox 1164 3203 1414 3243; x_wconf 88' lang='lat' dir='ltr'>suorum</span> <span class='ocrx_word' id='word_1_317' title='bbox 1449 3192 1916 3257; x_wconf 89' lang='lat' dir='ltr'>consequeretur</span> 
     </span>
    </p>
   </div>
   <div class='ocr_carea' id='block_1_43' title="bbox 261 3258 1910 3330">
    <p class='ocr_par' dir='ltr' id='par_1_43' title="bbox 261 3258 1910 3330">
     <span class='ocr_line' id='line_1_43' title="bbox 261 3258 1910 3330; baseline -0.001 -16"><span class='ocrx_word' id='word_1_318' title='bbox 261 3258 600 3314; x_wconf 88' lang='lat' dir='ltr'>mercedem</span> <span class='ocrx_word' id='word_1_319' title='bbox 643 3276 656 3314; x_wconf 91' lang='lat'>:</span> <span class='ocrx_word' id='word_1_320' title='bbox 691 3263 747 3330; x_wconf 86' lang='lat' dir='ltr'>et</span> <span class='ocrx_word' id='word_1_321' title='bbox 777 3260 834 3314; x_wconf 91' lang='lat' dir='ltr'>in</span> <span class='ocrx_word' id='word_1_322' title='bbox 892 3259 1167 3329; x_wconf 78' lang='lat' dir='ltr'>praesenti</span> <span class='ocrx_word' id='word_1_323' title='bbox 1200 3259 1359 3314; x_wconf 89' lang='lat' dir='ltr'>enim</span> <span class='ocrx_word' id='word_1_324' title='bbox 1404 3258 1567 3330; x_wconf 92' lang='lat' dir='ltr'>quod</span> <span class='ocrx_word' id='word_1_325' title='bbox 1613 3259 1910 3323; x_wconf 89' lang='lat' dir='ltr'>amiserat,</span> 
     </span>
    </p>
   </div>
   <div class='ocr_carea' id='block_1_44' title="bbox 259 3329 1915 3400">
    <p class='ocr_par' dir='ltr' id='par_1_44' title="bbox 259 3329 1915 3400">
     <span class='ocr_line' id='line_1_44' title="bbox 259 3329 1915 3400; baseline -0.001 -15"><span class='ocrx_word' id='word_1_326' title='bbox 259 3332 528 3385; x_wconf 87' lang='lat' dir='ltr'>ministro</span> <span class='ocrx_word' id='word_1_327' title='bbox 559 3329 771 3399; x_wconf 90' lang='lat' dir='ltr'>angelo</span> <span class='ocrx_word' id='word_1_328' title='bbox 803 3331 1176 3400; x_wconf 88' lang='lat' dir='ltr'>recuperavit</span> <span class='ocrx_word' id='word_1_329' title='bbox 1220 3329 1447 3395; x_wconf 76' lang='lat' dir='ltr'>lumen,</span> <span class='ocrx_word' id='word_1_330' title='bbox 1477 3345 1546 3385; x_wconf 91' lang='lat' dir='ltr'>ac</span> <span class='ocrx_word' id='word_1_331' title='bbox 1577 3330 1798 3385; x_wconf 88' lang='lat' dir='ltr'>ditatus</span> <span class='ocrx_word' id='word_1_332' title='bbox 1829 3335 1915 3385; x_wconf 90' lang='lat' dir='ltr'>est</span> 
     </span>
    </p>
   </div>
   <div class='ocr_carea' id='block_1_45' title="bbox 261 3400 1910 3473">
    <p class='ocr_par' dir='ltr' id='par_1_45' title="bbox 261 3400 1910 3473">
     <span class='ocr_line' id='line_1_45' title="bbox 261 3400 1910 3473; baseline -0.001 -16"><span class='ocrx_word' id='word_1_333' title='bbox 261 3404 445 3473; x_wconf 87' lang='lat' dir='ltr'>etiam</span> <span class='ocrx_word' id='word_1_334' title='bbox 475 3401 666 3473; x_wconf 86' lang='lat' dir='ltr'>copiis</span> <span class='ocrx_word' id='word_1_335' title='bbox 689 3416 825 3473; x_wconf 70' lang='lat' dir='ltr'>quas</span> <span class='ocrx_word' id='word_1_336' title='bbox 851 3400 929 3456; x_wconf 90' lang='lat' dir='ltr'>ad</span> <span class='ocrx_word' id='word_1_337' title='bbox 956 3408 1316 3473; x_wconf 65' lang='lat' dir='ltr'>praesentem</span> <span class='ocrx_word' id='word_1_338' title='bbox 1350 3402 1644 3473; x_wconf 89' lang='lat' dir='ltr'>pertinent</span> <span class='ocrx_word' id='word_1_339' title='bbox 1679 3401 1861 3457; x_wconf 90' lang='lat' dir='ltr'>vitam</span> <span class='ocrx_word' id='word_1_340' title='bbox 1896 3417 1910 3466; x_wconf 90' lang='lat'><strong>;</strong></span> 
     </span>
    </p>
   </div>
   <div class='ocr_carea' id='block_1_46' title="bbox 259 3472 1914 3540">
    <p class='ocr_par' dir='ltr' id='par_1_46' title="bbox 259 3472 1914 3540">
     <span class='ocr_line' id='line_1_46' title="bbox 259 3472 1914 3540; baseline -0.001 -12"><span class='ocrx_word' id='word_1_341' title='bbox 259 3478 317 3528; x_wconf 92' lang='lat' dir='ltr'>et</span> <span class='ocrx_word' id='word_1_342' title='bbox 346 3473 407 3528; x_wconf 92' lang='lat' dir='ltr'>in</span> <span class='ocrx_word' id='word_1_343' title='bbox 424 3472 625 3528; x_wconf 87' lang='lat' dir='ltr'>futuro</span> <span class='ocrx_word' id='word_1_344' title='bbox 655 3472 845 3527; x_wconf 75' lang='lat' dir='ltr'>haeres</span> <span class='ocrx_word' id='word_1_345' title='bbox 877 3472 1043 3540; x_wconf 84' lang='lat' dir='ltr'>regni</span> <span class='ocrx_word' id='word_1_346' title='bbox 1072 3472 1357 3529; x_wconf 80' lang='lat' dir='ltr'>caelorum</span> <span class='ocrx_word' id='word_1_347' title='bbox 1384 3480 1470 3527; x_wconf 87' lang='lat' dir='ltr'>est</span> <span class='ocrx_word' id='word_1_348' title='bbox 1496 3473 1690 3528; x_wconf 83' lang='lat' dir='ltr'>factus</span> <span class='ocrx_word' id='word_1_349' title='bbox 1722 3490 1734 3527; x_wconf 93' lang='lat'><strong>:</strong></span> <span class='ocrx_word' id='word_1_350' title='bbox 1772 3479 1834 3527; x_wconf 89' lang='lat' dir='ltr'>ut</span> <span class='ocrx_word' id='word_1_351' title='bbox 1854 3473 1914 3527; x_wconf 92' lang='lat' dir='ltr'>in</span> 
     </span>
    </p>
   </div>
   <div class='ocr_carea' id='block_1_47' title="bbox 259 3544 1914 3615">
    <p class='ocr_par' dir='ltr' id='par_1_47' title="bbox 259 3544 1914 3615">
     <span class='ocr_line' id='line_1_47' title="bbox 259 3544 1914 3615; baseline -0.001 -16"><span class='ocrx_word' id='word_1_352' title='bbox 259 3544 372 3599; x_wconf 92' lang='lat' dir='ltr'>hoc</span> <span class='ocrx_word' id='word_1_353' title='bbox 404 3544 758 3599; x_wconf 89' lang='lat' dir='ltr'>doceremur</span> <span class='ocrx_word' id='word_1_354' title='bbox 784 3544 1049 3615; x_wconf 88' lang='lat' dir='ltr'>quiaqui</span> <span class='ocrx_word' id='word_1_355' title='bbox 1081 3551 1202 3599; x_wconf 89' lang='lat' dir='ltr'>toto</span> <span class='ocrx_word' id='word_1_356' title='bbox 1234 3544 1411 3601; x_wconf 92' lang='lat' dir='ltr'>corde</span> <span class='ocrx_word' id='word_1_357' title='bbox 1444 3544 1914 3615; x_wconf 85' lang='lat' dir='ltr'>Deilegiobtem-</span> 
     </span>
    </p>
   </div>
   <div class='ocr_carea' id='block_1_48' title="bbox 260 3614 1914 3687">
    <p class='ocr_par' dir='ltr' id='par_1_48' title="bbox 260 3614 1914 3687">
     <span class='ocr_line' id='line_1_48' title="bbox 260 3614 1914 3687; baseline 0 -18"><span class='ocrx_word' id='word_1_358' title='bbox 260 3622 451 3687; x_wconf 89' lang='lat' dir='ltr'>perat,</span> <span class='ocrx_word' id='word_1_359' title='bbox 484 3630 593 3670; x_wconf 94' lang='lat' dir='ltr'>nec</span> <span class='ocrx_word' id='word_1_360' title='bbox 624 3616 697 3669; x_wconf 91' lang='lat' dir='ltr'>de</span> <span class='ocrx_word' id='word_1_361' title='bbox 749 3614 1061 3685; x_wconf 80' lang='lat' dir='ltr'>promissis</span> <span class='ocrx_word' id='word_1_362' title='bbox 1093 3616 1345 3684; x_wconf 88' lang='lat' dir='ltr'>dubitat,</span> <span class='ocrx_word' id='word_1_363' title='bbox 1374 3622 1428 3670; x_wconf 93' lang='lat' dir='ltr'>et</span> <span class='ocrx_word' id='word_1_364' title='bbox 1466 3616 1524 3669; x_wconf 91' lang='lat' dir='ltr'>in</span> <span class='ocrx_word' id='word_1_365' title='bbox 1557 3614 1670 3671; x_wconf 87' lang='lat' dir='ltr'>hOc</span> <span class='ocrx_word' id='word_1_366' title='bbox 1697 3615 1914 3670; x_wconf 84' lang='lat' dir='ltr'>saeculo</span> 
     </span>
    </p>
   </div>
   <div class='ocr_carea' id='block_1_49' title="bbox 260 3687 1916 3758">
    <p class='ocr_par' dir='ltr' id='par_1_49' title="bbox 260 3687 1916 3758">
     <span class='ocr_line' id='line_1_49' title="bbox 260 3687 1916 3758; baseline -0.001 -16"><span class='ocrx_word' id='word_1_367' title='bbox 260 3688 469 3758; x_wconf 89' lang='lat' dir='ltr'>copias</span> <span class='ocrx_word' id='word_1_368' title='bbox 487 3688 616 3755; x_wconf 92' lang='lat' dir='ltr'>ejus</span> <span class='ocrx_word' id='word_1_369' title='bbox 648 3702 804 3756; x_wconf 61' lang='lat' dir='ltr'>saepe</span> <span class='ocrx_word' id='word_1_370' title='bbox 849 3692 1028 3755; x_wconf 91' lang='lat' dir='ltr'>auget</span> <span class='ocrx_word' id='word_1_371' title='bbox 1074 3687 1227 3741; x_wconf 91' lang='lat' dir='ltr'>Deus</span> <span class='ocrx_word' id='word_1_372' title='bbox 1256 3689 1295 3752; x_wconf 87' lang='grc'>¹,</span> <span class='ocrx_word' id='word_1_373' title='bbox 1329 3694 1384 3742; x_wconf 91' lang='lat' dir='ltr'>et</span> <span class='ocrx_word' id='word_1_374' title='bbox 1411 3688 1469 3741; x_wconf 91' lang='lat' dir='ltr'>in</span> <span class='ocrx_word' id='word_1_375' title='bbox 1506 3687 1704 3742; x_wconf 84' lang='lat' dir='ltr'>futuro</span> <span class='ocrx_word' id='word_1_376' title='bbox 1731 3688 1916 3758; x_wconf 90' lang='lat' dir='ltr'>donat</span> 
     </span>
    </p>
   </div>
   <div class='ocr_carea' id='block_1_50' title="bbox 259 3757 1915 3829">
    <p class='ocr_par' dir='ltr' id='par_1_50' title="bbox 259 3757 1915 3829">
     <span class='ocr_line' id='line_1_50' title="bbox 259 3757 1915 3829; baseline -0.001 -16"><span class='ocrx_word' id='word_1_377' title='bbox 259 3758 431 3814; x_wconf 89' lang='lat' dir='ltr'>illum</span> <span class='ocrx_word' id='word_1_378' title='bbox 463 3760 584 3814; x_wconf 90' lang='lat' dir='ltr'>vita</span> <span class='ocrx_word' id='word_1_379' title='bbox 614 3763 855 3812; x_wconf 70' lang='lat' dir='ltr'>aeterna.</span> <span class='ocrx_word' id='word_1_380' title='bbox 892 3759 987 3812; x_wconf 85' lang='lat' dir='ltr'>Est</span> <span class='ocrx_word' id='word_1_381' title='bbox 1015 3758 1191 3812; x_wconf 88' lang='lat' dir='ltr'>etiam</span> <span class='ocrx_word' id='word_1_382' title='bbox 1249 3758 1404 3813; x_wconf 88' lang='lat' dir='ltr'>aliud</span> <span class='ocrx_word' id='word_1_383' title='bbox 1436 3760 1597 3829; x_wconf 90' lang='lat' dir='ltr'>quod</span> <span class='ocrx_word' id='word_1_384' title='bbox 1634 3774 1741 3829; x_wconf 91' lang='lat' dir='ltr'>nos</span> <span class='ocrx_word' id='word_1_385' title='bbox 1771 3757 1915 3812; x_wconf 86' lang='lat' dir='ltr'>invi-</span> 
     </span>
    </p>
   </div>
   <div class='ocr_carea' id='block_1_51' title="bbox 263 3828 1914 3898">
    <p class='ocr_par' dir='ltr' id='par_1_51' title="bbox 263 3828 1914 3898">
     <span class='ocr_line' id='line_1_51' title="bbox 263 3828 1914 3898; baseline -0.001 -14"><span class='ocrx_word' id='word_1_386' title='bbox 263 3834 346 3885; x_wconf 86' lang='lat' dir='ltr'>tat</span> <span class='ocrx_word' id='word_1_387' title='bbox 373 3830 448 3883; x_wconf 90' lang='lat' dir='ltr'>ad</span> <span class='ocrx_word' id='word_1_388' title='bbox 480 3829 681 3883; x_wconf 90' lang='lat' dir='ltr'>divina</span> <span class='ocrx_word' id='word_1_389' title='bbox 716 3829 1026 3898; x_wconf 90' lang='lat' dir='ltr'>obsequia.</span> <span class='ocrx_word' id='word_1_390' title='bbox 1063 3831 1312 3885; x_wconf 90' lang='lat' dir='ltr'>Sanctus</span> <span class='ocrx_word' id='word_1_391' title='bbox 1335 3828 1495 3884; x_wconf 85' lang='lat' dir='ltr'>enim</span> <span class='ocrx_word' id='word_1_392' title='bbox 1542 3828 1757 3884; x_wconf 88' lang='lat' dir='ltr'>Tobias</span> <span class='ocrx_word' id='word_1_393' title='bbox 1796 3844 1914 3883; x_wconf 92' lang='lat' dir='ltr'>non</span> 
     </span>
    </p>
   </div>
   <div class='ocr_carea' id='block_1_52' title="bbox 262 3899 1916 3971">
    <p class='ocr_par' dir='ltr' id='par_1_52' title="bbox 262 3899 1916 3971">
     <span class='ocr_line' id='line_1_52' title="bbox 262 3899 1916 3971; baseline 0 -16"><span class='ocrx_word' id='word_1_394' title='bbox 262 3899 459 3955; x_wconf 91' lang='lat' dir='ltr'>solum</span> <span class='ocrx_word' id='word_1_395' title='bbox 489 3899 731 3969; x_wconf 71' lang='lat' dir='ltr'>justitia:</span> <span class='ocrx_word' id='word_1_396' title='bbox 778 3915 903 3971; x_wconf 82' lang='lat' dir='ltr'>suae</span> <span class='ocrx_word' id='word_1_397' title='bbox 952 3901 1159 3955; x_wconf 89' lang='lat' dir='ltr'>merita</span> <span class='ocrx_word' id='word_1_398' title='bbox 1201 3906 1559 3955; x_wconf 91' lang='lat' dir='ltr'>consecutus</span> <span class='ocrx_word' id='word_1_399' title='bbox 1609 3905 1699 3955; x_wconf 90' lang='lat' dir='ltr'>est</span> <span class='ocrx_word' id='word_1_400' title='bbox 1732 3922 1742 3964; x_wconf 82' lang='lat'><strong>;</strong></span> <span class='ocrx_word' id='word_1_401' title='bbox 1776 3901 1916 3971; x_wconf 87' lang='lat' dir='ltr'>quia</span> 
     </span>
    </p>
   </div>
   <div class='ocr_carea' id='block_1_53' title="bbox 263 3970 1914 4043">
    <p class='ocr_par' dir='ltr' id='par_1_53' title="bbox 263 3970 1914 4043">
     <span class='ocr_line' id='line_1_53' title="bbox 263 3970 1914 4043; baseline 0 -17"><span class='ocrx_word' id='word_1_402' title='bbox 263 3972 493 4043; x_wconf 84' lang='lat' dir='ltr'>accedit</span> <span class='ocrx_word' id='word_1_403' title='bbox 524 3972 598 4025; x_wconf 90' lang='lat' dir='ltr'>ad</span> <span class='ocrx_word' id='word_1_404' title='bbox 623 3970 933 4027; x_wconf 88' lang='lat' dir='ltr'>cumulum</span> <span class='ocrx_word' id='word_1_405' title='bbox 967 3971 1353 4043; x_wconf 75' lang='lat' dir='ltr'>gloriaeejus,</span> <span class='ocrx_word' id='word_1_406' title='bbox 1386 3972 1561 4027; x_wconf 90' lang='lat' dir='ltr'>etiam</span> <span class='ocrx_word' id='word_1_407' title='bbox 1595 3988 1667 4027; x_wconf 92' lang='lat' dir='ltr'>ex</span> <span class='ocrx_word' id='word_1_408' title='bbox 1707 3970 1914 4026; x_wconf 82' lang='lat' dir='ltr'>eorum</span> 
     </span>
    </p>
   </div>
   <div class='ocr_carea' id='block_1_54' title="bbox 262 4042 1914 4112">
    <p class='ocr_par' dir='ltr' id='par_1_54' title="bbox 262 4042 1914 4112">
     <span class='ocr_line' id='line_1_54' title="bbox 262 4042 1914 4112; baseline -0.001 -15"><span class='ocrx_word' id='word_1_409' title='bbox 262 4042 441 4097; x_wconf 89' lang='lat' dir='ltr'>bonis</span> <span class='ocrx_word' id='word_1_410' title='bbox 468 4043 569 4112; x_wconf 91' lang='lat' dir='ltr'>qui</span> <span class='ocrx_word' id='word_1_411' title='bbox 596 4043 916 4098; x_wconf 90' lang='lat' dir='ltr'>imitatores</span> <span class='ocrx_word' id='word_1_412' title='bbox 948 4042 1077 4112; x_wconf 90' lang='lat' dir='ltr'>ejus</span> <span class='ocrx_word' id='word_1_413' title='bbox 1109 4042 1386 4098; x_wconf 84' lang='lat' dir='ltr'>existunt.</span> <span class='ocrx_word' id='word_1_414' title='bbox 1422 4043 1482 4096; x_wconf 89' lang='lat' dir='ltr'>In</span> <span class='ocrx_word' id='word_1_415' title='bbox 1515 4042 1914 4098; x_wconf 87' lang='lat' dir='ltr'>imitatoribus</span> 
     </span>
    </p>
   </div>
   <div class='ocr_carea' id='block_1_55' title="bbox 262 4113 1914 4186">
    <p class='ocr_par' dir='ltr' id='par_1_55' title="bbox 262 4113 1914 4186">
     <span class='ocr_line' id='line_1_55' title="bbox 262 4113 1914 4186; baseline -0.001 -17"><span class='ocrx_word' id='word_1_416' title='bbox 262 4114 426 4186; x_wconf 89' lang='lat' dir='ltr'>enim</span> <span class='ocrx_word' id='word_1_417' title='bbox 456 4113 725 4186; x_wconf 88' lang='lat' dir='ltr'>exempla</span> <span class='ocrx_word' id='word_1_418' title='bbox 749 4113 1089 4186; x_wconf 86' lang='lat' dir='ltr'>laudantur.</span> <span class='ocrx_word' id='word_1_419' title='bbox 1120 4114 1287 4169; x_wconf 86' lang='lat' dir='ltr'>Auod</span> <span class='ocrx_word' id='word_1_420' title='bbox 1316 4114 1491 4170; x_wconf 92' lang='lat' dir='ltr'>nobis</span> <span class='ocrx_word' id='word_1_421' title='bbox 1519 4130 1761 4186; x_wconf 91' lang='lat' dir='ltr'>quoque</span> <span class='ocrx_word' id='word_1_422' title='bbox 1806 4129 1914 4185; x_wconf 90' lang='lat' dir='ltr'>po—</span> 
     </span>
    </p>
   </div>
   <div class='ocr_carea' id='block_1_56' title="bbox 263 4184 1916 4255">
    <p class='ocr_par' dir='ltr' id='par_1_56' title="bbox 263 4184 1916 4255">
     <span class='ocr_line' id='line_1_56' title="bbox 263 4184 1916 4255; baseline -0.001 -14"><span class='ocrx_word' id='word_1_423' title='bbox 263 4185 395 4241; x_wconf 92' lang='lat' dir='ltr'>terit</span> <span class='ocrx_word' id='word_1_424' title='bbox 422 4184 753 4255; x_wconf 87' lang='lat' dir='ltr'>provenire,</span> <span class='ocrx_word' id='word_1_425' title='bbox 806 4185 855 4239; x_wconf 89' lang='lat' dir='ltr'>si</span> <span class='ocrx_word' id='word_1_426' title='bbox 887 4184 969 4239; x_wconf 90' lang='lat' dir='ltr'>sic</span> <span class='ocrx_word' id='word_1_427' title='bbox 1001 4186 1345 4250; x_wconf 84' lang='lat' dir='ltr'>vixerimus,</span> <span class='ocrx_word' id='word_1_428' title='bbox 1380 4191 1441 4241; x_wconf 92' lang='lat' dir='ltr'>ut</span> <span class='ocrx_word' id='word_1_429' title='bbox 1471 4184 1723 4255; x_wconf 81' lang='lat' dir='ltr'>dignum</span> <span class='ocrx_word' id='word_1_430' title='bbox 1758 4184 1831 4240; x_wconf 85' lang='lat' dir='ltr'>sit</span> <span class='ocrx_word' id='word_1_431' title='bbox 1860 4189 1916 4240; x_wconf 91' lang='lat' dir='ltr'>et</span> 
     </span>
    </p>
   </div>
   <div class='ocr_carea' id='block_1_57' title="bbox 261 4256 1014 4313">
    <p class='ocr_par' dir='ltr' id='par_1_57' title="bbox 261 4256 1014 4313">
     <span class='ocr_line' id='line_1_57' title="bbox 261 4256 1014 4313; baseline 0.001 -1"><span class='ocrx_word' id='word_1_432' title='bbox 261 4271 378 4312; x_wconf 88' lang='lat' dir='ltr'>nos</span> <span class='ocrx_word' id='word_1_433' title='bbox 411 4256 739 4311; x_wconf 88' lang='lat' dir='ltr'>imitatores</span> <span class='ocrx_word' id='word_1_434' title='bbox 772 4256 1014 4313; x_wconf 88' lang='lat' dir='ltr'>habere.</span> 
     </span>
    </p>
   </div>
   <div class='ocr_carea' id='block_1_58' title="bbox 919 4344 1246 4382">
    <p class='ocr_par' dir='ltr' id='par_1_58' title="bbox 919 4344 1246 4382">
     <span class='ocr_line' id='line_1_58' title="bbox 919 4344 1246 4382; baseline 0.006 -2"><span class='ocrx_word' id='word_1_435' title='bbox 919 4345 985 4380; x_wconf 83' lang='lat' dir='ltr'>DE</span> <span class='ocrx_word' id='word_1_436' title='bbox 1021 4344 1246 4382; x_wconf 77' lang='lat' dir='ltr'>JEJUMO.</span> 
     </span>
    </p>
   </div>
   <div class='ocr_carea' id='block_1_59' title="bbox 332 4396 1908 4469">
    <p class='ocr_par' dir='ltr' id='par_1_59' title="bbox 332 4396 1908 4469">
     <span class='ocr_line' id='line_1_59' title="bbox 332 4396 1908 4469; baseline 0.001 -17"><span class='ocrx_word' id='word_1_437' title='bbox 332 4398 462 4452; x_wconf 87' lang='lat' dir='ltr'><strong>CXX</strong></span> <span class='ocrx_word' id='word_1_438' title='bbox 494 4396 592 4467; x_wconf 87' lang='lat' dir='ltr'>(a).</span> <span class='ocrx_word' id='word_1_439' title='bbox 649 4428 715 4436; x_wconf 89' lang='lat'>—</span> <span class='ocrx_word' id='word_1_440' title='bbox 754 4398 1097 4469; x_wconf 86' lang='lat' dir='ltr'>Congruum</span> <span class='ocrx_word' id='word_1_441' title='bbox 1144 4406 1251 4465; x_wconf 89' lang='lat' dir='ltr'>est,</span> <span class='ocrx_word' id='word_1_442' title='bbox 1285 4400 1496 4454; x_wconf 84' lang='lat' dir='ltr'>fratres</span> <span class='ocrx_word' id='word_1_443' title='bbox 1552 4397 1908 4464; x_wconf 86' lang='lat' dir='ltr'>charissimi,</span> 
     </span>
    </p>
   </div>
   <div class='ocr_carea' id='block_1_60' title="bbox 254 4468 1913 4541">
    <p class='ocr_par' dir='ltr' id='par_1_60' title="bbox 254 4468 1913 4541">
     <span class='ocr_line' id='line_1_60' title="bbox 254 4468 1913 4541; baseline 0.001 -19"><span class='ocrx_word' id='word_1_444' title='bbox 254 4468 639 4541; x_wconf 78' lang='lat' dir='ltr'>devotissime</span> <span class='ocrx_word' id='word_1_445' title='bbox 666 4468 765 4523; x_wconf 92' lang='lat' dir='ltr'>Dei</span> <span class='ocrx_word' id='word_1_446' title='bbox 798 4468 1166 4541; x_wconf 86' lang='lat' dir='ltr'>sacerdotem</span> <span class='ocrx_word' id='word_1_447' title='bbox 1200 4475 1256 4525; x_wconf 92' lang='lat' dir='ltr'>et</span> <span class='ocrx_word' id='word_1_448' title='bbox 1304 4472 1690 4541; x_wconf 54' lang='lat' dir='ltr'>praepositum</span> <span class='ocrx_word' id='word_1_449' title='bbox 1722 4469 1913 4540; x_wconf 90' lang='lat' dir='ltr'>plebis</span> 
     </span>
    </p>
   </div>
   <div class='ocr_carea' id='block_1_61' title="bbox 257 4538 1913 4613">
    <p class='ocr_par' dir='ltr' id='par_1_61' title="bbox 257 4538 1913 4613">
     <span class='ocr_line' id='line_1_61' title="bbox 257 4538 1913 4613; baseline 0.002 -20"><span class='ocrx_word' id='word_1_450' title='bbox 257 4538 828 4613; x_wconf 13' lang='lat' dir='ltr'>‘Christi,’exhorlari</span> <span class='ocrx_word' id='word_1_451' title='bbox 847 4540 1137 4612; x_wconf 90' lang='lat' dir='ltr'>populum</span> <span class='ocrx_word' id='word_1_452' title='bbox 1182 4538 1470 4613; x_wconf 38' lang='lat' dir='ltr'>sub—cura</span> <span class='ocrx_word' id='word_1_453' title='bbox 1501 4558 1608 4596; x_wconf 90' lang='lat' dir='ltr'>sua</span> <span class='ocrx_word' id='word_1_454' title='bbox 1649 4538 1913 4613; x_wconf 79' lang='lat' dir='ltr'>positum</span> 
     </span>
    </p>
   </div>
   <div class='ocr_carea' id='block_1_62' title="bbox 252 4609 1908 4683">
    <p class='ocr_par' dir='ltr' id='par_1_62' title="bbox 252 4609 1908 4683">
     <span class='ocr_line' id='line_1_62' title="bbox 252 4609 1908 4683; baseline 0.001 -18"><span class='ocrx_word' id='word_1_455' title='bbox 252 4609 314 4666; x_wconf 92' lang='lat' dir='ltr'>in</span> <span class='ocrx_word' id='word_1_456' title='bbox 342 4611 615 4666; x_wconf 86' lang='lat' dir='ltr'>doctrina</span> <span class='ocrx_word' id='word_1_457' title='bbox 637 4627 805 4683; x_wconf 82' lang='lat' dir='ltr'>sana,</span> <span class='ocrx_word' id='word_1_458' title='bbox 835 4609 987 4667; x_wconf 83' lang='lat' dir='ltr'>sicut</span> <span class='ocrx_word' id='word_1_459' title='bbox 1027 4612 1279 4667; x_wconf 88' lang='lat' dir='ltr'>mandat</span> <span class='ocrx_word' id='word_1_460' title='bbox 1312 4609 1823 4683; x_wconf 53' lang='lat' dir='ltr'>Apostolus&#39;(Tit.</span> <span class='ocrx_word' id='word_1_461' title='bbox 1873 4628 1908 4678; x_wconf 83' lang='lat'>1,</span> 
     </span>
    </p>
   </div>
   <div class='ocr_carea' id='block_1_63' title="bbox 252 4682 1913 4807">
    <p class='ocr_par' dir='ltr' id='par_1_63' title="bbox 252 4682 1913 4807">
     <span class='ocr_line' id='line_1_63' title="bbox 252 4682 1913 4807; baseline 0 -70"><span class='ocrx_word' id='word_1_462' title='bbox 252 4684 333 4750; x_wconf 86' lang='lat'>9),</span> <span class='ocrx_word' id='word_1_463' title='bbox 365 4686 427 4737; x_wconf 91' lang='lat' dir='ltr'>ut</span> <span class='ocrx_word' id='word_1_464' title='bbox 456 4699 610 4807; x_wconf 74' lang='lat' dir='ltr'>Opus</span> <span class='ocrx_word' id='word_1_465' title='bbox 638 4682 797 4745; x_wconf 78' lang='lat' dir='ltr'>fidei,</span> <span class='ocrx_word' id='word_1_466' title='bbox 830 4699 940 4753; x_wconf 92' lang='lat' dir='ltr'>pro</span> <span class='ocrx_word' id='word_1_467' title='bbox 971 4684 1256 4753; x_wconf 90' lang='lat' dir='ltr'>temporis</span> <span class='ocrx_word' id='word_1_468' title='bbox 1280 4682 1721 4747; x_wconf 86' lang='lat' dir='ltr'>observatione,</span> <span class='ocrx_word' id='word_1_469' title='bbox 1747 4684 1913 4738; x_wconf 90' lang='lat' dir='ltr'>omni</span> 
     </span>
     <span class='ocr_line' id='line_1_64' title="bbox 253 4754 1913 4807; baseline 0 0"><span class='ocrx_word' id='word_1_470' title='bbox 253 4768 401 4807; x_wconf 87' lang='lat' dir='ltr'>cura</span> <span class='ocrx_word' id='word_1_471' title='bbox 433 4754 493 4807; x_wconf 89' lang='lat' dir='ltr'>di</span> <span class='ocrx_word' id='word_1_472' title='bbox 524 4754 887 4807; x_wconf 72' lang='lat' dir='ltr'>igentiaaue.</span> <span class='ocrx_word' id='word_1_473' title='bbox 940 4754 1118 4807; x_wconf 90' lang='lat' dir='ltr'>alacri</span> <span class='ocrx_word' id='word_1_474' title='bbox 1167 4761 1221 4807; x_wconf 88' lang='lat' dir='ltr'>et</span> <span class='ocrx_word' id='word_1_475' title='bbox 1250 4756 1463 4807; x_wconf 89' lang='lat' dir='ltr'>devoto</span> <span class='ocrx_word' id='word_1_476' title='bbox 1496 4757 1700 4807; x_wconf 91' lang='lat' dir='ltr'>animo</span> <span class='ocrx_word' id='word_1_477' title='bbox 1733 4755 1913 4807; x_wconf 85' lang='lat' dir='ltr'>facia-</span> 
     </span>
    </p>
   </div>
   <div class='ocr_carea' id='block_1_64' title="bbox 253 4754 1914 4825">
    <p class='ocr_par' dir='ltr' id='par_1_64' title="bbox 253 4754 1914 4825">
     <span class='ocr_line' id='line_1_65' title="bbox 253 4754 1914 4825; baseline 0.001 -17"><span class='ocrx_word' id='word_1_478' title='bbox 253 4768 401 4809; x_wconf 88' lang='lat' dir='ltr'>cura</span> <span class='ocrx_word' id='word_1_479' title='bbox 433 4754 887 4825; x_wconf 87' lang='lat' dir='ltr'>diligentiaque,</span> <span class='ocrx_word' id='word_1_480' title='bbox 940 4754 1118 4810; x_wconf 89' lang='lat' dir='ltr'>alacri</span> <span class='ocrx_word' id='word_1_481' title='bbox 1167 4761 1221 4810; x_wconf 91' lang='lat' dir='ltr'>et</span> <span class='ocrx_word' id='word_1_482' title='bbox 1250 4756 1463 4811; x_wconf 89' lang='lat' dir='ltr'>devoto</span> <span class='ocrx_word' id='word_1_483' title='bbox 1496 4757 1700 4811; x_wconf 92' lang='lat' dir='ltr'>animo</span> <span class='ocrx_word' id='word_1_484' title='bbox 1733 4755 1914 4810; x_wconf 84' lang='lat' dir='ltr'>facia-</span> 
     </span>
    </p>
   </div>
   <div class='ocr_carea' id='block_1_65' title="bbox 252 4825 1912 4897">
    <p class='ocr_par' dir='ltr' id='par_1_65' title="bbox 252 4825 1912 4897">
     <span class='ocr_line' id='line_1_66' title="bbox 252 4825 1912 4897; baseline 0.002 -19"><span class='ocrx_word' id='word_1_485' title='bbox 252 4840 411 4897; x_wconf 83' lang='lat' dir='ltr'>mus.</span> <span class='ocrx_word' id='word_1_486' title='bbox 466 4825 704 4897; x_wconf 69' lang='lat' dir='ltr'>Jejunia</span> <span class='ocrx_word' id='word_1_487' title='bbox 739 4825 983 4897; x_wconf 90' lang='lat' dir='ltr'>etenim,</span> <span class='ocrx_word' id='word_1_488' title='bbox 1031 4843 1166 4897; x_wconf 83' lang='lat' dir='ltr'>quae</span> <span class='ocrx_word' id='word_1_489' title='bbox 1227 4842 1388 4881; x_wconf 92' lang='lat' dir='ltr'>nunc</span> <span class='ocrx_word' id='word_1_490' title='bbox 1435 4827 1786 4882; x_wconf 90' lang='lat' dir='ltr'>imminente</span> <span class='ocrx_word' id='word_1_491' title='bbox 1818 4825 1912 4881; x_wconf 89' lang='lat' dir='ltr'>die</span> 
     </span>
    </p>
   </div>
   <div class='ocr_carea' id='block_1_66' title="bbox 252 4895 1910 4968">
    <p class='ocr_par' dir='ltr' id='par_1_66' title="bbox 252 4895 1910 4968">
     <span class='ocr_line' id='line_1_67' title="bbox 252 4895 1910 4968; baseline -0.001 -17"><span class='ocrx_word' id='word_1_492' title='bbox 252 4895 403 4951; x_wconf 84' lang='lat' dir='ltr'>festo</span> <span class='ocrx_word' id='word_1_493' title='bbox 464 4895 1122 4968; x_wconf 68' lang='lat' dir='ltr'>Paschaecelebranda</span> <span class='ocrx_word' id='word_1_494' title='bbox 1164 4902 1321 4962; x_wconf 89' lang='lat' dir='ltr'>sunt,</span> <span class='ocrx_word' id='word_1_495' title='bbox 1375 4898 1520 4968; x_wconf 91' lang='lat' dir='ltr'>quid</span> <span class='ocrx_word' id='word_1_496' title='bbox 1576 4896 1910 4968; x_wconf 87' lang='lat' dir='ltr'>proﬁciant,</span> 
     </span>
    </p>
   </div>
   <div class='ocr_carea' id='block_1_67' title="bbox 249 4966 1913 5037">
    <p class='ocr_par' dir='ltr' id='par_1_67' title="bbox 249 4966 1913 5037">
     <span class='ocr_line' id='line_1_68' title="bbox 249 4966 1913 5037; baseline 0.001 -16"><span class='ocrx_word' id='word_1_497' title='bbox 249 4966 536 5037; x_wconf 90' lang='lat' dir='ltr'>quamvis</span> <span class='ocrx_word' id='word_1_498' title='bbox 568 4981 689 5022; x_wconf 91' lang='lat' dir='ltr'>non</span> <span class='ocrx_word' id='word_1_499' title='bbox 731 4967 933 5033; x_wconf 90' lang='lat' dir='ltr'>lateat,</span> <span class='ocrx_word' id='word_1_500' title='bbox 960 4968 1143 5023; x_wconf 89' lang='lat' dir='ltr'>taceri</span> <span class='ocrx_word' id='word_1_501' title='bbox 1172 4974 1372 5024; x_wconf 91' lang='lat' dir='ltr'>tamen</span> <span class='ocrx_word' id='word_1_502' title='bbox 1395 4966 1521 5023; x_wconf 81' lang='lat' dir='ltr'>non</span> <span class='ocrx_word' id='word_1_503' title='bbox 1541 4966 1735 5023; x_wconf 86' lang='lat' dir='ltr'>debet.</span> <span class='ocrx_word' id='word_1_504' title='bbox 1765 4970 1913 5022; x_wconf 91' lang='lat' dir='ltr'>Inci-</span> 
     </span>
    </p>
   </div>
   <div class='ocr_carea' id='block_1_68' title="bbox 252 5038 1911 5111">
    <p class='ocr_par' dir='ltr' id='par_1_68' title="bbox 252 5038 1911 5111">
     <span class='ocr_line' id='line_1_69' title="bbox 252 5038 1911 5111; baseline 0.001 -18"><span class='ocrx_word' id='word_1_505' title='bbox 252 5044 410 5093; x_wconf 89' lang='lat' dir='ltr'>tatur</span> <span class='ocrx_word' id='word_1_506' title='bbox 435 5038 593 5093; x_wconf 92' lang='lat' dir='ltr'>enim</span> <span class='ocrx_word' id='word_1_507' title='bbox 627 5039 888 5104; x_wconf 88' lang='lat' dir='ltr'>devotio,</span> <span class='ocrx_word' id='word_1_508' title='bbox 916 5040 1163 5110; x_wconf 86' lang='lat' dir='ltr'>quando</span> <span class='ocrx_word' id='word_1_509' title='bbox 1186 5055 1255 5093; x_wconf 91' lang='lat' dir='ltr'>ea</span> <span class='ocrx_word' id='word_1_510' title='bbox 1278 5056 1413 5111; x_wconf 62' lang='lat' dir='ltr'>quae</span> <span class='ocrx_word' id='word_1_511' title='bbox 1443 5040 1578 5096; x_wconf 90' lang='lat' dir='ltr'>licet</span> <span class='ocrx_word' id='word_1_512' title='bbox 1601 5056 1719 5095; x_wconf 90' lang='lat' dir='ltr'>non</span> <span class='ocrx_word' id='word_1_513' title='bbox 1746 5038 1911 5111; x_wconf 88' lang='lat' dir='ltr'>igno-</span> 
     </span>
    </p>
   </div>
   <div class='ocr_carea' id='block_1_69' title="bbox 248 5110 1911 5179">
    <p class='ocr_par' dir='ltr' id='par_1_69' title="bbox 248 5110 1911 5179">
     <span class='ocr_line' id='line_1_70' title="bbox 248 5110 1911 5179; baseline 0.001 -16"><span class='ocrx_word' id='word_1_514' title='bbox 248 5115 478 5176; x_wconf 90' lang='lat' dir='ltr'>rentur,</span> <span class='ocrx_word' id='word_1_515' title='bbox 533 5115 929 5165; x_wconf 90' lang='lat' dir='ltr'>recensentur</span> <span class='ocrx_word' id='word_1_516' title='bbox 974 5116 1191 5165; x_wconf 89' lang='lat' dir='ltr'>tamen.</span> <span class='ocrx_word' id='word_1_517' title='bbox 1235 5110 1369 5165; x_wconf 85' lang='lat' dir='ltr'>Tale</span> <span class='ocrx_word' id='word_1_518' title='bbox 1401 5112 1560 5167; x_wconf 92' lang='lat' dir='ltr'>enim</span> <span class='ocrx_word' id='word_1_519' title='bbox 1610 5115 1703 5166; x_wconf 91' lang='lat' dir='ltr'>est</span> <span class='ocrx_word' id='word_1_520' title='bbox 1751 5110 1911 5179; x_wconf 89' lang='lat' dir='ltr'>inge-</span> 
     </span>
    </p>
   </div>
   <div class='ocr_carea' id='block_1_70' title="bbox 247 5179 1910 5252">
    <p class='ocr_par' dir='ltr' id='par_1_70' title="bbox 247 5179 1910 5252">
     <span class='ocr_line' id='line_1_71' title="bbox 247 5179 1910 5252; baseline 0.001 -18"><span class='ocrx_word' id='word_1_521' title='bbox 247 5179 920 5252; x_wconf 72' lang='lat' dir='ltr'>niumnaturtenostrte,</span> <span class='ocrx_word' id='word_1_522' title='bbox 955 5186 1017 5237; x_wconf 93' lang='lat' dir='ltr'>ut</span> <span class='ocrx_word' id='word_1_523' title='bbox 1044 5188 1359 5252; x_wconf 89' lang='lat' dir='ltr'>torpescat,</span> <span class='ocrx_word' id='word_1_524' title='bbox 1392 5184 1437 5236; x_wconf 90' lang='lat' dir='ltr'>si</span> <span class='ocrx_word' id='word_1_525' title='bbox 1460 5199 1603 5236; x_wconf 90' lang='lat' dir='ltr'>usus</span> <span class='ocrx_word' id='word_1_526' title='bbox 1625 5182 1910 5237; x_wconf 89' lang='lat' dir='ltr'>destiterit</span> 
     </span>
    </p>
   </div>
   <div class='ocr_carea' id='block_1_71' title="bbox 243 5250 1905 5322">
    <p class='ocr_par' dir='ltr' id='par_1_71' title="bbox 243 5250 1905 5322">
     <span class='ocr_line' id='line_1_72' title="bbox 243 5250 1905 5322; baseline 0 -16"><span class='ocrx_word' id='word_1_527' title='bbox 243 5250 535 5307; x_wconf 91' lang='lat' dir='ltr'>lectionis.</span> <span class='ocrx_word' id='word_1_528' title='bbox 572 5253 720 5318; x_wconf 84' lang='lat' dir='ltr'>Quia</span> <span class='ocrx_word' id='word_1_529' title='bbox 773 5255 925 5309; x_wconf 89' lang='lat' dir='ltr'>sicut</span> <span class='ocrx_word' id='word_1_530' title='bbox 954 5250 1194 5316; x_wconf 82' lang='lat' dir='ltr'>ferrum,</span> <span class='ocrx_word' id='word_1_531' title='bbox 1252 5252 1364 5307; x_wconf 91' lang='lat' dir='ltr'>nisi</span> <span class='ocrx_word' id='word_1_532' title='bbox 1434 5270 1611 5309; x_wconf 92' lang='lat' dir='ltr'>usum</span> <span class='ocrx_word' id='word_1_533' title='bbox 1659 5253 1832 5308; x_wconf 84' lang='lat' dir='ltr'>fuerit</span> <span class='ocrx_word' id='word_1_534' title='bbox 1863 5254 1905 5322; x_wconf 82' lang='grc'>²,</span> 
     </span>
    </p>
   </div>
   <div class='ocr_carea' id='block_1_72' title="bbox 246 5323 1907 5395">
    <p class='ocr_par' dir='ltr' id='par_1_72' title="bbox 246 5323 1907 5395">
     <span class='ocr_line' id='line_1_73' title="bbox 246 5323 1907 5395; baseline 0.001 -18"><span class='ocrx_word' id='word_1_535' title='bbox 246 5324 578 5395; x_wconf 59' lang='grc' dir='ltr'>φτυςὶῐιθω</span> <span class='ocrx_word' id='word_1_536' title='bbox 628 5330 870 5393; x_wconf 88' lang='lat' dir='ltr'>generat</span> <span class='ocrx_word' id='word_1_537' title='bbox 904 5341 916 5388; x_wconf 92' lang='lat'><strong>;</strong></span> <span class='ocrx_word' id='word_1_538' title='bbox 950 5327 1031 5379; x_wconf 91' lang='lat' dir='ltr'>ita</span> <span class='ocrx_word' id='word_1_539' title='bbox 1064 5323 1343 5379; x_wconf 90' lang='lat' dir='ltr'>etanima</span> <span class='ocrx_word' id='word_1_540' title='bbox 1383 5325 1497 5379; x_wconf 88' lang='lat' dir='ltr'>nisi</span> <span class='ocrx_word' id='word_1_541' title='bbox 1540 5323 1907 5395; x_wconf 87' lang='lat' dir='ltr'>frequentius</span> 
     </span>
    </p>
   </div>
   <div class='ocr_carea' id='block_1_73' title="bbox 246 5394 1904 5466">
    <p class='ocr_par' dir='ltr' id='par_1_73' title="bbox 246 5394 1904 5466">
     <span class='ocr_line' id='line_1_74' title="bbox 246 5394 1904 5466; baseline 0 -17"><span class='ocrx_word' id='word_1_542' title='bbox 246 5394 837 5466; x_wconf 81' lang='lat' dir='ltr'>divinisexerceatur</span> <span class='ocrx_word' id='word_1_543' title='bbox 867 5395 1238 5459; x_wconf 87' lang='lat' dir='ltr'>lectionibus,</span> <span class='ocrx_word' id='word_1_544' title='bbox 1291 5401 1631 5461; x_wconf 88' lang='lat' dir='ltr'>nascentur,</span> <span class='ocrx_word' id='word_1_545' title='bbox 1668 5395 1743 5449; x_wconf 92' lang='lat' dir='ltr'>illi</span> <span class='ocrx_word' id='word_1_546' title='bbox 1773 5411 1904 5466; x_wconf 85' lang='lat' dir='ltr'>pec-</span> 
     </span>
    </p>
   </div>
   <div class='ocr_carea' id='block_1_74' title="bbox 246 5465 1902 5531">
    <p class='ocr_par' dir='ltr' id='par_1_74' title="bbox 246 5465 1902 5531">
     <span class='ocr_line' id='line_1_75' title="bbox 246 5465 1902 5531; baseline -0.001 -10"><span class='ocrx_word' id='word_1_547' title='bbox 246 5470 401 5521; x_wconf 91' lang='lat' dir='ltr'>cata.</span> <span class='ocrx_word' id='word_1_548' title='bbox 432 5465 578 5521; x_wconf 84' lang='lat' dir='ltr'>Hinc</span> <span class='ocrx_word' id='word_1_549' title='bbox 610 5472 695 5521; x_wconf 87' lang='lat' dir='ltr'>est</span> <span class='ocrx_word' id='word_1_550' title='bbox 728 5466 885 5521; x_wconf 92' lang='lat' dir='ltr'>unde</span> <span class='ocrx_word' id='word_1_551' title='bbox 917 5468 974 5521; x_wconf 93' lang='lat' dir='ltr'>in</span> <span class='ocrx_word' id='word_1_552' title='bbox 1010 5466 1246 5522; x_wconf 88' lang='lat' dir='ltr'>Psalmo</span> <span class='ocrx_word' id='word_1_553' title='bbox 1278 5467 1439 5521; x_wconf 90' lang='lat' dir='ltr'>hunc</span> <span class='ocrx_word' id='word_1_554' title='bbox 1470 5467 1613 5521; x_wconf 90' lang='lat' dir='ltr'>dicit</span> <span class='ocrx_word' id='word_1_555' title='bbox 1640 5465 1902 5531; x_wconf 85' lang='lat' dir='ltr'>beatum,</span> 
     </span>
    </p>
   </div>
   <div class='ocr_carea' id='block_1_75' title="bbox 247 5537 1903 5609">
    <p class='ocr_par' dir='ltr' id='par_1_75' title="bbox 247 5537 1903 5609">
     <span class='ocr_line' id='line_1_76' title="bbox 247 5537 1903 5609; baseline 0.001 -17"><span class='ocrx_word' id='word_1_556' title='bbox 247 5538 345 5608; x_wconf 89' lang='lat' dir='ltr'>qui</span> <span class='ocrx_word' id='word_1_557' title='bbox 379 5537 476 5592; x_wconf 92' lang='lat' dir='ltr'>die</span> <span class='ocrx_word' id='word_1_558' title='bbox 497 5542 672 5593; x_wconf 90' lang='lat' dir='ltr'>noctu</span> <span class='ocrx_word' id='word_1_559' title='bbox 704 5555 820 5609; x_wconf 90' lang='lat' dir='ltr'>que</span> <span class='ocrx_word' id='word_1_560' title='bbox 851 5538 1044 5609; x_wconf 89' lang='lat' dir='ltr'>legem</span> <span class='ocrx_word' id='word_1_561' title='bbox 1077 5538 1311 5593; x_wconf 89' lang='lat' dir='ltr'>Domini</span> <span class='ocrx_word' id='word_1_562' title='bbox 1338 5538 1843 5607; x_wconf 76' lang='lat' dir='ltr'>meditatur(Psal.</span> <span class='ocrx_word' id='word_1_563' title='bbox 1865 5553 1903 5605; x_wconf 87' lang='lat'>1,</span> 
     </span>
    </p>
   </div>
   <div class='ocr_carea' id='block_1_76' title="bbox 312 5633 1478 5698">
    <p class='ocr_par' dir='ltr' id='par_1_76' title="bbox 312 5633 1478 5698">
     <span class='ocr_line' id='line_1_77' title="bbox 312 5633 1478 5698; baseline 0.001 -16"><span class='ocrx_word' id='word_1_564' title='bbox 312 5636 325 5662; x_wconf 76' lang='grc' dir='ltr'>ί</span> <span class='ocrx_word' id='word_1_565' title='bbox 357 5633 453 5698; x_wconf 68' lang='lat' dir='ltr'>Ms.</span> <span class='ocrx_word' id='word_1_566' title='bbox 483 5633 839 5698; x_wconf 68' lang='lat' dir='ltr'>Colbertinus,</span> <span class='ocrx_word' id='word_1_567' title='bbox 868 5648 1037 5683; x_wconf 85' lang='lat' dir='ltr'>curam</span> <span class='ocrx_word' id='word_1_568' title='bbox 1064 5636 1170 5698; x_wconf 77' lang='lat' dir='ltr'>ejus</span> <span class='ocrx_word' id='word_1_569' title='bbox 1191 5634 1301 5697; x_wconf 84' lang='lat' dir='ltr'>agit</span> <span class='ocrx_word' id='word_1_570' title='bbox 1332 5633 1478 5683; x_wconf 72' lang='lat' dir='ltr'>Deus.</span> 
     </span>
    </p>
   </div>
   <div class='ocr_carea' id='block_1_77' title="bbox 311 5696 1064 5759">
    <p class='ocr_par' dir='ltr' id='par_1_77' title="bbox 311 5696 1064 5759">
     <span class='ocr_line' id='line_1_78' title="bbox 311 5696 1064 5759; baseline 0 -15"><span class='ocrx_word' id='word_1_571' title='bbox 311 5699 330 5729; x_wconf 75' lang='grc'>³</span> <span class='ocrx_word' id='word_1_572' title='bbox 360 5696 463 5759; x_wconf 78' lang='lat' dir='ltr'>Ms.</span> <span class='ocrx_word' id='word_1_573' title='bbox 498 5696 851 5753; x_wconf 88' lang='lat' dir='ltr'>Colbertinus,</span> <span class='ocrx_word' id='word_1_574' title='bbox 870 5698 1064 5759; x_wconf 83' lang='lat' dir='ltr'>fecerit.</span> 
     </span>
    </p>
   </div>
   <div class='ocr_carea' id='block_1_78' title="bbox 312 5758 1250 5823">
    <p class='ocr_par' dir='ltr' id='par_1_78' title="bbox 312 5758 1250 5823">
     <span class='ocr_line' id='line_1_79' title="bbox 312 5758 1250 5823; baseline 0.002 -16"><span class='ocrx_word' id='word_1_575' title='bbox 312 5766 384 5820; x_wconf 71' lang='lat' dir='ltr'>ta)</span> <span class='ocrx_word' id='word_1_576' title='bbox 421 5758 575 5810; x_wconf 84' lang='lat' dir='ltr'>Deest</span> <span class='ocrx_word' id='word_1_577' title='bbox 606 5761 736 5817; x_wconf 80' lang='lat' dir='ltr'>Mss.</span> <span class='ocrx_word' id='word_1_578' title='bbox 774 5758 999 5812; x_wconf 84' lang='lat' dir='ltr'>secundi</span> <span class='ocrx_word' id='word_1_579' title='bbox 1022 5760 1250 5823; x_wconf 84' lang='lat' dir='ltr'>generis.</span> 
     </span>
    </p>
   </div>
   <div class='ocr_carea' id='block_1_79' title="bbox 1792 208 2169 274">
    <p class='ocr_par' dir='ltr' id='par_1_79' title="bbox 1792 208 2169 274">
     <span class='ocr_line' id='line_1_80' title="bbox 1792 208 2169 274; baseline 0.003 -2"><span class='ocrx_word' id='word_1_580' title='bbox 1792 208 2169 274; x_wconf 81' lang='lat' dir='ltr'>APPENDIX.</span> 
     </span>
    </p>
   </div>
   <div class='ocr_carea' id='block_1_80' title="bbox 3547 223 3686 284">
    <p class='ocr_par' dir='ltr' id='par_1_80' title="bbox 3547 223 3686 284">
     <span class='ocr_line' id='line_1_81' title="bbox 3547 223 3686 284; baseline 0.014 -3"><span class='ocrx_word' id='word_1_581' title='bbox 3547 223 3686 284; x_wconf 83' lang='lat'>2370</span> 
     </span>
    </p>
   </div>
   <div class='ocr_carea' id='block_1_81' title="bbox 2034 343 3693 423">
    <p class='ocr_par' dir='ltr' id='par_1_81' title="bbox 2034 343 3693 423">
     <span class='ocr_line' id='line_1_82' title="bbox 2034 343 3693 423; baseline 0.008 -27"><span class='ocrx_word' id='word_1_582' title='bbox 2034 344 2111 413; x_wconf 77' lang='lat'>&#39;2).</span> <span class='ocrx_word' id='word_1_583' title='bbox 2146 343 2409 423; x_wconf 74' lang='lat' dir='ltr'>Denique</span> <span class='ocrx_word' id='word_1_584' title='bbox 2439 346 2714 423; x_wconf 83' lang='lat' dir='ltr'>quamvis</span> <span class='ocrx_word' id='word_1_585' title='bbox 2736 350 2887 423; x_wconf 86' lang='lat' dir='ltr'>_nota_</span> <span class='ocrx_word' id='word_1_586' title='bbox 2918 347 3033 423; x_wconf 83' lang='lat' dir='ltr'>sint</span> <span class='ocrx_word' id='word_1_587' title='bbox 3074 347 3280 423; x_wconf 76' lang='lat' dir='ltr'>divina</span> <span class='ocrx_word' id='word_1_588' title='bbox 3320 349 3579 423; x_wconf 89' lang='lat' dir='ltr'>eloquia,</span> <span class='ocrx_word' id='word_1_589' title='bbox 3609 356 3693 409; x_wconf 85' lang='lat' dir='ltr'>ta-</span> 
     </span>
    </p>
   </div>
   <div class='ocr_carea' id='block_1_82' title="bbox 2038 415 3691 488">
    <p class='ocr_par' dir='ltr' id='par_1_82' title="bbox 2038 415 3691 488">
     <span class='ocr_line' id='line_1_83' title="bbox 2038 415 3691 488; baseline 0.005 -18"><span class='ocrx_word' id='word_1_590' title='bbox 2038 415 2337 488; x_wconf 74' lang='lat' dir='ltr'>mencum</span> <span class='ocrx_word' id='word_1_591' title='bbox 2368 415 2782 473; x_wconf 56' lang='lat' dir='ltr'>fue&#39;rintsacris</span> <span class='ocrx_word' id='word_1_592' title='bbox 2798 418 3207 474; x_wconf 87' lang='lat' dir='ltr'>voluminibus</span> <span class='ocrx_word' id='word_1_593' title='bbox 3236 415 3586 488; x_wconf 66' lang='lat' dir='ltr'>memorata,</span> <span class='ocrx_word' id='word_1_594' title='bbox 3608 424 3691 479; x_wconf 89' lang='lat' dir='ltr'>sic</span> 
     </span>
    </p>
   </div>
   <div class='ocr_carea' id='block_1_83' title="bbox 2034 485 3688 561">
    <p class='ocr_par' dir='ltr' id='par_1_83' title="bbox 2034 485 3688 561">
     <span class='ocr_line' id='line_1_84' title="bbox 2034 485 3688 561; baseline 0.005 -21"><span class='ocrx_word' id='word_1_595' title='bbox 2034 485 2134 561; x_wconf 86' lang='lat' dir='ltr'>illa</span> <span class='ocrx_word' id='word_1_596' title='bbox 2158 486 2441 561; x_wconf 77' lang='lat' dir='ltr'>devotum</span> <span class='ocrx_word' id='word_1_597' title='bbox 2470 495 2678 561; x_wconf 91' lang='lat' dir='ltr'>pectus</span> <span class='ocrx_word' id='word_1_598' title='bbox 2720 490 2971 560; x_wconf 89' lang='lat' dir='ltr'>suscipit</span> <span class='ocrx_word' id='word_1_599' title='bbox 2991 491 3165 561; x_wconf 91' lang='lat' dir='ltr'>quasi</span> <span class='ocrx_word' id='word_1_600' title='bbox 3191 506 3366 546; x_wconf 89' lang='lat' dir='ltr'>nova.</span> <span class='ocrx_word' id='word_1_601' title='bbox 3394 485 3688 549; x_wconf 82' lang='lat' dir='ltr'>Excitatur</span> 
     </span>
    </p>
   </div>
   <div class='ocr_carea' id='block_1_84' title="bbox 2033 558 3688 632">
    <p class='ocr_par' dir='ltr' id='par_1_84' title="bbox 2033 558 3688 632">
     <span class='ocr_line' id='line_1_85' title="bbox 2033 558 3688 632; baseline 0.007 -22"><span class='ocrx_word' id='word_1_602' title='bbox 2033 558 2195 632; x_wconf 78' lang='lat' dir='ltr'>enim</span> <span class='ocrx_word' id='word_1_603' title='bbox 2226 558 2587 632; x_wconf 81' lang='lat' dir='ltr'>desiderium</span> <span class='ocrx_word' id='word_1_604' title='bbox 2612 561 2829 632; x_wconf 63' lang='lat' dir='ltr'>animas</span> <span class='ocrx_word' id='word_1_605' title='bbox 2860 558 3000 629; x_wconf 79' lang='lat' dir='ltr'>erga</span> <span class='ocrx_word' id='word_1_606' title='bbox 3014 558 3209 632; x_wconf 69' lang='lat' dir='ltr'>ppera</span> <span class='ocrx_word' id='word_1_607' title='bbox 3241 563 3541 619; x_wconf 90' lang='lat' dir='ltr'>salutaria.</span> <span class='ocrx_word' id='word_1_608' title='bbox 3578 567 3688 621; x_wconf 91' lang='lat' dir='ltr'>Un-</span> 
     </span>
    </p>
   </div>
   <div class='ocr_carea' id='block_1_85' title="bbox 2033 628 3688 699">
    <p class='ocr_par' dir='ltr' id='par_1_85' title="bbox 2033 628 3688 699">
     <span class='ocr_line' id='line_1_86' title="bbox 2033 628 3688 699; baseline 0.004 -16"><span class='ocrx_word' id='word_1_609' title='bbox 2033 628 2107 683; x_wconf 92' lang='lat' dir='ltr'>de</span> <span class='ocrx_word' id='word_1_610' title='bbox 2140 629 2457 699; x_wconf 80' lang='lat' dir='ltr'>Apostolus</span> <span class='ocrx_word' id='word_1_611' title='bbox 2484 630 2560 685; x_wconf 91' lang='lat' dir='ltr'>ad</span> <span class='ocrx_word' id='word_1_612' title='bbox 2576 628 2950 686; x_wconf 83' lang='lat' dir='ltr'>Timotheum</span> <span class='ocrx_word' id='word_1_613' title='bbox 2984 628 3131 687; x_wconf 84' lang='lat' dir='ltr'>inter</span> <span class='ocrx_word' id='word_1_614' title='bbox 3159 640 3364 689; x_wconf 66' lang='lat' dir='ltr'>caetera</span> <span class='ocrx_word' id='word_1_615' title='bbox 3398 650 3408 688; x_wconf 89' lang='lat'><strong>:</strong></span> <span class='ocrx_word' id='word_1_616' title='bbox 3448 636 3513 690; x_wconf 86' lang='lat' dir='ltr'>Ut</span> <span class='ocrx_word' id='word_1_617' title='bbox 3540 652 3688 690; x_wconf 77' lang='lat' dir='ltr'>resu-</span> 
     </span>
    </p>
   </div>
   <div class='ocr_carea' id='block_1_86' title="bbox 2032 701 3686 775">
    <p class='ocr_par' dir='ltr' id='par_1_86' title="bbox 2032 701 3686 775">
     <span class='ocr_line' id='line_1_87' title="bbox 2032 701 3686 775; baseline 0.005 -23"><span class='ocrx_word' id='word_1_618' title='bbox 2032 701 2203 775; x_wconf 67' lang='lat' dir='ltr'>scites,</span> <span class='ocrx_word' id='word_1_619' title='bbox 2225 772 2232 775; x_wconf 24' lang='grc' dir='ltr'><strong>Α</strong></span> <span class='ocrx_word' id='word_1_620' title='bbox 2257 701 2468 771; x_wconf 88' lang='lat' dir='ltr'>inquit,</span> <span class='ocrx_word' id='word_1_621' title='bbox 2504 703 2744 775; x_wconf 76' lang='lat' dir='ltr'>gratiam</span> <span class='ocrx_word' id='word_1_622' title='bbox 2792 704 2899 756; x_wconf 85' lang='lat' dir='ltr'>Dei</span> <span class='ocrx_word' id='word_1_623' title='bbox 2926 719 3043 775; x_wconf 74' lang='lat' dir='ltr'>qua:</span> <span class='ocrx_word' id='word_1_624' title='bbox 3074 710 3148 757; x_wconf 82' lang='lat' dir='ltr'>est</span> <span class='ocrx_word' id='word_1_625' title='bbox 3195 704 3255 757; x_wconf 86' lang='lat' dir='ltr'>in</span> <span class='ocrx_word' id='word_1_626' title='bbox 3298 711 3344 758; x_wconf 92' lang='lat' dir='ltr'>te</span> <span class='ocrx_word' id='word_1_627' title='bbox 3377 705 3447 775; x_wconf 91' lang='lat' dir='ltr'>(Il</span> <span class='ocrx_word' id='word_1_628' title='bbox 3479 706 3617 761; x_wconf 83' lang='lat' dir='ltr'>Tim.</span> <span class='ocrx_word' id='word_1_629' title='bbox 3646 723 3686 774; x_wconf 82' lang='grc' dir='ltr'><strong>ι,</strong></span> 
     </span>
    </p>
   </div>
   <div class='ocr_carea' id='block_1_87' title="bbox 2033 770 3690 844">
    <p class='ocr_par' dir='ltr' id='par_1_87' title="bbox 2033 770 3690 844">
     <span class='ocr_line' id='line_1_88' title="bbox 2033 770 3690 844; baseline 0.007 -23"><span class='ocrx_word' id='word_1_630' title='bbox 2033 771 2128 844; x_wconf 27' lang='grc' dir='ltr'>(ἢν</span> <span class='ocrx_word' id='word_1_631' title='bbox 2157 770 2703 844; x_wconf 27' lang='grc' dir='ltr'>[εζιιιιιίῐιθοθίεςθιτίᾶ</span> <span class='ocrx_word' id='word_1_632' title='bbox 2735 778 2872 827; x_wconf 87' lang='lat' dir='ltr'>sunt</span> <span class='ocrx_word' id='word_1_633' title='bbox 2904 770 3078 828; x_wconf 75' lang='lat' dir='ltr'>nobis</span> <span class='ocrx_word' id='word_1_634' title='bbox 3121 770 3393 844; x_wconf 49' lang='lat' dir='ltr'>jejunia,&#39;</span> <span class='ocrx_word' id='word_1_635' title='bbox 3430 778 3581 832; x_wconf 90' lang='lat' dir='ltr'>sicut</span> <span class='ocrx_word' id='word_1_636' title='bbox 3629 770 3690 832; x_wconf 83' lang='lat' dir='ltr'>in</span> 
     </span>
    </p>
   </div>
   <div class='ocr_carea' id='block_1_88' title="bbox 2033 843 3689 902">
    <p class='ocr_par' dir='ltr' id='par_1_88' title="bbox 2033 843 3689 902">
     <span class='ocr_line' id='line_1_89' title="bbox 2033 843 3689 902; baseline 0.005 -8"><span class='ocrx_word' id='word_1_637' title='bbox 2033 843 2381 897; x_wconf 90' lang='lat' dir='ltr'>vulneribus</span> <span class='ocrx_word' id='word_1_638' title='bbox 2414 844 2729 899; x_wconf 90' lang='lat' dir='ltr'>medicina.</span> <span class='ocrx_word' id='word_1_639' title='bbox 2764 844 3050 900; x_wconf 87' lang='lat' dir='ltr'>Medelam</span> <span class='ocrx_word' id='word_1_640' title='bbox 3089 843 3247 899; x_wconf 85' lang='lat' dir='ltr'>enim</span> <span class='ocrx_word' id='word_1_641' title='bbox 3277 847 3590 902; x_wconf 85' lang='lat' dir='ltr'>conferunt</span> <span class='ocrx_word' id='word_1_642' title='bbox 3617 849 3689 902; x_wconf 90' lang='lat' dir='ltr'>vi-</span> 
     </span>
    </p>
   </div>
   <div class='ocr_carea' id='block_1_89' title="bbox 2036 916 3689 984">
    <p class='ocr_par' dir='ltr' id='par_1_89' title="bbox 2036 916 3689 984">
     <span class='ocr_line' id='line_1_90' title="bbox 2036 916 3689 984; baseline 0.005 -18"><span class='ocrx_word' id='word_1_643' title='bbox 2036 917 2108 984; x_wconf 67' lang='lat' dir='ltr'>tae</span> <span class='ocrx_word' id='word_1_644' title='bbox 2127 920 2423 984; x_wconf 65' lang='lat' dir='ltr'>perpetuae</span> <span class='ocrx_word' id='word_1_645' title='bbox 2450 933 2462 981; x_wconf 89' lang='lat'><strong>;</strong></span> <span class='ocrx_word' id='word_1_646' title='bbox 2497 916 2577 970; x_wconf 87' lang='lat' dir='ltr'>ita</span> <span class='ocrx_word' id='word_1_647' title='bbox 2602 924 2799 971; x_wconf 91' lang='lat' dir='ltr'>tamen</span> <span class='ocrx_word' id='word_1_648' title='bbox 2839 921 2899 970; x_wconf 88' lang='lat' dir='ltr'>ut</span> <span class='ocrx_word' id='word_1_649' title='bbox 2924 917 3181 970; x_wconf 86' lang='lat' dir='ltr'>duarum</span> <span class='ocrx_word' id='word_1_650' title='bbox 3208 932 3403 971; x_wconf 89' lang='lat' dir='ltr'>rerum</span> <span class='ocrx_word' id='word_1_651' title='bbox 3429 920 3689 976; x_wconf 89' lang='lat' dir='ltr'>testimo-</span> 
     </span>
    </p>
   </div>
   <div class='ocr_carea' id='block_1_90' title="bbox 2034 983 3688 1051">
    <p class='ocr_par' dir='ltr' id='par_1_90' title="bbox 2034 983 3688 1051">
     <span class='ocr_line' id='line_1_91' title="bbox 2034 983 3688 1051; baseline 0.005 -15"><span class='ocrx_word' id='word_1_652' title='bbox 2034 983 2135 1038; x_wconf 92' lang='lat' dir='ltr'>nio</span> <span class='ocrx_word' id='word_1_653' title='bbox 2168 983 2684 1044; x_wconf 34' lang='lat' dir='ltr'>co’mmendentur.</span> <span class='ocrx_word' id='word_1_654' title='bbox 2729 987 2787 1041; x_wconf 89' lang='lat' dir='ltr'>id</span> <span class='ocrx_word' id='word_1_655' title='bbox 2822 994 2927 1051; x_wconf 90' lang='lat' dir='ltr'>est,</span> <span class='ocrx_word' id='word_1_656' title='bbox 2970 987 3239 1041; x_wconf 87' lang='lat' dir='ltr'>oratione</span> <span class='ocrx_word' id='word_1_657' title='bbox 3271 992 3327 1041; x_wconf 91' lang='lat' dir='ltr'>et</span> <span class='ocrx_word' id='word_1_658' title='bbox 3355 989 3688 1045; x_wconf 87' lang='lat' dir='ltr'>misericor-</span> 
     </span>
    </p>
   </div>
   <div class='ocr_carea' id='block_1_91' title="bbox 2034 1054 3691 1129">
    <p class='ocr_par' dir='ltr' id='par_1_91' title="bbox 2034 1054 3691 1129">
     <span class='ocr_line' id='line_1_92' title="bbox 2034 1054 3691 1129; baseline 0.004 -21"><span class='ocrx_word' id='word_1_659' title='bbox 2034 1054 2158 1110; x_wconf 90' lang='lat' dir='ltr'>dia.</span> <span class='ocrx_word' id='word_1_660' title='bbox 2195 1055 2430 1126; x_wconf 86' lang='lat' dir='ltr'>Jejunia</span> <span class='ocrx_word' id='word_1_661' title='bbox 2461 1073 2602 1125; x_wconf 91' lang='lat' dir='ltr'>ergo</span> <span class='ocrx_word' id='word_1_662' title='bbox 2658 1058 3181 1128; x_wconf 89' lang='lat' dir='ltr'>intemperantiam</span> <span class='ocrx_word' id='word_1_663' title='bbox 3224 1060 3489 1129; x_wconf 89' lang='lat' dir='ltr'>corporis</span> <span class='ocrx_word' id='word_1_664' title='bbox 3539 1062 3691 1115; x_wconf 89' lang='lat' dir='ltr'>miti-</span> 
     </span>
    </p>
   </div>
   <div class='ocr_carea' id='block_1_92' title="bbox 2034 1129 3686 1199">
    <p class='ocr_par' dir='ltr' id='par_1_92' title="bbox 2034 1129 3686 1199">
     <span class='ocr_line' id='line_1_93' title="bbox 2034 1129 3686 1199; baseline 0.004 -20"><span class='ocrx_word' id='word_1_665' title='bbox 2034 1132 2199 1199; x_wconf 89' lang='lat' dir='ltr'>gant,</span> <span class='ocrx_word' id='word_1_666' title='bbox 2217 1133 2413 1181; x_wconf 90' lang='lat' dir='ltr'>motus</span> <span class='ocrx_word' id='word_1_667' title='bbox 2436 1129 2724 1184; x_wconf 91' lang='lat' dir='ltr'>adversos</span> <span class='ocrx_word' id='word_1_668' title='bbox 2738 1130 3087 1199; x_wconf 90' lang='lat' dir='ltr'>reprimunt,</span> <span class='ocrx_word' id='word_1_669' title='bbox 3105 1145 3447 1199; x_wconf 90' lang='lat' dir='ltr'>pressuram</span> <span class='ocrx_word' id='word_1_670' title='bbox 3466 1131 3686 1187; x_wconf 67' lang='lat' dir='ltr'>animm</span> 
     </span>
    </p>
   </div>
   <div class='ocr_carea' id='block_1_93' title="bbox 2034 1198 3685 1262">
    <p class='ocr_par' dir='ltr' id='par_1_93' title="bbox 2034 1198 3685 1262">
     <span class='ocr_line' id='line_1_94' title="bbox 2034 1198 3685 1262; baseline 0.004 -12"><span class='ocrx_word' id='word_1_671' title='bbox 2034 1198 2327 1262; x_wconf 82' lang='lat' dir='ltr'>auferunt,</span> <span class='ocrx_word' id='word_1_672' title='bbox 2362 1198 2512 1253; x_wconf 90' lang='lat' dir='ltr'>sicut</span> <span class='ocrx_word' id='word_1_673' title='bbox 2555 1202 2636 1255; x_wconf 88' lang='lat' dir='ltr'>ait</span> <span class='ocrx_word' id='word_1_674' title='bbox 2685 1200 2973 1254; x_wconf 89' lang='lat' dir='ltr'>Dominus</span> <span class='ocrx_word' id='word_1_675' title='bbox 3009 1217 3021 1254; x_wconf 90' lang='lat'>:</span> <span class='ocrx_word' id='word_1_676' title='bbox 3060 1201 3235 1254; x_wconf 82' lang='lat' dir='ltr'>Nolite</span> <span class='ocrx_word' id='word_1_677' title='bbox 3274 1200 3442 1255; x_wconf 83' lang='lat' dir='ltr'>dediti</span> <span class='ocrx_word' id='word_1_678' title='bbox 3474 1219 3577 1256; x_wconf 76' lang='lat' dir='ltr'>esse</span> <span class='ocrx_word' id='word_1_679' title='bbox 3626 1203 3685 1256; x_wconf 88' lang='lat' dir='ltr'>in</span> 
     </span>
    </p>
   </div>
   <div class='ocr_carea' id='block_1_94' title="bbox 2032 1270 3681 1343">
    <p class='ocr_par' dir='ltr' id='par_1_94' title="bbox 2032 1270 3681 1343">
     <span class='ocr_line' id='line_1_95' title="bbox 2032 1270 3681 1343; baseline 0.004 -21"><span class='ocrx_word' id='word_1_680' title='bbox 2032 1284 2143 1343; x_wconf 80' lang='lat' dir='ltr'>esca</span> <span class='ocrx_word' id='word_1_681' title='bbox 2173 1276 2221 1323; x_wconf 88' lang='lat' dir='ltr'>et</span> <span class='ocrx_word' id='word_1_682' title='bbox 2251 1270 2499 1343; x_wconf 80' lang='lat' dir='ltr'>crapula,</span> <span class='ocrx_word' id='word_1_683' title='bbox 2533 1288 2596 1325; x_wconf 87' lang='lat' dir='ltr'>ne</span> <span class='ocrx_word' id='word_1_684' title='bbox 2624 1278 2921 1343; x_wconf 82' lang='lat' dir='ltr'>graventur</span> <span class='ocrx_word' id='word_1_685' title='bbox 2950 1271 3118 1325; x_wconf 82' lang='lat' dir='ltr'>corda</span> <span class='ocrx_word' id='word_1_686' title='bbox 3162 1279 3335 1325; x_wconf 78' lang='lat' dir='ltr'>vestm</span> <span class='ocrx_word' id='word_1_687' title='bbox 3372 1273 3528 1343; x_wconf 82' lang='lat' dir='ltr'>(Luc.</span> <span class='ocrx_word' id='word_1_688' title='bbox 3565 1289 3681 1339; x_wconf 75' lang='lat' dir='ltr'>xxn,</span> 
     </span>
    </p>
   </div>
   <div class='ocr_carea' id='block_1_95' title="bbox 2034 1342 3688 1412">
    <p class='ocr_par' dir='ltr' id='par_1_95' title="bbox 2034 1342 3688 1412">
     <span class='ocr_line' id='line_1_96' title="bbox 2034 1342 3688 1412; baseline 0.004 -19"><span class='ocrx_word' id='word_1_689' title='bbox 2034 1342 2142 1407; x_wconf 73' lang='grc'><strong>34).</strong></span> <span class='ocrx_word' id='word_1_690' title='bbox 2162 1342 2479 1395; x_wconf 84' lang='lat' dir='ltr'>Cumenim</span> <span class='ocrx_word' id='word_1_691' title='bbox 2500 1343 2703 1396; x_wconf 91' lang='lat' dir='ltr'>anima</span> <span class='ocrx_word' id='word_1_692' title='bbox 2717 1342 2794 1396; x_wconf 92' lang='lat' dir='ltr'>ab</span> <span class='ocrx_word' id='word_1_693' title='bbox 2809 1349 2972 1396; x_wconf 87' lang='lat' dir='ltr'>esuet</span> <span class='ocrx_word' id='word_1_694' title='bbox 2993 1350 3135 1412; x_wconf 92' lang='lat' dir='ltr'>potu</span> <span class='ocrx_word' id='word_1_695' title='bbox 3157 1344 3342 1397; x_wconf 89' lang='lat' dir='ltr'>nimio</span> <span class='ocrx_word' id='word_1_696' title='bbox 3360 1342 3531 1399; x_wconf 77' lang='lat' dir='ltr'>fuerit</span> <span class='ocrx_word' id='word_1_697' title='bbox 3547 1345 3688 1399; x_wconf 89' lang='lat' dir='ltr'>libe-</span> 
     </span>
    </p>
   </div>
   <div class='ocr_carea' id='block_1_96' title="bbox 2032 1412 3689 1486">
    <p class='ocr_par' dir='ltr' id='par_1_96' title="bbox 2032 1412 3689 1486">
     <span class='ocr_line' id='line_1_97' title="bbox 2032 1412 3689 1486; baseline 0.004 -22"><span class='ocrx_word' id='word_1_698' title='bbox 2032 1418 2180 1486; x_wconf 80' lang='lat' dir='ltr'>rata,</span> <span class='ocrx_word' id='word_1_699' title='bbox 2216 1417 2430 1486; x_wconf 82' lang='lat' dir='ltr'>tuncse</span> <span class='ocrx_word' id='word_1_700' title='bbox 2447 1412 2657 1467; x_wconf 86' lang='lat' dir='ltr'>melius</span> <span class='ocrx_word' id='word_1_701' title='bbox 2685 1417 3071 1486; x_wconf 83' lang='lat' dir='ltr'>recognoscit.</span> <span class='ocrx_word' id='word_1_702' title='bbox 3101 1414 3261 1469; x_wconf 90' lang='lat' dir='ltr'>Sicut</span> <span class='ocrx_word' id='word_1_703' title='bbox 3284 1415 3441 1469; x_wconf 91' lang='lat' dir='ltr'>enim</span> <span class='ocrx_word' id='word_1_704' title='bbox 3471 1416 3530 1469; x_wconf 90' lang='lat' dir='ltr'>in</span> <span class='ocrx_word' id='word_1_705' title='bbox 3557 1431 3689 1486; x_wconf 88' lang='lat' dir='ltr'>spe-</span> 
     </span>
    </p>
   </div>
   <div class='ocr_carea' id='block_1_97' title="bbox 2033 1481 3684 1554">
    <p class='ocr_par' dir='ltr' id='par_1_97' title="bbox 2033 1481 3684 1554">
     <span class='ocr_line' id='line_1_98' title="bbox 2033 1481 3684 1554; baseline 0.002 -18"><span class='ocrx_word' id='word_1_706' title='bbox 2033 1481 2168 1554; x_wconf 85' lang='lat' dir='ltr'>culo</span> <span class='ocrx_word' id='word_1_707' title='bbox 2200 1482 2446 1538; x_wconf 90' lang='lat' dir='ltr'>sordido</span> <span class='ocrx_word' id='word_1_708' title='bbox 2462 1499 2580 1538; x_wconf 91' lang='lat' dir='ltr'>non</span> <span class='ocrx_word' id='word_1_709' title='bbox 2613 1499 2673 1538; x_wconf 93' lang='lat' dir='ltr'>se</span> <span class='ocrx_word' id='word_1_710' title='bbox 2690 1481 2869 1539; x_wconf 82' lang='lat' dir='ltr'>talem</span> <span class='ocrx_word' id='word_1_711' title='bbox 2899 1484 3079 1538; x_wconf 89' lang='lat' dir='ltr'>homo</span> <span class='ocrx_word' id='word_1_712' title='bbox 3113 1486 3326 1554; x_wconf 89' lang='lat' dir='ltr'>aspicit</span> <span class='ocrx_word' id='word_1_713' title='bbox 3354 1486 3553 1554; x_wconf 91' lang='lat' dir='ltr'>qualis</span> <span class='ocrx_word' id='word_1_714' title='bbox 3570 1481 3684 1553; x_wconf 78' lang='lat' dir='ltr'>est;</span> 
     </span>
    </p>
   </div>
   <div class='ocr_carea' id='block_1_98' title="bbox 2032 1552 3685 1625">
    <p class='ocr_par' dir='ltr' id='par_1_98' title="bbox 2032 1552 3685 1625">
     <span class='ocr_line' id='line_1_99' title="bbox 2032 1552 3685 1625; baseline 0.004 -19"><span class='ocrx_word' id='word_1_715' title='bbox 2032 1552 2114 1607; x_wconf 89' lang='lat' dir='ltr'>ita</span> <span class='ocrx_word' id='word_1_716' title='bbox 2144 1559 2199 1607; x_wconf 92' lang='lat' dir='ltr'>et</span> <span class='ocrx_word' id='word_1_717' title='bbox 2230 1554 2276 1607; x_wconf 91' lang='lat' dir='ltr'>si</span> <span class='ocrx_word' id='word_1_718' title='bbox 2297 1571 2432 1609; x_wconf 90' lang='lat' dir='ltr'>esca</span> <span class='ocrx_word' id='word_1_719' title='bbox 2457 1562 2510 1609; x_wconf 93' lang='lat' dir='ltr'>et</span> <span class='ocrx_word' id='word_1_720' title='bbox 2536 1555 2783 1625; x_wconf 85' lang='lat' dir='ltr'>crapula</span> <span class='ocrx_word' id='word_1_721' title='bbox 2809 1556 2981 1609; x_wconf 90' lang='lat' dir='ltr'>l&#39;uerit</span> <span class='ocrx_word' id='word_1_722' title='bbox 3008 1552 3311 1625; x_wconf 78' lang='lat' dir='ltr'>gravatus,</span> <span class='ocrx_word' id='word_1_723' title='bbox 3343 1552 3597 1611; x_wconf 85' lang='lat' dir='ltr'>alterum</span> <span class='ocrx_word' id='word_1_724' title='bbox 3623 1573 3685 1612; x_wconf 89' lang='lat' dir='ltr'>se</span> 
     </span>
    </p>
   </div>
   <div class='ocr_carea' id='block_1_99' title="bbox 2032 1625 3684 1695">
    <p class='ocr_par' dir='ltr' id='par_1_99' title="bbox 2032 1625 3684 1695">
     <span class='ocr_line' id='line_1_100' title="bbox 2032 1625 3684 1695; baseline 0.003 -18"><span class='ocrx_word' id='word_1_725' title='bbox 2032 1625 2209 1678; x_wconf 90' lang='lat' dir='ltr'>sentit</span> <span class='ocrx_word' id='word_1_726' title='bbox 2254 1641 2441 1695; x_wconf 87' lang='lat' dir='ltr'>quam</span> <span class='ocrx_word' id='word_1_727' title='bbox 2469 1633 2574 1680; x_wconf 92' lang='lat' dir='ltr'>est.</span> <span class='ocrx_word' id='word_1_728' title='bbox 2626 1629 2785 1682; x_wconf 93' lang='lat' dir='ltr'>Tunc</span> <span class='ocrx_word' id='word_1_729' title='bbox 2818 1628 3218 1681; x_wconf 87' lang='lat' dir='ltr'>exsuscitatur</span> <span class='ocrx_word' id='word_1_730' title='bbox 3242 1626 3445 1691; x_wconf 87' lang='lat' dir='ltr'>libido,</span> <span class='ocrx_word' id='word_1_731' title='bbox 3477 1643 3684 1682; x_wconf 90' lang='lat' dir='ltr'>accen-</span> 
     </span>
    </p>
   </div>
   <div class='ocr_carea' id='block_1_100' title="bbox 2029 1695 3687 1767">
    <p class='ocr_par' dir='ltr' id='par_1_100' title="bbox 2029 1695 3687 1767">
     <span class='ocr_line' id='line_1_101' title="bbox 2029 1695 3687 1767; baseline 0.004 -20"><span class='ocrx_word' id='word_1_732' title='bbox 2029 1695 2191 1748; x_wconf 91' lang='lat' dir='ltr'>ditur</span> <span class='ocrx_word' id='word_1_733' title='bbox 2210 1695 2315 1760; x_wconf 90' lang='lat' dir='ltr'>ira,</span> <span class='ocrx_word' id='word_1_734' title='bbox 2342 1696 3062 1767; x_wconf 85' lang='lat' dir='ltr'>inﬂammatursuperbia,</span> <span class='ocrx_word' id='word_1_735' title='bbox 3089 1705 3406 1765; x_wconf 88' lang='lat' dir='ltr'>generatur</span> <span class='ocrx_word' id='word_1_736' title='bbox 3424 1698 3687 1753; x_wconf 91' lang='lat' dir='ltr'>luxuria.</span> 
     </span>
    </p>
   </div>
   <div class='ocr_carea' id='block_1_101' title="bbox 2030 1766 3689 1840">
    <p class='ocr_par' dir='ltr' id='par_1_101' title="bbox 2030 1766 3689 1840">
     <span class='ocr_line' id='line_1_102' title="bbox 2030 1766 3689 1840; baseline 0.002 -21"><span class='ocrx_word' id='word_1_737' title='bbox 2030 1766 2194 1840; x_wconf 73' lang='lat' dir='ltr'>Unde</span> <span class='ocrx_word' id='word_1_738' title='bbox 2215 1768 2567 1840; x_wconf 64' lang='lat' dir='ltr'>Apostolus:</span> <span class='ocrx_word' id='word_1_739' title='bbox 2598 1768 2800 1832; x_wconf 84' lang='lat' dir='ltr'>Nolite,</span> <span class='ocrx_word' id='word_1_740' title='bbox 2822 1766 2917 1830; x_wconf 85' lang='lat' dir='ltr'>ait,</span> <span class='ocrx_word' id='word_1_741' title='bbox 2939 1769 3208 1822; x_wconf 83' lang='lat' dir='ltr'>inebriari</span> <span class='ocrx_word' id='word_1_742' title='bbox 3240 1772 3381 1833; x_wconf 84' lang='lat' dir='ltr'>vino,</span> <span class='ocrx_word' id='word_1_743' title='bbox 3402 1770 3459 1823; x_wconf 87' lang='lat' dir='ltr'>in</span> <span class='ocrx_word' id='word_1_744' title='bbox 3490 1786 3589 1840; x_wconf 87' lang='lat' dir='ltr'>quo</span> <span class='ocrx_word' id='word_1_745' title='bbox 3614 1776 3689 1823; x_wconf 84' lang='lat' dir='ltr'>est</span> 
     </span>
    </p>
   </div>
   <div class='ocr_carea' id='block_1_102' title="bbox 2029 1835 3690 1910">
    <p class='ocr_par' dir='ltr' id='par_1_102' title="bbox 2029 1835 3690 1910">
     <span class='ocr_line' id='line_1_103' title="bbox 2029 1835 3690 1910; baseline 0.003 -21"><span class='ocrx_word' id='word_1_746' title='bbox 2029 1835 2249 1891; x_wconf 73' lang='lat' dir='ltr'>luxuria</span> <span class='ocrx_word' id='word_1_747' title='bbox 2270 1835 2507 1910; x_wconf 58' lang='lat' dir='ltr'>(Ephes.</span> <span class='ocrx_word' id='word_1_748' title='bbox 2541 1855 2595 1902; x_wconf 93' lang='lat' dir='ltr'>v,</span> <span class='ocrx_word' id='word_1_749' title='bbox 2632 1840 2742 1910; x_wconf 90' lang='grc'>18).</span> <span class='ocrx_word' id='word_1_750' title='bbox 2773 1840 2941 1903; x_wconf 87' lang='lat' dir='ltr'>Quod</span> <span class='ocrx_word' id='word_1_751' title='bbox 2977 1841 3025 1893; x_wconf 92' lang='lat' dir='ltr'>si</span> <span class='ocrx_word' id='word_1_752' title='bbox 3087 1835 3690 1910; x_wconf 47' lang='lat' dir='ltr'>temperatum—fuerit</span> 
     </span>
    </p>
   </div>
   <div class='ocr_carea' id='block_1_103' title="bbox 2027 1909 3687 1981">
    <p class='ocr_par' dir='ltr' id='par_1_103' title="bbox 2027 1909 3687 1981">
     <span class='ocr_line' id='line_1_104' title="bbox 2027 1909 3687 1981; baseline 0.003 -20"><span class='ocrx_word' id='word_1_753' title='bbox 2027 1924 2246 1981; x_wconf 86' lang='lat' dir='ltr'>corpus</span> <span class='ocrx_word' id='word_1_754' title='bbox 2282 1909 2634 1981; x_wconf 90' lang='lat' dir='ltr'>interposito</span> <span class='ocrx_word' id='word_1_755' title='bbox 2659 1910 2911 1980; x_wconf 88' lang='lat' dir='ltr'>jejunio,</span> <span class='ocrx_word' id='word_1_756' title='bbox 2946 1909 3287 1978; x_wconf 89' lang='lat' dir='ltr'>cognitione</span> <span class='ocrx_word' id='word_1_757' title='bbox 3318 1911 3409 1964; x_wconf 92' lang='lat' dir='ltr'>sui</span> <span class='ocrx_word' id='word_1_758' title='bbox 3446 1916 3687 1981; x_wconf 90' lang='lat' dir='ltr'>recepta</span> 
     </span>
    </p>
   </div>
   <div class='ocr_carea' id='block_1_104' title="bbox 2026 1980 3688 2052">
    <p class='ocr_par' dir='ltr' id='par_1_104' title="bbox 2026 1980 3688 2052">
     <span class='ocr_line' id='line_1_105' title="bbox 2026 1980 3688 2052; baseline 0.003 -20"><span class='ocrx_word' id='word_1_759' title='bbox 2026 1980 2232 2052; x_wconf 84' lang='lat' dir='ltr'>anima</span> <span class='ocrx_word' id='word_1_760' title='bbox 2256 1980 2528 2049; x_wconf 89' lang='lat' dir='ltr'>intelligit</span> <span class='ocrx_word' id='word_1_761' title='bbox 2555 1997 2677 2052; x_wconf 90' lang='lat' dir='ltr'>qua</span> <span class='ocrx_word' id='word_1_762' title='bbox 2706 1981 3024 2035; x_wconf 88' lang='lat' dir='ltr'>devotione</span> <span class='ocrx_word' id='word_1_763' title='bbox 3052 1982 3303 2051; x_wconf 91' lang='lat' dir='ltr'>obsequi</span> <span class='ocrx_word' id='word_1_764' title='bbox 3335 1982 3552 2037; x_wconf 89' lang='lat' dir='ltr'>debeat</span> <span class='ocrx_word' id='word_1_765' title='bbox 3586 1980 3688 2037; x_wconf 78' lang='lat' dir='ltr'>Re-</span> 
     </span>
    </p>
   </div>
   <div class='ocr_carea' id='block_1_105' title="bbox 2026 2050 3686 2122">
    <p class='ocr_par' dir='ltr' id='par_1_105' title="bbox 2026 2050 3686 2122">
     <span class='ocr_line' id='line_1_106' title="bbox 2026 2050 3686 2122; baseline 0.002 -18"><span class='ocrx_word' id='word_1_766' title='bbox 2026 2050 2346 2120; x_wconf 86' lang='lat' dir='ltr'>demptori.</span> <span class='ocrx_word' id='word_1_767' title='bbox 2378 2050 2592 2119; x_wconf 78' lang='lat' dir='ltr'>Magna</span> <span class='ocrx_word' id='word_1_768' title='bbox 2632 2068 2772 2121; x_wconf 89' lang='lat' dir='ltr'>ergo</span> <span class='ocrx_word' id='word_1_769' title='bbox 2813 2068 2883 2107; x_wconf 92' lang='lat' dir='ltr'>ex</span> <span class='ocrx_word' id='word_1_770' title='bbox 2916 2058 3081 2122; x_wconf 91' lang='lat' dir='ltr'>parte</span> <span class='ocrx_word' id='word_1_771' title='bbox 3128 2050 3357 2122; x_wconf 86' lang='lat' dir='ltr'>jejunia</span> <span class='ocrx_word' id='word_1_772' title='bbox 3415 2058 3555 2108; x_wconf 92' lang='lat' dir='ltr'>sunt</span> <span class='ocrx_word' id='word_1_773' title='bbox 3583 2069 3686 2107; x_wconf 84' lang='lat' dir='ltr'>ne-</span> 
     </span>
    </p>
   </div>
   <div class='ocr_carea' id='block_1_106' title="bbox 2025 2122 3683 2191">
    <p class='ocr_par' dir='ltr' id='par_1_106' title="bbox 2025 2122 3683 2191">
     <span class='ocr_line' id='line_1_107' title="bbox 2025 2122 3683 2191; baseline 0.002 -17"><span class='ocrx_word' id='word_1_774' title='bbox 2025 2124 2301 2176; x_wconf 90' lang='lat' dir='ltr'>cessaria.</span> <span class='ocrx_word' id='word_1_775' title='bbox 2327 2122 2451 2176; x_wconf 91' lang='lat' dir='ltr'>Sub</span> <span class='ocrx_word' id='word_1_776' title='bbox 2488 2123 2690 2177; x_wconf 85' lang='lat' dir='ltr'>Esther</span> <span class='ocrx_word' id='word_1_777' title='bbox 2740 2124 2957 2178; x_wconf 90' lang='lat' dir='ltr'>etenim</span> <span class='ocrx_word' id='word_1_778' title='bbox 2995 2124 3203 2191; x_wconf 89' lang='lat' dir='ltr'>regina</span> <span class='ocrx_word' id='word_1_779' title='bbox 3230 2139 3368 2177; x_wconf 90' lang='lat' dir='ltr'>cum</span> <span class='ocrx_word' id='word_1_780' title='bbox 3397 2124 3683 2178; x_wconf 88' lang='lat' dir='ltr'>Judaicus</span> 
     </span>
    </p>
   </div>
   <div class='ocr_carea' id='block_1_107' title="bbox 2024 2193 3685 2265">
    <p class='ocr_par' dir='ltr' id='par_1_107' title="bbox 2024 2193 3685 2265">
     <span class='ocr_line' id='line_1_108' title="bbox 2024 2193 3685 2265; baseline 0.002 -19"><span class='ocrx_word' id='word_1_781' title='bbox 2024 2193 2285 2263; x_wconf 92' lang='lat' dir='ltr'>populus</span> <span class='ocrx_word' id='word_1_782' title='bbox 2316 2194 2373 2246; x_wconf 94' lang='lat' dir='ltr'>in</span> <span class='ocrx_word' id='word_1_783' title='bbox 2417 2194 2683 2263; x_wconf 90' lang='lat' dir='ltr'>periculo</span> <span class='ocrx_word' id='word_1_784' title='bbox 2712 2194 2946 2265; x_wconf 91' lang='lat' dir='ltr'>positus</span> <span class='ocrx_word' id='word_1_785' title='bbox 2994 2200 3172 2258; x_wconf 91' lang='lat' dir='ltr'>esset,</span> <span class='ocrx_word' id='word_1_786' title='bbox 3202 2194 3445 2264; x_wconf 88' lang='lat' dir='ltr'>jejuniis</span> <span class='ocrx_word' id='word_1_787' title='bbox 3476 2193 3685 2250; x_wconf 83' lang='lat' dir='ltr'>suffra-</span> 
     </span>
    </p>
   </div>
   <div class='ocr_carea' id='block_1_108' title="bbox 2024 2264 3682 2336">
    <p class='ocr_par' dir='ltr' id='par_1_108' title="bbox 2024 2264 3682 2336">
     <span class='ocr_line' id='line_1_109' title="bbox 2024 2264 3682 2336; baseline 0.002 -19"><span class='ocrx_word' id='word_1_788' title='bbox 2024 2264 2298 2333; x_wconf 87' lang='lat' dir='ltr'>gantibus</span> <span class='ocrx_word' id='word_1_789' title='bbox 2329 2266 2614 2321; x_wconf 89' lang='lat' dir='ltr'>liberatus</span> <span class='ocrx_word' id='word_1_790' title='bbox 2648 2264 2733 2319; x_wconf 83' lang='lat' dir='ltr'>est</span> <span class='ocrx_word' id='word_1_791' title='bbox 2761 2265 3014 2336; x_wconf 78' lang='lat' dir='ltr'>(Esther.</span> <span class='ocrx_word' id='word_1_792' title='bbox 3052 2281 3128 2331; x_wconf 83' lang='lat' dir='ltr'>iv,</span> <span class='ocrx_word' id='word_1_793' title='bbox 3159 2269 3281 2336; x_wconf 74' lang='lat' dir='ltr'>l6).</span> <span class='ocrx_word' id='word_1_794' title='bbox 3318 2268 3381 2320; x_wconf 88' lang='lat' dir='ltr'>Et</span> <span class='ocrx_word' id='word_1_795' title='bbox 3414 2266 3682 2321; x_wconf 68' lang='lat' dir='ltr'>Ninivitaa</span> 
     </span>
    </p>
   </div>
   <div class='ocr_carea' id='block_1_109' title="bbox 2022 2335 3684 2407">
    <p class='ocr_par' dir='ltr' id='par_1_109' title="bbox 2022 2335 3684 2407">
     <span class='ocr_line' id='line_1_110' title="bbox 2022 2335 3684 2407; baseline 0.002 -18"><span class='ocrx_word' id='word_1_796' title='bbox 2022 2350 2161 2407; x_wconf 85' lang='lat' dir='ltr'>cum</span> <span class='ocrx_word' id='word_1_797' title='bbox 2184 2336 2509 2390; x_wconf 85' lang='lat' dir='ltr'>eversionis</span> <span class='ocrx_word' id='word_1_798' title='bbox 2539 2352 2664 2391; x_wconf 69' lang='lat' dir='ltr'>suae</span> <span class='ocrx_word' id='word_1_799' title='bbox 2694 2335 3107 2407; x_wconf 66' lang='lat' dir='ltr'>praascriptum</span> <span class='ocrx_word' id='word_1_800' title='bbox 3136 2335 3293 2390; x_wconf 92' lang='lat' dir='ltr'>diem</span> <span class='ocrx_word' id='word_1_801' title='bbox 3323 2352 3358 2392; x_wconf 90' lang='lat' dir='ltr'>a</span> <span class='ocrx_word' id='word_1_802' title='bbox 3389 2337 3684 2407; x_wconf 89' lang='lat' dir='ltr'>propheta</span> 
     </span>
    </p>
   </div>
   <div class='ocr_carea' id='block_1_110' title="bbox 2022 2405 3683 2477">
    <p class='ocr_par' dir='ltr' id='par_1_110' title="bbox 2022 2405 3683 2477">
     <span class='ocr_line' id='line_1_111' title="bbox 2022 2405 3683 2477; baseline 0.001 -17"><span class='ocrx_word' id='word_1_803' title='bbox 2022 2405 2351 2470; x_wconf 89' lang='lat' dir='ltr'>audissent,</span> <span class='ocrx_word' id='word_1_804' title='bbox 2373 2405 2837 2477; x_wconf 87' lang='lat' dir='ltr'>jejunioindicto</span> <span class='ocrx_word' id='word_1_805' title='bbox 2864 2405 3111 2462; x_wconf 83' lang='lat' dir='ltr'>evadere</span> <span class='ocrx_word' id='word_1_806' title='bbox 3135 2405 3478 2462; x_wconf 87' lang='lat' dir='ltr'>meruerunt</span> <span class='ocrx_word' id='word_1_807' title='bbox 3505 2405 3683 2477; x_wconf 64' lang='lat' dir='ltr'>(Jonas</span> 
     </span>
    </p>
   </div>
   <div class='ocr_carea' id='block_1_111' title="bbox 2023 2478 3679 2549">
    <p class='ocr_par' dir='ltr' id='par_1_111' title="bbox 2023 2478 3679 2549">
     <span class='ocr_line' id='line_1_112' title="bbox 2023 2478 3679 2549; baseline 0.002 -19"><span class='ocrx_word' id='word_1_808' title='bbox 2023 2492 2098 2549; x_wconf 79' lang='lat' dir='ltr'>in,</span> <span class='ocrx_word' id='word_1_809' title='bbox 2133 2479 2214 2547; x_wconf 85' lang='lat'>7).</span> <span class='ocrx_word' id='word_1_810' title='bbox 2249 2478 2475 2548; x_wconf 87' lang='lat' dir='ltr'>Etjusti</span> <span class='ocrx_word' id='word_1_811' title='bbox 2516 2495 2586 2533; x_wconf 91' lang='lat' dir='ltr'>ac</span> <span class='ocrx_word' id='word_1_812' title='bbox 2621 2479 2923 2548; x_wconf 70' lang='lat' dir='ltr'>Prophetas</span> <span class='ocrx_word' id='word_1_813' title='bbox 2966 2480 3168 2543; x_wconf 87' lang='lat' dir='ltr'>nostri,</span> <span class='ocrx_word' id='word_1_814' title='bbox 3204 2478 3459 2549; x_wconf 89' lang='lat' dir='ltr'>quando</span> <span class='ocrx_word' id='word_1_815' title='bbox 3482 2495 3518 2533; x_wconf 93' lang='lat' dir='ltr'>a</span> <span class='ocrx_word' id='word_1_816' title='bbox 3559 2479 3679 2533; x_wconf 92' lang='lat' dir='ltr'>Deo</span> 
     </span>
    </p>
   </div>
   <div class='ocr_carea' id='block_1_112' title="bbox 2021 2548 3677 2619">
    <p class='ocr_par' dir='ltr' id='par_1_112' title="bbox 2021 2548 3677 2619">
     <span class='ocr_line' id='line_1_113' title="bbox 2021 2548 3677 2619; baseline 0.002 -19"><span class='ocrx_word' id='word_1_817' title='bbox 2021 2548 2249 2619; x_wconf 79' lang='lat' dir='ltr'>aliquid</span> <span class='ocrx_word' id='word_1_818' title='bbox 2276 2549 2351 2602; x_wconf 91' lang='lat' dir='ltr'>im</span> <span class='ocrx_word' id='word_1_819' title='bbox 2364 2556 2593 2619; x_wconf 82' lang='lat' dir='ltr'>petrare</span> <span class='ocrx_word' id='word_1_820' title='bbox 2619 2550 2920 2613; x_wconf 85' lang='lat' dir='ltr'>volebant,</span> <span class='ocrx_word' id='word_1_821' title='bbox 2934 2549 3165 2619; x_wconf 92' lang='lat' dir='ltr'>jejunio</span> <span class='ocrx_word' id='word_1_822' title='bbox 3180 2548 3240 2603; x_wconf 89' lang='lat' dir='ltr'>se</span> <span class='ocrx_word' id='word_1_823' title='bbox 3255 2548 3677 2613; x_wconf 89' lang='lat' dir='ltr'>humiliabant,</span> 
     </span>
    </p>
   </div>
   <div class='ocr_carea' id='block_1_113' title="bbox 2021 2618 3682 2691">
    <p class='ocr_par' dir='ltr' id='par_1_113' title="bbox 2021 2618 3682 2691">
     <span class='ocr_line' id='line_1_114' title="bbox 2021 2618 3682 2691; baseline 0.002 -20"><span class='ocrx_word' id='word_1_824' title='bbox 2021 2618 2251 2691; x_wconf 71' lang='lat' dir='ltr'>dicente</span> <span class='ocrx_word' id='word_1_825' title='bbox 2276 2618 2480 2686; x_wconf 80' lang='lat' dir='ltr'>David,</span> <span class='ocrx_word' id='word_1_826' title='bbox 2526 2621 2588 2674; x_wconf 84' lang='lat' dir='ltr'>In</span> <span class='ocrx_word' id='word_1_827' title='bbox 2604 2621 2828 2691; x_wconf 85' lang='lat' dir='ltr'>jejunio</span> <span class='ocrx_word' id='word_1_828' title='bbox 2857 2618 3214 2675; x_wconf 81' lang='lat' dir='ltr'>humiliabam</span> <span class='ocrx_word' id='word_1_829' title='bbox 3235 2621 3474 2674; x_wconf 88' lang='lat' dir='ltr'>animam</span> <span class='ocrx_word' id='word_1_830' title='bbox 3511 2637 3682 2675; x_wconf 87' lang='lat' dir='ltr'>meam</span> 
     </span>
    </p>
   </div>
   <div class='ocr_carea' id='block_1_114' title="bbox 2023 2689 3681 2762">
    <p class='ocr_par' dir='ltr' id='par_1_114' title="bbox 2023 2689 3681 2762">
     <span class='ocr_line' id='line_1_115' title="bbox 2023 2689 3681 2762; baseline 0.002 -20"><span class='ocrx_word' id='word_1_831' title='bbox 2023 2689 2190 2756; x_wconf 88' lang='lat' dir='ltr'>(Psal.</span> <span class='ocrx_word' id='word_1_832' title='bbox 2242 2706 2436 2758; x_wconf 75' lang='lat' dir='ltr'>xxxxv,</span> <span class='ocrx_word' id='word_1_833' title='bbox 2485 2689 2768 2761; x_wconf 41' lang='lat' dir='ltr'>t3).&#39;N&#39;am</span> <span class='ocrx_word' id='word_1_834' title='bbox 2823 2699 2877 2745; x_wconf 91' lang='lat' dir='ltr'>et</span> <span class='ocrx_word' id='word_1_835' title='bbox 2910 2692 3199 2752; x_wconf 85' lang='lat' dir='ltr'>Salvator.</span> <span class='ocrx_word' id='word_1_836' title='bbox 3234 2693 3327 2745; x_wconf 92' lang='lat' dir='ltr'>cui</span> <span class='ocrx_word' id='word_1_837' title='bbox 3382 2708 3535 2762; x_wconf 89' lang='lat' dir='ltr'>opus</span> <span class='ocrx_word' id='word_1_838' title='bbox 3559 2707 3681 2746; x_wconf 92' lang='lat' dir='ltr'>non</span> 
     </span>
    </p>
   </div>
   <div class='ocr_carea' id='block_1_115' title="bbox 2022 2761 3682 2844">
    <p class='ocr_par' dir='ltr' id='par_1_115' title="bbox 2022 2761 3682 2844">
     <span class='ocr_line' id='line_1_116' title="bbox 2022 2761 3682 2844; baseline 0.001 -29"><span class='ocrx_word' id='word_1_839' title='bbox 2022 2761 2458 2844; x_wconf 42' lang='lat' dir='ltr'>et&#39;at:\ut_nobis</span> <span class='ocrx_word' id='word_1_840' title='bbox 2486 2763 2824 2844; x_wconf 66' lang='lat' dir='ltr'>exemplum</span> <span class='ocrx_word' id='word_1_841' title='bbox 2867 2762 3055 2844; x_wconf 86' lang='lat' dir='ltr'>daret,</span> <span class='ocrx_word' id='word_1_842' title='bbox 3112 2761 3682 2844; x_wconf 51' lang='lat' dir='ltr'>jejunavittMatth.</span> 
     </span>
    </p>
   </div>
   <div class='ocr_carea' id='block_1_116' title="bbox 2022 2831 3676 2903">
    <p class='ocr_par' dir='ltr' id='par_1_116' title="bbox 2022 2831 3676 2903">
     <span class='ocr_line' id='line_1_117' title="bbox 2022 2831 3676 2903; baseline 0.001 -18"><span class='ocrx_word' id='word_1_843' title='bbox 2022 2846 2099 2895; x_wconf 76' lang='grc' dir='ltr'>ιν,</span> <span class='ocrx_word' id='word_1_844' title='bbox 2133 2831 2209 2900; x_wconf 83' lang='grc'>2).</span> <span class='ocrx_word' id='word_1_845' title='bbox 2242 2832 2445 2903; x_wconf 88' lang='lat' dir='ltr'>Itaque</span> <span class='ocrx_word' id='word_1_846' title='bbox 2478 2833 2621 2887; x_wconf 91' lang='lat' dir='ltr'>nulli</span> <span class='ocrx_word' id='word_1_847' title='bbox 2649 2831 2899 2888; x_wconf 85' lang='lat' dir='ltr'>dubium</span> <span class='ocrx_word' id='word_1_848' title='bbox 2946 2839 3032 2887; x_wconf 92' lang='lat' dir='ltr'><strong>est</strong></span> <span class='ocrx_word' id='word_1_849' title='bbox 3064 2833 3345 2903; x_wconf 90' lang='lat' dir='ltr'>prodesse</span> <span class='ocrx_word' id='word_1_850' title='bbox 3396 2831 3629 2903; x_wconf 87' lang='lat' dir='ltr'>jejunia</span> <span class='ocrx_word' id='word_1_851' title='bbox 3664 2848 3676 2887; x_wconf 88' lang='lat'><strong>:</strong></span> 
     </span>
    </p>
   </div>
   <div class='ocr_carea' id='block_1_117' title="bbox 2024 2902 3681 2975">
    <p class='ocr_par' dir='ltr' id='par_1_117' title="bbox 2024 2902 3681 2975">
     <span class='ocr_line' id='line_1_118' title="bbox 2024 2902 3681 2975; baseline 0.002 -20"><span class='ocrx_word' id='word_1_852' title='bbox 2024 2903 2108 2957; x_wconf 88' lang='lat' dir='ltr'>sic</span> <span class='ocrx_word' id='word_1_853' title='bbox 2140 2902 2363 2975; x_wconf 34' lang='lat' dir='ltr'>etenim’</span> <span class='ocrx_word' id='word_1_854' title='bbox 2388 2905 2655 2975; x_wconf 83' lang='lat' dir='ltr'>ostendit</span> <span class='ocrx_word' id='word_1_855' title='bbox 2674 2920 2734 2975; x_wconf 85' lang='lat' dir='ltr'>se</span> <span class='ocrx_word' id='word_1_856' title='bbox 2770 2904 2953 2958; x_wconf 89' lang='lat' dir='ltr'>homo</span> <span class='ocrx_word' id='word_1_857' title='bbox 2986 2902 3127 2957; x_wconf 91' lang='lat' dir='ltr'>velle</span> <span class='ocrx_word' id='word_1_858' title='bbox 3163 2902 3484 2975; x_wconf 86' lang='lat' dir='ltr'>impetrare</span> <span class='ocrx_word' id='word_1_859' title='bbox 3515 2904 3681 2975; x_wconf 92' lang='lat' dir='ltr'>quod</span> 
     </span>
    </p>
   </div>
   <div class='ocr_carea' id='block_1_118' title="bbox 2023 2974 3678 3045">
    <p class='ocr_par' dir='ltr' id='par_1_118' title="bbox 2023 2974 3678 3045">
     <span class='ocr_line' id='line_1_119' title="bbox 2023 2974 3678 3045; baseline 0 -17"><span class='ocrx_word' id='word_1_860' title='bbox 2023 2974 2303 3043; x_wconf 91' lang='lat' dir='ltr'>postulat,</span> <span class='ocrx_word' id='word_1_861' title='bbox 2337 2990 2473 3028; x_wconf 91' lang='lat' dir='ltr'>cum</span> <span class='ocrx_word' id='word_1_862' title='bbox 2504 2992 2566 3029; x_wconf 92' lang='lat' dir='ltr'>se</span> <span class='ocrx_word' id='word_1_863' title='bbox 2598 2974 2805 3045; x_wconf 88' lang='lat' dir='ltr'>afﬂigit</span> <span class='ocrx_word' id='word_1_864' title='bbox 2827 2975 3087 3045; x_wconf 81' lang='lat' dir='ltr'>jejunio.</span> <span class='ocrx_word' id='word_1_865' title='bbox 3122 2975 3285 3029; x_wconf 91' lang='lat' dir='ltr'>Unde</span> <span class='ocrx_word' id='word_1_866' title='bbox 3312 2974 3549 3030; x_wconf 81' lang='lat' dir='ltr'>dictum</span> <span class='ocrx_word' id='word_1_867' title='bbox 3572 2980 3678 3044; x_wconf 88' lang='lat' dir='ltr'>est,</span> 
     </span>
    </p>
   </div>
   <div class='ocr_carea' id='block_1_119' title="bbox 2024 3043 3683 3117">
    <p class='ocr_par' dir='ltr' id='par_1_119' title="bbox 2024 3043 3683 3117">
     <span class='ocr_line' id='line_1_120' title="bbox 2024 3043 3683 3117; baseline 0.003 -21"><span class='ocrx_word' id='word_1_868' title='bbox 2024 3045 2179 3098; x_wconf 89' lang='lat' dir='ltr'>Bona</span> <span class='ocrx_word' id='word_1_869' title='bbox 2209 3051 2283 3097; x_wconf 84' lang='lat' dir='ltr'>est</span> <span class='ocrx_word' id='word_1_870' title='bbox 2312 3046 2489 3117; x_wconf 80' lang='lat' dir='ltr'>oratio</span> <span class='ocrx_word' id='word_1_871' title='bbox 2513 3062 2631 3099; x_wconf 87' lang='lat' dir='ltr'>cum</span> <span class='ocrx_word' id='word_1_872' title='bbox 2652 3043 2865 3116; x_wconf 62' lang='lat' dir='ltr'>jejunio</span> <span class='ocrx_word' id='word_1_873' title='bbox 2898 3045 3059 3117; x_wconf 72' lang='lat' dir='ltr'>(Tol).</span> <span class='ocrx_word' id='word_1_874' title='bbox 3081 3061 3179 3109; x_wconf 80' lang='lat' dir='ltr'>xu,</span> <span class='ocrx_word' id='word_1_875' title='bbox 3216 3046 3291 3117; x_wconf 91' lang='lat'>8).</span> <span class='ocrx_word' id='word_1_876' title='bbox 3338 3047 3405 3101; x_wconf 91' lang='lat' dir='ltr'>Ut</span> <span class='ocrx_word' id='word_1_877' title='bbox 3434 3051 3683 3117; x_wconf 86' lang='lat' dir='ltr'>accepta</span> 
     </span>
    </p>
   </div>
   <div class='ocr_carea' id='block_1_120' title="bbox 2024 3116 3683 3184">
    <p class='ocr_par' dir='ltr' id='par_1_120' title="bbox 2024 3116 3683 3184">
     <span class='ocr_line' id='line_1_121' title="bbox 2024 3116 3683 3184; baseline 0.002 -16"><span class='ocrx_word' id='word_1_878' title='bbox 2024 3130 2166 3182; x_wconf 89' lang='lat' dir='ltr'>ergo</span> <span class='ocrx_word' id='word_1_879' title='bbox 2198 3116 2383 3184; x_wconf 90' lang='lat' dir='ltr'>possit</span> <span class='ocrx_word' id='word_1_880' title='bbox 2410 3132 2537 3169; x_wconf 91' lang='lat' dir='ltr'>esse</span> <span class='ocrx_word' id='word_1_881' title='bbox 2560 3118 2772 3180; x_wconf 89' lang='lat' dir='ltr'>oratio,</span> <span class='ocrx_word' id='word_1_882' title='bbox 2808 3116 3173 3171; x_wconf 89' lang='lat' dir='ltr'>consortium</span> <span class='ocrx_word' id='word_1_883' title='bbox 3202 3117 3321 3171; x_wconf 83' lang='lat' dir='ltr'>vult</span> <span class='ocrx_word' id='word_1_884' title='bbox 3346 3132 3550 3172; x_wconf 90' lang='lat' dir='ltr'>secum</span> <span class='ocrx_word' id='word_1_885' title='bbox 3575 3116 3683 3172; x_wconf 89' lang='lat' dir='ltr'>ha-</span> 
     </span>
    </p>
   </div>
   <div class='ocr_carea' id='block_1_121' title="bbox 2021 3184 3684 3258">
    <p class='ocr_par' dir='ltr' id='par_1_121' title="bbox 2021 3184 3684 3258">
     <span class='ocr_line' id='line_1_122' title="bbox 2021 3184 3684 3258; baseline 0.002 -18"><span class='ocrx_word' id='word_1_886' title='bbox 2021 3184 2162 3240; x_wconf 89' lang='lat' dir='ltr'>bere</span> <span class='ocrx_word' id='word_1_887' title='bbox 2185 3185 2398 3255; x_wconf 90' lang='lat' dir='ltr'>jejunii</span> <span class='ocrx_word' id='word_1_888' title='bbox 2430 3187 2472 3242; x_wconf 83' lang='grc'>¹.</span> <span class='ocrx_word' id='word_1_889' title='bbox 2502 3188 2566 3258; x_wconf 88' lang='lat' dir='ltr'>Et</span> <span class='ocrx_word' id='word_1_890' title='bbox 2591 3187 2734 3258; x_wconf 92' lang='lat' dir='ltr'>quia</span> <span class='ocrx_word' id='word_1_891' title='bbox 2761 3185 2904 3258; x_wconf 85' lang='lat' dir='ltr'>nihil</span> <span class='ocrx_word' id='word_1_892' title='bbox 2936 3184 3153 3240; x_wconf 90' lang='lat' dir='ltr'>horum</span> <span class='ocrx_word' id='word_1_893' title='bbox 3183 3187 3309 3241; x_wconf 88' lang='lat' dir='ltr'>sine</span> <span class='ocrx_word' id='word_1_894' title='bbox 3338 3188 3555 3257; x_wconf 90' lang='lat' dir='ltr'>pietate</span> <span class='ocrx_word' id='word_1_895' title='bbox 3580 3187 3684 3243; x_wconf 87' lang='lat' dir='ltr'>ﬁr-</span> 
     </span>
    </p>
   </div>
   <div class='ocr_carea' id='block_1_122' title="bbox 2026 3256 3684 3327">
    <p class='ocr_par' dir='ltr' id='par_1_122' title="bbox 2026 3256 3684 3327">
     <span class='ocr_line' id='line_1_123' title="bbox 2026 3256 3684 3327; baseline 0.001 -16"><span class='ocrx_word' id='word_1_896' title='bbox 2026 3272 2193 3311; x_wconf 89' lang='lat' dir='ltr'>mum</span> <span class='ocrx_word' id='word_1_897' title='bbox 2233 3262 2344 3323; x_wconf 91' lang='lat' dir='ltr'>est,</span> <span class='ocrx_word' id='word_1_898' title='bbox 2379 3256 2626 3327; x_wconf 71' lang='lat' dir='ltr'>adjecit,</span> <span class='ocrx_word' id='word_1_899' title='bbox 2671 3258 2741 3311; x_wconf 90' lang='lat' dir='ltr'>Et</span> <span class='ocrx_word' id='word_1_900' title='bbox 2800 3256 3124 3327; x_wconf 79' lang='lat' dir='ltr'>eleemosyna</span> <span class='ocrx_word' id='word_1_901' title='bbox 3174 3274 3288 3310; x_wconf 89' lang='lat' dir='ltr'>cum</span> <span class='ocrx_word' id='word_1_902' title='bbox 3317 3256 3547 3327; x_wconf 81' lang='lat' dir='ltr'>justitia</span> <span class='ocrx_word' id='word_1_903' title='bbox 3577 3274 3597 3311; x_wconf 82' lang='lat'>.&#39;</span> <span class='ocrx_word' id='word_1_904' title='bbox 3622 3263 3684 3314; x_wconf 92' lang='lat' dir='ltr'>ut</span> 
     </span>
    </p>
   </div>
   <div class='ocr_carea' id='block_1_123' title="bbox 2024 3327 3684 3400">
    <p class='ocr_par' dir='ltr' id='par_1_123' title="bbox 2024 3327 3684 3400">
     <span class='ocr_line' id='line_1_124' title="bbox 2024 3327 3684 3400; baseline 0 -17"><span class='ocrx_word' id='word_1_905' title='bbox 2024 3327 2408 3400; x_wconf 89' lang='lat' dir='ltr'>eleemosyna</span> <span class='ocrx_word' id='word_1_906' title='bbox 2455 3333 2689 3384; x_wconf 90' lang='lat' dir='ltr'>servata</span> <span class='ocrx_word' id='word_1_907' title='bbox 2733 3328 2986 3398; x_wconf 88' lang='lat' dir='ltr'>justitia,</span> <span class='ocrx_word' id='word_1_908' title='bbox 3038 3328 3684 3400; x_wconf 8' lang='lat' dir='ltr'>cominendetgoratim</span> 
     </span>
    </p>
   </div>
   <div class='ocr_carea' id='block_1_124' title="bbox 2022 3397 3678 3471">
    <p class='ocr_par' dir='ltr' id='par_1_124' title="bbox 2022 3397 3678 3471">
     <span class='ocr_line' id='line_1_125' title="bbox 2022 3397 3678 3471; baseline 0.001 -18"><span class='ocrx_word' id='word_1_909' title='bbox 2022 3415 2161 3454; x_wconf 89' lang='lat' dir='ltr'>nem</span> <span class='ocrx_word' id='word_1_910' title='bbox 2185 3397 2320 3454; x_wconf 85' lang='lat' dir='ltr'>cum</span> <span class='ocrx_word' id='word_1_911' title='bbox 2347 3398 2598 3471; x_wconf 89' lang='lat' dir='ltr'>jejunio.</span> <span class='ocrx_word' id='word_1_912' title='bbox 2635 3397 2896 3471; x_wconf 88' lang='lat' dir='ltr'>Denique</span> <span class='ocrx_word' id='word_1_913' title='bbox 2923 3399 3255 3471; x_wconf 90' lang='lat' dir='ltr'>orationem</span> <span class='ocrx_word' id='word_1_914' title='bbox 3287 3404 3342 3454; x_wconf 91' lang='lat' dir='ltr'>et</span> <span class='ocrx_word' id='word_1_915' title='bbox 3373 3397 3678 3471; x_wconf 88' lang='lat' dir='ltr'>jejunium</span> 
     </span>
    </p>
   </div>
   <div class='ocr_carea' id='block_1_125' title="bbox 2025 3470 3678 3540">
    <p class='ocr_par' dir='ltr' id='par_1_125' title="bbox 2025 3470 3678 3540">
     <span class='ocr_line' id='line_1_126' title="bbox 2025 3470 3678 3540; baseline -0.001 -14"><span class='ocrx_word' id='word_1_916' title='bbox 2025 3470 2272 3526; x_wconf 91' lang='lat' dir='ltr'>Cornelii</span> <span class='ocrx_word' id='word_1_917' title='bbox 2327 3471 2733 3527; x_wconf 89' lang='lat' dir='ltr'>misericordia</span> <span class='ocrx_word' id='word_1_918' title='bbox 2789 3470 3253 3525; x_wconf 82' lang='lat' dir='ltr'>commendavit.</span> <span class='ocrx_word' id='word_1_919' title='bbox 3309 3471 3442 3540; x_wconf 91' lang='lat' dir='ltr'>Ipse</span> <span class='ocrx_word' id='word_1_920' title='bbox 3474 3539 3480 3540; x_wconf 15' lang='grc' dir='ltr'><em>γ</em></span> <span class='ocrx_word' id='word_1_921' title='bbox 3518 3470 3678 3525; x_wconf 92' lang='lat' dir='ltr'>enim</span> 
     </span>
    </p>
   </div>
   <div class='ocr_carea' id='block_1_126' title="bbox 2024 3539 3680 3613">
    <p class='ocr_par' dir='ltr' id='par_1_126' title="bbox 2024 3539 3680 3613">
     <span class='ocr_line' id='line_1_127' title="bbox 2024 3539 3680 3613; baseline -0.001 -17"><span class='ocrx_word' id='word_1_922' title='bbox 2024 3542 2345 3597; x_wconf 89' lang='lat' dir='ltr'>abundans</span> <span class='ocrx_word' id='word_1_923' title='bbox 2372 3544 2564 3613; x_wconf 90' lang='lat' dir='ltr'>copiis</span> <span class='ocrx_word' id='word_1_924' title='bbox 2592 3548 2635 3606; x_wconf 73' lang='grc'>³,</span> <span class='ocrx_word' id='word_1_925' title='bbox 2654 3541 2999 3613; x_wconf 89' lang='lat' dir='ltr'>jejunabat;</span> <span class='ocrx_word' id='word_1_926' title='bbox 3024 3541 3127 3596; x_wconf 91' lang='lat' dir='ltr'>sed</span> <span class='ocrx_word' id='word_1_927' title='bbox 3162 3545 3218 3595; x_wconf 87' lang='lat' dir='ltr'>et</span> <span class='ocrx_word' id='word_1_928' title='bbox 3246 3539 3366 3596; x_wconf 87' lang='lat' dir='ltr'>non</span> <span class='ocrx_word' id='word_1_929' title='bbox 3389 3539 3680 3613; x_wconf 85' lang='lat' dir='ltr'>habentes</span> 
     </span>
    </p>
   </div>
   <div class='ocr_carea' id='block_1_127' title="bbox 2024 3610 3681 3685">
    <p class='ocr_par' dir='ltr' id='par_1_127' title="bbox 2024 3610 3681 3685">
     <span class='ocr_line' id='line_1_128' title="bbox 2024 3610 3681 3685; baseline 0 -18"><span class='ocrx_word' id='word_1_930' title='bbox 2024 3614 2328 3685; x_wconf 89' lang='lat' dir='ltr'>pascebat,</span> <span class='ocrx_word' id='word_1_931' title='bbox 2359 3621 2421 3668; x_wconf 88' lang='lat' dir='ltr'>ut</span> <span class='ocrx_word' id='word_1_932' title='bbox 2440 3610 2683 3685; x_wconf 80' lang='lat' dir='ltr'>illorum</span> <span class='ocrx_word' id='word_1_933' title='bbox 2701 3610 2977 3685; x_wconf 85' lang='lat' dir='ltr'>saturitas</span> <span class='ocrx_word' id='word_1_934' title='bbox 2989 3613 3285 3685; x_wconf 91' lang='lat' dir='ltr'>jejunium</span> <span class='ocrx_word' id='word_1_935' title='bbox 3309 3613 3436 3683; x_wconf 90' lang='lat' dir='ltr'>ejus</span> <span class='ocrx_word' id='word_1_936' title='bbox 3463 3610 3681 3685; x_wconf 80' lang='lat' dir='ltr'>faceret</span> 
     </span>
    </p>
   </div>
   <div class='ocr_carea' id='block_1_128' title="bbox 2024 3682 3681 3756">
    <p class='ocr_par' dir='ltr' id='par_1_128' title="bbox 2024 3682 3681 3756">
     <span class='ocr_line' id='line_1_129' title="bbox 2024 3682 3681 3756; baseline -0.001 -17"><span class='ocrx_word' id='word_1_937' title='bbox 2024 3682 2407 3756; x_wconf 81' lang='lat' dir='ltr'>acceptabile.</span> <span class='ocrx_word' id='word_1_938' title='bbox 2438 3684 2744 3741; x_wconf 83' lang='lat' dir='ltr'>Nonnullis</span> <span class='ocrx_word' id='word_1_939' title='bbox 2776 3700 2918 3753; x_wconf 91' lang='lat' dir='ltr'>ergo</span> <span class='ocrx_word' id='word_1_940' title='bbox 2952 3682 3195 3752; x_wconf 84' lang='lat' dir='ltr'>indiget,</span> <span class='ocrx_word' id='word_1_941' title='bbox 3243 3690 3299 3738; x_wconf 93' lang='lat' dir='ltr'>et</span> <span class='ocrx_word' id='word_1_942' title='bbox 3321 3682 3681 3756; x_wconf 29' lang='lat' dir='ltr'>_’nonnullis</span> 
     </span>
    </p>
   </div>
   <div class='ocr_carea' id='block_1_129' title="bbox 2025 3753 3678 3881">
    <p class='ocr_par' dir='ltr' id='par_1_129' title="bbox 2025 3753 3678 3881">
     <span class='ocr_line' id='line_1_130' title="bbox 2025 3753 3678 3881; baseline -0.001 -70"><span class='ocrx_word' id='word_1_943' title='bbox 2025 3753 2224 3881; x_wconf 50' lang='lat' dir='ltr'>(tialrefe</span> <span class='ocrx_word' id='word_1_944' title='bbox 2250 3756 2426 3811; x_wconf 89' lang='lat' dir='ltr'>debet</span> <span class='ocrx_word' id='word_1_945' title='bbox 2450 3757 2771 3827; x_wconf 90' lang='lat' dir='ltr'>jejunium,</span> <span class='ocrx_word' id='word_1_946' title='bbox 2812 3762 2872 3812; x_wconf 93' lang='lat' dir='ltr'>ut</span> <span class='ocrx_word' id='word_1_947' title='bbox 2904 3756 3089 3826; x_wconf 90' lang='lat' dir='ltr'>possit</span> <span class='ocrx_word' id='word_1_948' title='bbox 3123 3754 3332 3811; x_wconf 89' lang='lat' dir='ltr'>mereri</span> <span class='ocrx_word' id='word_1_949' title='bbox 3356 3753 3522 3827; x_wconf 92' lang='lat' dir='ltr'>quod</span> <span class='ocrx_word' id='word_1_950' title='bbox 3544 3769 3678 3826; x_wconf 85' lang='lat' dir='ltr'>pos-</span> 
     </span>
     <span class='ocr_line' id='line_1_131' title="bbox 2055 3843 2196 3881; baseline 0 0"><span class='ocrx_word' id='word_1_951' title='bbox 2055 3844 2087 3881; x_wconf 85' lang='grc' dir='ltr'>ιι</span> <span class='ocrx_word' id='word_1_952' title='bbox 2118 3843 2151 3881; x_wconf 92' lang='lat' dir='ltr'>a</span> <span class='ocrx_word' id='word_1_953' title='bbox 2186 3869 2196 3881; x_wconf 93' lang='lat'>.</span> 
     </span>
    </p>
   </div>
   <div class='ocr_carea' id='block_1_130' title="bbox 2028 3832 2196 3882">
    <p class='ocr_par' dir='ltr' id='par_1_130' title="bbox 2028 3832 2196 3882">
     <span class='ocr_line' id='line_1_132' title="bbox 2028 3832 2196 3882; baseline 0.006 -2"><span class='ocrx_word' id='word_1_954' title='bbox 2028 3832 2196 3882; x_wconf 89' lang='lat' dir='ltr'>tulat.</span> 
     </span>
    </p>
   </div>
   <div class='ocr_carea' id='block_1_131' title="bbox 2451 3897 3248 3953">
    <p class='ocr_par' dir='ltr' id='par_1_131' title="bbox 2451 3897 3248 3953">
     <span class='ocr_line' id='line_1_133' title="bbox 2451 3897 3248 3953; baseline -0.003 0"><span class='ocrx_word' id='word_1_955' title='bbox 2451 3914 2590 3953; x_wconf 78' lang='lat' dir='ltr'>LAUS</span> <span class='ocrx_word' id='word_1_956' title='bbox 2620 3914 2683 3952; x_wconf 78' lang='grc' dir='ltr'>ετ</span> <span class='ocrx_word' id='word_1_957' title='bbox 2711 3912 2912 3953; x_wconf 76' lang='lat' dir='ltr'>GLORlA</span> <span class='ocrx_word' id='word_1_958' title='bbox 2945 3913 3173 3953; x_wconf 65' lang='lat' dir='ltr'>PASCHE</span> <span class='ocrx_word' id='word_1_959' title='bbox 3204 3897 3248 3951; x_wconf 78' lang='grc'>³.</span> 
     </span>
    </p>
   </div>
   <div class='ocr_carea' id='block_1_132' title="bbox 2096 3965 3679 4037">
    <p class='ocr_par' dir='ltr' id='par_1_132' title="bbox 2096 3965 3679 4037">
     <span class='ocr_line' id='line_1_134' title="bbox 2096 3965 3679 4037; baseline 0 -14"><span class='ocrx_word' id='word_1_960' title='bbox 2096 3969 2245 4024; x_wconf 80' lang='lat' dir='ltr'><strong>CXXI</strong></span> <span class='ocrx_word' id='word_1_961' title='bbox 2279 3969 2379 4037; x_wconf 89' lang='lat' dir='ltr'>(a).</span> <span class='ocrx_word' id='word_1_962' title='bbox 2414 4000 2480 4009; x_wconf 95' lang='lat'><strong>—</strong></span> <span class='ocrx_word' id='word_1_963' title='bbox 2513 3971 2555 4025; x_wconf 90' lang='grc' dir='ltr'>Ο</span> <span class='ocrx_word' id='word_1_964' title='bbox 2606 3976 2882 4024; x_wconf 90' lang='lat' dir='ltr'>sanctum</span> <span class='ocrx_word' id='word_1_965' title='bbox 2922 3974 2979 4023; x_wconf 93' lang='lat' dir='ltr'>et</span> <span class='ocrx_word' id='word_1_966' title='bbox 3010 3969 3335 4023; x_wconf 89' lang='lat' dir='ltr'>salutarem</span> <span class='ocrx_word' id='word_1_967' title='bbox 3381 3965 3540 4022; x_wconf 89' lang='lat' dir='ltr'>diem</span> <span class='ocrx_word' id='word_1_968' title='bbox 3574 3966 3679 4023; x_wconf 88' lang='lat' dir='ltr'>Pa-</span> 
     </span>
    </p>
   </div>
   <div class='ocr_carea' id='block_1_133' title="bbox 2025 4039 3678 4111">
    <p class='ocr_par' dir='ltr' id='par_1_133' title="bbox 2025 4039 3678 4111">
     <span class='ocr_line' id='line_1_135' title="bbox 2025 4039 3678 4111; baseline 0 -18"><span class='ocrx_word' id='word_1_969' title='bbox 2025 4039 2173 4111; x_wconf 79' lang='lat' dir='ltr'>chae,</span> <span class='ocrx_word' id='word_1_970' title='bbox 2227 4046 2281 4094; x_wconf 92' lang='lat' dir='ltr'>et</span> <span class='ocrx_word' id='word_1_971' title='bbox 2338 4040 2503 4095; x_wconf 88' lang='lat' dir='ltr'>omni</span> <span class='ocrx_word' id='word_1_972' title='bbox 2560 4039 2738 4095; x_wconf 90' lang='lat' dir='ltr'>laude</span> <span class='ocrx_word' id='word_1_973' title='bbox 2789 4040 3264 4111; x_wconf 59' lang='lat' dir='ltr'>praedicandum,</span> <span class='ocrx_word' id='word_1_974' title='bbox 3319 4054 3443 4111; x_wconf 91' lang='lat' dir='ltr'>quo</span> <span class='ocrx_word' id='word_1_975' title='bbox 3508 4055 3678 4094; x_wconf 91' lang='lat' dir='ltr'>mors</span> 
     </span>
    </p>
   </div>
   <div class='ocr_carea' id='block_1_134' title="bbox 2024 4110 3681 4182">
    <p class='ocr_par' dir='ltr' id='par_1_134' title="bbox 2024 4110 3681 4182">
     <span class='ocr_line' id='line_1_136' title="bbox 2024 4110 3681 4182; baseline -0.001 -17"><span class='ocrx_word' id='word_1_976' title='bbox 2024 4110 2258 4166; x_wconf 91' lang='lat' dir='ltr'>devicta</span> <span class='ocrx_word' id='word_1_977' title='bbox 2280 4116 2386 4177; x_wconf 92' lang='lat' dir='ltr'>est,</span> <span class='ocrx_word' id='word_1_978' title='bbox 2429 4111 2672 4167; x_wconf 90' lang='lat' dir='ltr'>diabolo</span> <span class='ocrx_word' id='word_1_979' title='bbox 2713 4110 2966 4182; x_wconf 86' lang='lat' dir='ltr'>regnum</span> <span class='ocrx_word' id='word_1_980' title='bbox 3014 4111 3307 4173; x_wconf 89' lang='lat' dir='ltr'>ablatum,</span> <span class='ocrx_word' id='word_1_981' title='bbox 3337 4110 3681 4165; x_wconf 88' lang='lat' dir='ltr'>sacramen-</span> 
     </span>
    </p>
   </div>
   <div class='ocr_carea' id='block_1_135' title="bbox 2026 4182 3678 4254">
    <p class='ocr_par' dir='ltr' id='par_1_135' title="bbox 2026 4182 3678 4254">
     <span class='ocr_line' id='line_1_137' title="bbox 2026 4182 3678 4254; baseline -0.001 -18"><span class='ocrx_word' id='word_1_982' title='bbox 2026 4188 2152 4236; x_wconf 91' lang='lat' dir='ltr'>tum</span> <span class='ocrx_word' id='word_1_983' title='bbox 2188 4183 2285 4237; x_wconf 89' lang='lat' dir='ltr'>Dei</span> <span class='ocrx_word' id='word_1_984' title='bbox 2318 4184 2787 4249; x_wconf 85' lang='lat' dir='ltr'>manifestatum,</span> <span class='ocrx_word' id='word_1_985' title='bbox 2821 4184 3124 4254; x_wconf 87' lang='lat' dir='ltr'>decretum</span> <span class='ocrx_word' id='word_1_986' title='bbox 3152 4182 3315 4254; x_wconf 91' lang='lat' dir='ltr'>quod</span> <span class='ocrx_word' id='word_1_987' title='bbox 3357 4182 3678 4254; x_wconf 76' lang='lat' dir='ltr'>adversum</span> 
     </span>
    </p>
   </div>
   <div class='ocr_carea' id='block_1_136' title="bbox 2026 4252 3673 4321">
    <p class='ocr_par' dir='ltr' id='par_1_136' title="bbox 2026 4252 3673 4321">
     <span class='ocr_line' id='line_1_138' title="bbox 2026 4252 3673 4321; baseline -0.002 -14"><span class='ocrx_word' id='word_1_988' title='bbox 2026 4269 2134 4308; x_wconf 91' lang='lat' dir='ltr'>nos</span> <span class='ocrx_word' id='word_1_989' title='bbox 2182 4257 2328 4318; x_wconf 89' lang='lat' dir='ltr'>erat,</span> <span class='ocrx_word' id='word_1_990' title='bbox 2378 4260 2779 4320; x_wconf 88' lang='lat' dir='ltr'>evacuatum;</span> <span class='ocrx_word' id='word_1_991' title='bbox 2829 4253 3029 4309; x_wconf 89' lang='lat' dir='ltr'>tartari</span> <span class='ocrx_word' id='word_1_992' title='bbox 3079 4252 3280 4321; x_wconf 76' lang='lat' dir='ltr'>januas</span> <span class='ocrx_word' id='word_1_993' title='bbox 3333 4252 3673 4321; x_wconf 70' lang='lat' dir='ltr'>contractas,</span> 
     </span>
    </p>
   </div>
   <div class='ocr_carea' id='block_1_137' title="bbox 2025 4320 3677 4400">
    <p class='ocr_par' dir='ltr' id='par_1_137' title="bbox 2025 4320 3677 4400">
     <span class='ocr_line' id='line_1_139' title="bbox 2025 4320 3677 4400; baseline -0.002 -23"><span class='ocrx_word' id='word_1_994' title='bbox 2025 4324 2937 4400; x_wconf 78' lang='lat' dir='ltr'>v_incti_soluti,_clausiremissi,</span> <span class='ocrx_word' id='word_1_995' title='bbox 2958 4320 3094 4400; x_wconf 61' lang='lat' dir='ltr'>caeci</span> <span class='ocrx_word' id='word_1_996' title='bbox 3127 4321 3466 4400; x_wconf 74' lang='lat' dir='ltr'>illuminati,</span> <span class='ocrx_word' id='word_1_997' title='bbox 3491 4320 3677 4400; x_wconf 84' lang='lat' dir='ltr'>impe-</span> 
     </span>
    </p>
   </div>
   <div class='ocr_carea' id='block_1_138' title="bbox 2022 4392 3676 4466">
    <p class='ocr_par' dir='ltr' id='par_1_138' title="bbox 2022 4392 3676 4466">
     <span class='ocr_line' id='line_1_140' title="bbox 2022 4392 3676 4466; baseline -0.002 -17"><span class='ocrx_word' id='word_1_998' title='bbox 2022 4396 2114 4450; x_wconf 89' lang='lat' dir='ltr'>riti</span> <span class='ocrx_word' id='word_1_999' title='bbox 2143 4397 2393 4451; x_wconf 90' lang='lat' dir='ltr'>scientia</span> <span class='ocrx_word' id='word_1_1000' title='bbox 2416 4395 2974 4466; x_wconf 85' lang='lat' dir='ltr'>donati,impiifacti</span> <span class='ocrx_word' id='word_1_1001' title='bbox 3002 4392 3676 4466; x_wconf 83' lang='lat' dir='ltr'>misericordes,iniquis</span> 
     </span>
    </p>
   </div>
   <div class='ocr_carea' id='block_1_139' title="bbox 2023 4463 3675 4539">
    <p class='ocr_par' dir='ltr' id='par_1_139' title="bbox 2023 4463 3675 4539">
     <span class='ocr_line' id='line_1_141' title="bbox 2023 4463 3675 4539; baseline -0.004 -17"><span class='ocrx_word' id='word_1_1002' title='bbox 2023 4472 2081 4522; x_wconf 91' lang='lat' dir='ltr'>et</span> <span class='ocrx_word' id='word_1_1003' title='bbox 2110 4466 2186 4539; x_wconf 86' lang='lat' dir='ltr'>inj</span> <span class='ocrx_word' id='word_1_1004' title='bbox 2200 4470 2345 4522; x_wconf 92' lang='lat' dir='ltr'>ustis</span> <span class='ocrx_word' id='word_1_1005' title='bbox 2371 4463 2763 4537; x_wconf 52' lang='lat' dir='ltr'>peccatorum&#39;</span> <span class='ocrx_word' id='word_1_1006' title='bbox 2794 4467 2934 4539; x_wconf 86' lang='lat' dir='ltr'>data</span> <span class='ocrx_word' id='word_1_1007' title='bbox 2966 4465 3258 4539; x_wconf 86' lang='lat' dir='ltr'>remissio,</span> <span class='ocrx_word' id='word_1_1008' title='bbox 3292 4463 3675 4539; x_wconf 79' lang='lat' dir='ltr'>inimicorum</span> 
     </span>
    </p>
   </div>
   <div class='ocr_carea' id='block_1_140' title="bbox 2024 4533 3676 4602">
    <p class='ocr_par' dir='ltr' id='par_1_140' title="bbox 2024 4533 3676 4602">
     <span class='ocr_line' id='line_1_142' title="bbox 2024 4533 3676 4602; baseline -0.003 -9"><span class='ocrx_word' id='word_1_1009' title='bbox 2024 4533 2441 4602; x_wconf 78' lang='lat' dir='ltr'>reconciliatio,</span> <span class='ocrx_word' id='word_1_1010' title='bbox 2480 4538 2692 4593; x_wconf 88' lang='lat' dir='ltr'>erroris</span> <span class='ocrx_word' id='word_1_1011' title='bbox 2720 4537 3081 4600; x_wconf 87' lang='lat' dir='ltr'>emendatio,</span> <span class='ocrx_word' id='word_1_1012' title='bbox 3124 4534 3379 4590; x_wconf 85' lang='lat' dir='ltr'>veritatis</span> <span class='ocrx_word' id='word_1_1013' title='bbox 3414 4533 3676 4589; x_wconf 89' lang='lat' dir='ltr'>declara-</span> 
     </span>
    </p>
   </div>
   <div class='ocr_carea' id='block_1_141' title="bbox 2024 4605 3673 4678">
    <p class='ocr_par' dir='ltr' id='par_1_141' title="bbox 2024 4605 3673 4678">
     <span class='ocr_line' id='line_1_143' title="bbox 2024 4605 3673 4678; baseline -0.003 -15"><span class='ocrx_word' id='word_1_1014' title='bbox 2024 4610 2104 4665; x_wconf 89' lang='lat' dir='ltr'>tio</span> <span class='ocrx_word' id='word_1_1015' title='bbox 2133 4627 2145 4675; x_wconf 93' lang='lat'><strong>;</strong></span> <span class='ocrx_word' id='word_1_1016' title='bbox 2175 4613 2290 4665; x_wconf 89' lang='lat' dir='ltr'>Deo</span> <span class='ocrx_word' id='word_1_1017' title='bbox 2314 4608 2417 4663; x_wconf 85' lang='lat' dir='ltr'>ﬁlii</span> <span class='ocrx_word' id='word_1_1018' title='bbox 2440 4625 2509 4662; x_wconf 91' lang='lat' dir='ltr'>ex</span> <span class='ocrx_word' id='word_1_1019' title='bbox 2536 4608 2778 4677; x_wconf 88' lang='lat' dir='ltr'>perditis</span> <span class='ocrx_word' id='word_1_1020' title='bbox 2800 4606 3095 4678; x_wconf 89' lang='lat' dir='ltr'>acquisiti,</span> <span class='ocrx_word' id='word_1_1021' title='bbox 3119 4605 3401 4678; x_wconf 80' lang='lat' dir='ltr'>superbia</span> <span class='ocrx_word' id='word_1_1022' title='bbox 3426 4605 3673 4678; x_wconf 81' lang='lat' dir='ltr'>depres-</span> 
     </span>
    </p>
   </div>
   <div class='ocr_carea' id='block_1_142' title="bbox 2025 4675 3674 4749">
    <p class='ocr_par' dir='ltr' id='par_1_142' title="bbox 2025 4675 3674 4749">
     <span class='ocr_line' id='line_1_144' title="bbox 2025 4675 3674 4749; baseline -0.002 -15"><span class='ocrx_word' id='word_1_1023' title='bbox 2025 4698 2112 4746; x_wconf 91' lang='lat' dir='ltr'>sa,</span> <span class='ocrx_word' id='word_1_1024' title='bbox 2151 4680 2463 4737; x_wconf 89' lang='lat' dir='ltr'>humilitas</span> <span class='ocrx_word' id='word_1_1025' title='bbox 2508 4675 2762 4735; x_wconf 82' lang='lat' dir='ltr'>exaltata</span> <span class='ocrx_word' id='word_1_1026' title='bbox 2804 4697 2820 4748; x_wconf 83' lang='lat'>;</span> <span class='ocrx_word' id='word_1_1027' title='bbox 2866 4675 3161 4749; x_wconf 82' lang='lat' dir='ltr'>pauperes</span> <span class='ocrx_word' id='word_1_1028' title='bbox 3198 4675 3406 4749; x_wconf 81' lang='lat' dir='ltr'>ditati,</span> <span class='ocrx_word' id='word_1_1029' title='bbox 3462 4675 3674 4749; x_wconf 80' lang='lat' dir='ltr'>divites</span> 
     </span>
    </p>
   </div>
   <div class='ocr_carea' id='block_1_143' title="bbox 2022 4746 3675 4820">
    <p class='ocr_par' dir='ltr' id='par_1_143' title="bbox 2022 4746 3675 4820">
     <span class='ocr_line' id='line_1_145' title="bbox 2022 4746 3675 4820; baseline -0.002 -14"><span class='ocrx_word' id='word_1_1030' title='bbox 2022 4751 2292 4808; x_wconf 88' lang='lat' dir='ltr'>exhausti</span> <span class='ocrx_word' id='word_1_1031' title='bbox 2332 4770 2343 4817; x_wconf 86' lang='lat'><strong>;</strong></span> <span class='ocrx_word' id='word_1_1032' title='bbox 2394 4758 2625 4805; x_wconf 90' lang='lat' dir='ltr'>montes</span> <span class='ocrx_word' id='word_1_1033' title='bbox 2662 4746 3007 4820; x_wconf 53' lang='lat' dir='ltr'>deplanati,&#39;</span> <span class='ocrx_word' id='word_1_1034' title='bbox 3028 4748 3214 4803; x_wconf 88' lang='lat' dir='ltr'>valles</span> <span class='ocrx_word' id='word_1_1035' title='bbox 3251 4748 3509 4819; x_wconf 63' lang='lat' dir='ltr'>repletae,</span> <span class='ocrx_word' id='word_1_1036' title='bbox 3558 4746 3675 4820; x_wconf 83' lang='lat' dir='ltr'>col-</span> 
     </span>
    </p>
   </div>
   <div class='ocr_carea' id='block_1_144' title="bbox 2022 4818 3675 4894">
    <p class='ocr_par' dir='ltr' id='par_1_144' title="bbox 2022 4818 3675 4894">
     <span class='ocr_line' id='line_1_146' title="bbox 2022 4818 3675 4894; baseline -0.002 -17"><span class='ocrx_word' id='word_1_1037' title='bbox 2022 4822 2106 4877; x_wconf 90' lang='lat' dir='ltr'>les</span> <span class='ocrx_word' id='word_1_1038' title='bbox 2169 4823 2446 4894; x_wconf 89' lang='lat' dir='ltr'>prostrati</span> <span class='ocrx_word' id='word_1_1039' title='bbox 2505 4840 2517 4887; x_wconf 89' lang='lat'>;</span> <span class='ocrx_word' id='word_1_1040' title='bbox 2579 4818 2953 4894; x_wconf 82' lang='lat' dir='ltr'>impudentia</span> <span class='ocrx_word' id='word_1_1041' title='bbox 3007 4821 3254 4894; x_wconf 79' lang='lat' dir='ltr'>calcata,</span> <span class='ocrx_word' id='word_1_1042' title='bbox 3316 4818 3675 4894; x_wconf 75' lang='lat' dir='ltr'>verecundia</span> 
     </span>
    </p>
   </div>
   <div class='ocr_carea' id='block_1_145' title="bbox 2022 4889 3676 4964">
    <p class='ocr_par' dir='ltr' id='par_1_145' title="bbox 2022 4889 3676 4964">
     <span class='ocr_line' id='line_1_147' title="bbox 2022 4889 3676 4964; baseline -0.003 -16"><span class='ocrx_word' id='word_1_1043' title='bbox 2022 4889 2263 4964; x_wconf 83' lang='lat' dir='ltr'>compta</span> <span class='ocrx_word' id='word_1_1044' title='bbox 2289 4895 2331 4961; x_wconf 78' lang='lat'>‘,</span> <span class='ocrx_word' id='word_1_1045' title='bbox 2356 4889 2680 4949; x_wconf 87' lang='lat' dir='ltr'>animabus</span> <span class='ocrx_word' id='word_1_1046' title='bbox 2702 4893 2775 4948; x_wconf 90' lang='lat' dir='ltr'>ad</span> <span class='ocrx_word' id='word_1_1047' title='bbox 2806 4892 3023 4964; x_wconf 66' lang='lat' dir='ltr'>caelum</span> <span class='ocrx_word' id='word_1_1048' title='bbox 3044 4891 3185 4947; x_wconf 88' lang='lat' dir='ltr'>data</span> <span class='ocrx_word' id='word_1_1049' title='bbox 3207 4891 3477 4964; x_wconf 65' lang='lat' dir='ltr'>facultas,</span> <span class='ocrx_word' id='word_1_1050' title='bbox 3504 4889 3676 4944; x_wconf 88' lang='lat' dir='ltr'>liber-</span> 
     </span>
    </p>
   </div>
   <div class='ocr_carea' id='block_1_146' title="bbox 2023 4962 3672 5036">
    <p class='ocr_par' dir='ltr' id='par_1_146' title="bbox 2023 4962 3672 5036">
     <span class='ocr_line' id='line_1_148' title="bbox 2023 4962 3672 5036; baseline -0.004 -17"><span class='ocrx_word' id='word_1_1051' title='bbox 2023 4971 2113 5020; x_wconf 90' lang='lat' dir='ltr'>tas</span> <span class='ocrx_word' id='word_1_1052' title='bbox 2130 4962 2382 5029; x_wconf 89' lang='lat' dir='ltr'>reddita,</span> <span class='ocrx_word' id='word_1_1053' title='bbox 2397 4965 2671 5036; x_wconf 90' lang='lat' dir='ltr'>disrupta</span> <span class='ocrx_word' id='word_1_1054' title='bbox 2698 4980 2767 5019; x_wconf 93' lang='lat' dir='ltr'>ac</span> <span class='ocrx_word' id='word_1_1055' title='bbox 2786 4962 3042 5036; x_wconf 85' lang='lat' dir='ltr'>resoluta</span> <span class='ocrx_word' id='word_1_1056' title='bbox 3060 4963 3373 5036; x_wconf 81' lang='lat' dir='ltr'>captivitas</span> <span class='ocrx_word' id='word_1_1057' title='bbox 3399 4980 3411 5019; x_wconf 91' lang='lat'><strong>:</strong></span> <span class='ocrx_word' id='word_1_1058' title='bbox 3437 4967 3672 5030; x_wconf 90' lang='lat' dir='ltr'>torpue-</span> 
     </span>
    </p>
   </div>
   <div class='ocr_carea' id='block_1_147' title="bbox 2020 5032 3674 5104">
    <p class='ocr_par' dir='ltr' id='par_1_147' title="bbox 2020 5032 3674 5104">
     <span class='ocr_line' id='line_1_149' title="bbox 2020 5032 3674 5104; baseline -0.004 -13"><span class='ocrx_word' id='word_1_1059' title='bbox 2020 5042 2157 5091; x_wconf 90' lang='lat' dir='ltr'>runt</span> <span class='ocrx_word' id='word_1_1060' title='bbox 2180 5037 2452 5102; x_wconf 60' lang='lat' dir='ltr'>tenebrae,</span> <span class='ocrx_word' id='word_1_1061' title='bbox 2477 5032 2731 5092; x_wconf 84' lang='lat' dir='ltr'>confusa</span> <span class='ocrx_word' id='word_1_1062' title='bbox 2746 5039 2835 5090; x_wconf 90' lang='lat' dir='ltr'>est</span> <span class='ocrx_word' id='word_1_1063' title='bbox 2859 5033 3103 5098; x_wconf 91' lang='lat' dir='ltr'>malitia,</span> <span class='ocrx_word' id='word_1_1064' title='bbox 3131 5032 3479 5104; x_wconf 78' lang='lat' dir='ltr'>purificatus</span> <span class='ocrx_word' id='word_1_1065' title='bbox 3497 5045 3674 5104; x_wconf 88' lang='lat' dir='ltr'>squa-</span> 
     </span>
    </p>
   </div>
   <div class='ocr_carea' id='block_1_148' title="bbox 2020 5102 3673 5177">
    <p class='ocr_par' dir='ltr' id='par_1_148' title="bbox 2020 5102 3673 5177">
     <span class='ocr_line' id='line_1_150' title="bbox 2020 5102 3673 5177; baseline -0.004 -17"><span class='ocrx_word' id='word_1_1066' title='bbox 2020 5107 2125 5177; x_wconf 90' lang='lat' dir='ltr'>lor,</span> <span class='ocrx_word' id='word_1_1067' title='bbox 2149 5114 2391 5164; x_wconf 92' lang='lat' dir='ltr'>satanas</span> <span class='ocrx_word' id='word_1_1068' title='bbox 2415 5109 2680 5177; x_wconf 89' lang='lat' dir='ltr'>dejectus</span> <span class='ocrx_word' id='word_1_1069' title='bbox 2716 5126 2728 5173; x_wconf 86' lang='lat'>;</span> <span class='ocrx_word' id='word_1_1070' title='bbox 2757 5108 3016 5162; x_wconf 90' lang='lat' dir='ltr'>inanitus</span> <span class='ocrx_word' id='word_1_1071' title='bbox 3041 5102 3306 5160; x_wconf 77' lang='lat' dir='ltr'>infernus</span> <span class='ocrx_word' id='word_1_1072' title='bbox 3340 5119 3351 5157; x_wconf 90' lang='lat'><strong>:</strong></span> <span class='ocrx_word' id='word_1_1073' title='bbox 3384 5102 3673 5177; x_wconf 84' lang='lat' dir='ltr'>Dominus</span> 
     </span>
    </p>
   </div>
   <div class='ocr_carea' id='block_1_149' title="bbox 2018 5173 3673 5245">
    <p class='ocr_par' dir='ltr' id='par_1_149' title="bbox 2018 5173 3673 5245">
     <span class='ocr_line' id='line_1_151' title="bbox 2018 5173 3673 5245; baseline -0.005 -12"><span class='ocrx_word' id='word_1_1074' title='bbox 2018 5173 2218 5235; x_wconf 88' lang='lat' dir='ltr'>noster</span> <span class='ocrx_word' id='word_1_1075' title='bbox 2239 5181 2407 5234; x_wconf 85' lang='lat' dir='ltr'>Jesus</span> <span class='ocrx_word' id='word_1_1076' title='bbox 2449 5173 2711 5235; x_wconf 88' lang='lat' dir='ltr'>Christus</span> <span class='ocrx_word' id='word_1_1077' title='bbox 2732 5194 2903 5233; x_wconf 90' lang='lat' dir='ltr'>verus</span> <span class='ocrx_word' id='word_1_1078' title='bbox 2936 5177 3034 5232; x_wconf 90' lang='lat' dir='ltr'>Dei</span> <span class='ocrx_word' id='word_1_1079' title='bbox 3064 5176 3236 5231; x_wconf 86' lang='lat' dir='ltr'>Filius</span> <span class='ocrx_word' id='word_1_1080' title='bbox 3276 5173 3673 5245; x_wconf 88' lang='lat' dir='ltr'>approbatus,</span> 
     </span>
    </p>
   </div>
   <div class='ocr_carea' id='block_1_150' title="bbox 2078 5314 3609 5377">
    <p class='ocr_par' dir='ltr' id='par_1_150' title="bbox 2078 5314 3609 5377">
     <span class='ocr_line' id='line_1_152' title="bbox 2078 5314 3609 5377; baseline -0.005 -8"><span class='ocrx_word' id='word_1_1081' title='bbox 2078 5324 2092 5354; x_wconf 75' lang='grc' dir='ltr'>ι</span> <span class='ocrx_word' id='word_1_1082' title='bbox 2124 5320 2219 5369; x_wconf 86' lang='lat' dir='ltr'>Ms.</span> <span class='ocrx_word' id='word_1_1083' title='bbox 2247 5319 2599 5376; x_wconf 90' lang='lat' dir='ltr'>Colbertinus,</span> <span class='ocrx_word' id='word_1_1084' title='bbox 2630 5320 2871 5368; x_wconf 72' lang='lat' dir='ltr'>solatium</span> <span class='ocrx_word' id='word_1_1085' title='bbox 2901 5318 3011 5367; x_wconf 83' lang='lat' dir='ltr'>vult</span> <span class='ocrx_word' id='word_1_1086' title='bbox 3045 5331 3154 5366; x_wconf 90' lang='lat' dir='ltr'>eam</span> <span class='ocrx_word' id='word_1_1087' title='bbox 3190 5315 3375 5364; x_wconf 86' lang='lat' dir='ltr'>habere</span> <span class='ocrx_word' id='word_1_1088' title='bbox 3397 5314 3609 5377; x_wconf 82' lang='lat' dir='ltr'>jejunii.</span> 
     </span>
    </p>
   </div>
   <div class='ocr_carea' id='block_1_151' title="bbox 2076 5377 3675 5453">
    <p class='ocr_par' dir='ltr' id='par_1_151' title="bbox 2076 5377 3675 5453">
     <span class='ocr_line' id='line_1_153' title="bbox 2076 5377 3675 5453; baseline -0.004 -22"><span class='ocrx_word' id='word_1_1089' title='bbox 2076 5386 2106 5453; x_wconf 67' lang='lat'>’_</span> <span class='ocrx_word' id='word_1_1090' title='bbox 2133 5383 2212 5453; x_wconf 82' lang='lat' dir='ltr'>Er.</span> <span class='ocrx_word' id='word_1_1091' title='bbox 2230 5383 2383 5453; x_wconf 44' lang='lat' dir='ltr'>_Ven..</span> <span class='ocrx_word' id='word_1_1092' title='bbox 2412 5386 2464 5431; x_wconf 86' lang='lat' dir='ltr'>et</span> <span class='ocrx_word' id='word_1_1093' title='bbox 2491 5383 2649 5453; x_wconf 83' lang='lat' dir='ltr'>_Lov_.,</span> <span class='ocrx_word' id='word_1_1094' title='bbox 2682 5381 3189 5453; x_wconf 43' lang='lat' dir='ltr'>abund-aneopibus,</span> <span class='ocrx_word' id='word_1_1095' title='bbox 3213 5394 3308 5453; x_wconf 53' lang='lat' dir='ltr'>seu</span> <span class='ocrx_word' id='word_1_1096' title='bbox 3334 5377 3512 5453; x_wconf 49' lang='lat' dir='ltr'>eti-piis,</span> <span class='ocrx_word' id='word_1_1097' title='bbox 3534 5377 3675 5441; x_wconf 84' lang='lat' dir='ltr'>jeju-</span> 
     </span>
    </p>
   </div>
   <div class='ocr_carea' id='block_1_152' title="bbox 2016 5441 3421 5515">
    <p class='ocr_par' dir='ltr' id='par_1_152' title="bbox 2016 5441 3421 5515">
     <span class='ocr_line' id='line_1_154' title="bbox 2016 5441 3421 5515; baseline -0.001 0"><span class='ocrx_word' id='word_1_1098' title='bbox 2016 5446 2195 5515; x_wconf 62' lang='lat' dir='ltr'>nebet»</span> <span class='ocrx_word' id='word_1_1099' title='bbox 2228 5444 2420 5515; x_wconf 61' lang='grc' dir='ltr'>πέμεειη</span> <span class='ocrx_word' id='word_1_1100' title='bbox 2448 5445 2723 5515; x_wconf 51' lang='lat' dir='ltr'>abiectae!</span> <span class='ocrx_word' id='word_1_1101' title='bbox 2754 5441 3247 5515; x_wconf 62' lang='grc' dir='ltr'>ρρίδυείεἱιξηαιξίξε-</span> <span class='ocrx_word' id='word_1_1102' title='bbox 3353 5441 3421 5515; x_wconf 61' lang='lat' dir='ltr'>tl-</span> 
     </span>
    </p>
   </div>
   <div class='ocr_carea' id='block_1_153' title="bbox 2079 5500 3671 5567">
    <p class='ocr_par' dir='ltr' id='par_1_153' title="bbox 2079 5500 3671 5567">
     <span class='ocr_line' id='line_1_155' title="bbox 2079 5500 3671 5567; baseline -0.005 -11"><span class='ocrx_word' id='word_1_1103' title='bbox 2079 5511 2097 5541; x_wconf 78' lang='grc'>³</span> <span class='ocrx_word' id='word_1_1104' title='bbox 2126 5500 2209 5557; x_wconf 90' lang='lat' dir='ltr'>Sic</span> <span class='ocrx_word' id='word_1_1105' title='bbox 2237 5500 2356 5555; x_wconf 70' lang='lat' dir='ltr'>Mss.</span> <span class='ocrx_word' id='word_1_1106' title='bbox 2412 5510 2465 5555; x_wconf 89' lang='lat' dir='ltr'>et</span> <span class='ocrx_word' id='word_1_1107' title='bbox 2493 5506 2652 5555; x_wconf 88' lang='lat' dir='ltr'>editio</span> <span class='ocrx_word' id='word_1_1108' title='bbox 2686 5500 3103 5567; x_wconf 77' lang='lat' dir='ltr'>Ratisponensis.</span> <span class='ocrx_word' id='word_1_1109' title='bbox 3139 5504 3265 5553; x_wconf 81' lang='lat' dir='ltr'>Aliae</span> <span class='ocrx_word' id='word_1_1110' title='bbox 3292 5507 3474 5567; x_wconf 86' lang='lat' dir='ltr'>autem</span> <span class='ocrx_word' id='word_1_1111' title='bbox 3508 5500 3671 5567; x_wconf 87' lang='lat' dir='ltr'>editio</span> 
     </span>
    </p>
   </div>
   <div class='ocr_carea' id='block_1_154' title="bbox 2016 5564 3669 5630">
    <p class='ocr_par' dir='ltr' id='par_1_154' title="bbox 2016 5564 3669 5630">
     <span class='ocr_line' id='line_1_156' title="bbox 2016 5564 3669 5630; baseline -0.002 -10"><span class='ocrx_word' id='word_1_1112' title='bbox 2016 5585 2110 5619; x_wconf 88' lang='lat' dir='ltr'>nes</span> <span class='ocrx_word' id='word_1_1113' title='bbox 2127 5586 2136 5617; x_wconf 94' lang='lat'>:</span> <span class='ocrx_word' id='word_1_1114' title='bbox 2158 5570 2231 5618; x_wconf 87' lang='lat' dir='ltr'>De</span> <span class='ocrx_word' id='word_1_1115' title='bbox 2244 5568 2502 5624; x_wconf 79' lang='lat' dir='ltr'>Paschate,</span> <span class='ocrx_word' id='word_1_1116' title='bbox 2519 5583 2669 5630; x_wconf 86' lang='lat' dir='ltr'>quam</span> <span class='ocrx_word' id='word_1_1117' title='bbox 2682 5564 2963 5615; x_wconf 75' lang='lat' dir='ltr'>laudabilis</span> <span class='ocrx_word' id='word_1_1118' title='bbox 2981 5572 3025 5615; x_wconf 89' lang='lat' dir='ltr'>et</span> <span class='ocrx_word' id='word_1_1119' title='bbox 3035 5567 3264 5629; x_wconf 77' lang='lat' dir='ltr'>gloriosa</span> <span class='ocrx_word' id='word_1_1120' title='bbox 3274 5566 3339 5615; x_wconf 72' lang='lat' dir='ltr'>sit</span> <span class='ocrx_word' id='word_1_1121' title='bbox 3356 5564 3669 5616; x_wconf 76' lang='lat' dir='ltr'>solemnitas.</span> 
     </span>
    </p>
   </div>
   <div class='ocr_carea' id='block_1_155' title="bbox 2076 5630 2861 5691">
    <p class='ocr_par' dir='ltr' id='par_1_155' title="bbox 2076 5630 2861 5691">
     <span class='ocr_line' id='line_1_157' title="bbox 2076 5630 2861 5691; baseline -0.005 -10"><span class='ocrx_word' id='word_1_1122' title='bbox 2076 5636 2092 5665; x_wconf 80' lang='grc'>⁸</span> <span class='ocrx_word' id='word_1_1123' title='bbox 2122 5633 2218 5681; x_wconf 86' lang='lat' dir='ltr'>Ms.</span> <span class='ocrx_word' id='word_1_1124' title='bbox 2249 5631 2603 5687; x_wconf 87' lang='lat' dir='ltr'>Colbertinus,</span> <span class='ocrx_word' id='word_1_1125' title='bbox 2639 5630 2861 5691; x_wconf 82' lang='lat' dir='ltr'>confota.</span> 
     </span>
    </p>
   </div>
   <div class='ocr_carea' id='block_1_156' title="bbox 2100 5691 3079 5757">
    <p class='ocr_par' dir='ltr' id='par_1_156' title="bbox 2100 5691 3079 5757">
     <span class='ocr_line' id='line_1_158' title="bbox 2100 5691 3079 5757; baseline -0.005 -14"><span class='ocrx_word' id='word_1_1126' title='bbox 2100 5702 2150 5747; x_wconf 78' lang='grc' dir='ltr'><strong>α)</strong></span> <span class='ocrx_word' id='word_1_1127' title='bbox 2182 5694 2339 5743; x_wconf 90' lang='lat' dir='ltr'>Deest</span> <span class='ocrx_word' id='word_1_1128' title='bbox 2360 5695 2413 5742; x_wconf 89' lang='lat' dir='ltr'>in</span> <span class='ocrx_word' id='word_1_1129' title='bbox 2435 5693 2563 5757; x_wconf 84' lang='lat' dir='ltr'>Mss.</span> <span class='ocrx_word' id='word_1_1130' title='bbox 2597 5692 2819 5757; x_wconf 75' lang='lat' dir='ltr'>secundi</span> <span class='ocrx_word' id='word_1_1131' title='bbox 2849 5691 3079 5757; x_wconf 89' lang='lat' dir='ltr'>generis.</span> 
     </span>
    </p>
   </div>
   <div class='ocr_carea' id='block_1_157' title="bbox 2099 5755 2800 5820">
    <p class='ocr_par' dir='ltr' id='par_1_157' title="bbox 2099 5755 2800 5820">
     <span class='ocr_line' id='line_1_159' title="bbox 2099 5755 2800 5820; baseline 0.004 -15"><span class='ocrx_word' id='word_1_1132' title='bbox 2099 5757 2146 5820; x_wconf 84' lang='grc' dir='ltr'><strong>ὸ)</strong></span> <span class='ocrx_word' id='word_1_1133' title='bbox 2179 5757 2339 5809; x_wconf 86' lang='lat' dir='ltr'>Deest</span> <span class='ocrx_word' id='word_1_1134' title='bbox 2371 5757 2426 5807; x_wconf 88' lang='lat' dir='ltr'>in</span> <span class='ocrx_word' id='word_1_1135' title='bbox 2458 5756 2649 5808; x_wconf 88' lang='lat' dir='ltr'>iisdem</span> <span class='ocrx_word' id='word_1_1136' title='bbox 2676 5755 2800 5808; x_wconf 83' lang='lat' dir='ltr'>Mss.</span> 
     </span>
    </p>
   </div>
  </div>
