4140 6208
612 170 752 227 2379

617 299 808 351 Deum
843 293 1032 358 timet,
1059 290 1157 346 hic
1173 305 1309 345 vere
1339 293 1637 361 praecepta
1659 287 2265 361 ejuscustodit,qniin

615 371 906 438 potestate
920 358 1358 438 habensleges;
1376 358 1641 438 futurum
1674 359 1776 438 Dei
1802 358 2101 438 judicium
2118 358 2266 413 'con-

615 429 958 508 templatur.
994 436 1197 505 Itaque
1228 429 1581 508 grandisres
1609 429 1899 508 estutqui
1920 430 2265 508 inpraesen-

616 510 657 565 ti
686 501 807 564 non
839 506 1023 562 habet
1042 501 1726 578 qnem’timeatsvincat
1774 501 1939 578 quod
1971 501 2264 578 deiectat;

616 596 754 635 cum
780 572 1095 634 delectatio
1118 579 1349 629 tantum
1363 574 1570 643 possit,
1604 572 1809 628 utnon
1831 572 2263 638 solumfutura,

618 651 724 706 sed
750 656 804 705 et
832 646 1148 721 praesentia
1176 642 1421 721 minime
1454 650 1747 700 vereatur.
1810 644 1974 721 Unde
2004 642 2263 721 multum

617 714 1463 790 merenfurquicumquehauc
1484 720 1802 790 superant,
1828 716 1934 790 sed
1960 714 2266 790 plusiiqui

620 731 1463 790 merenturqutcumquenauc
1492 731 1802 841 superant,
1828 731 1934 770 seu
1960 731 2266 786 piuanui

620 794 678 873 in
702 788 1228 873 prtesenti‘legibus
1262 785 1558 873 ethomini
1613 804 1677 841 us
1709 787 2118 873 dominantur.
2144 788 2267 873 rCee:

620 857 725 920 teri
756 863 914 917 enim
937 865 994 916 et
1022 859 1295 915 homines
1345 864 1401 913 et
1446 857 1606 927 leges
1636 865 1946 922 verentur;
1980 872 2159 927 quare
2214 863 2269 911 et

660 934 990 1003 ropositum
1016 930 1380 1003 custodiunt.
1394 931 1479 1003 Ne
1492 928 1651 984 enim
1680 930 1839 1000 apud
1856 930 2129 984 homines
2142 943 2271 1003 eru-

660 950 990 1003 Γοροειιυω
1016 950 1380 985 CUSIOOIUHL.
1401 950 1651 984 neeum]
1680 950 1839 1000 apuu
1856 950 2271 984 ηοωιῐιεδθπυ·

618 950 885 1067 Bescant,
917 1008 1154 1057 servant
1182 1001 1346 1067 quod
1372 1000 1470 1053 diu
1500 1006 1815 1054 tenuerunt
1840 1017 1853 1060 ;
1881 1005 2022 1054 etne
2055 999 2272 1053 conde-

619 1080 917 1137 mnentur,
956 1091 989 1128 a
1023 1069 1338 1143 prohibitis
1365 1087 1425 1125 se
1450 1071 1785 1125 abstinent:
1827 1069 2271 1143 hicautemiqui

618 1142 1156 1201 dominatiouenec
1188 1144 1346 1213 leges
1364 1144 1550 1207 timet,
1583 1158 1692 1196 nec
1730 1143 2002 1196 homines
2041 1142 2273 1197 erubes-

621 1220 719 1283 cit,
758 1232 992 1287 maguae
1033 1214 1235 1285 glorias
1262 1221 1350 1268 est
1378 1214 1426 1267 si
1461 1230 1523 1267 se
1552 1214 1831 1270 abstinet.

1146 1301 1419 1339 ADVERSUS
1451 1302 1731 1339 EUSEBIUM.

682 1359 857 1415 CXXV
874 1359 969 1428 (a).
1010 1388 1067 1397 —
1093 1357 1324 1412 Memini
1346 1358 1513 1428 mein
1535 1358 1802 1428 quodam
1827 1353 2025 1428 libello
2042 1351 2275 1428 Eusebii

619 1426 929 1499 quondam
961 1428 1180 1497 egregii
1222 1429 1277 1482 in
1308 1426 1569 1499 reliquis
1599 1427 1703 1480 viri
1728 1426 1960 1499 legisse,
1992 1426 2135 1496 quia
2166 1439 2274 1499 nee

622 1496 872 1572 Spiritus
900 1496 1142 1555 sanctus
1158 1501 1301 1572 sciat
1330 1496 1670 1572 mysterium
1700 1497 2024 1572 nativitatis
2040 1496 2274 1572 Domini

621 1567 807 1627 nostri
832 1573 966 1625 Jesu
1002 1569 1214 1626 Christi
1247 1589 1260 1637 ;
1294 1576 1343 1625 et
1372 1567 1637 1623 admiror
1665 1576 1839 1622 tanta;
1867 1567 2152 1621 doctrinas
2187 1568 2267 1620 vi-

616 1659 749 1697 rum
782 1644 934 1697 hanc
966 1641 1269 1697 maculam
1300 1641 1535 1711 Spiritui
1570 1645 1778 1694 sancto
1818 1640 2115 1711 intlixisse.
2154 1637 2272 1691 Hoc

615 1714 774 1769 enim
804 1714 1008 1767 dicens
1039 1710 1394 1781 degenerem
1423 1711 1586 1765 illum
1643 1710 2020 1779 significavit.
2073 1712 2272 1781 Neque

615 1785 773 1839 enim
810 1790 1000 1856 potest
1038 1779 1166 1856 dici
1193 1784 1266 1837 de
1325 1782 1445 1837 Deo
1472 1797 1640 1856 esse,‘
1674 1784 1722 1856 si
1753 1782 1956 1845 nescit,
1990 1796 2125 1856 quae
2172 1779 2268 1834 Dei

615 1863 755 1910 sunt
786 1852 974 1927 {quio
1006 1852 1243 1909 inferior
1264 1860 1476 1927 natura
1497 1852 1643 1924 quid
1679 1854 1736 1927 i_n
1758 1855 1986 1927 potiore
2017 1854 2108 1927 sit,
2142 1866 2272 1927 nes-

613 1928 708 1981 cit.
744 1922 1012 1982 Sin'vero
1045 1926 1391 1979 substantiae
1423 1922 1805 1992 est—ejusdem
1827 1929 1882 1977 et
1914 1922 2268 1985 divinitatis,

612 1997 924 2068 quomodo
948 2004 1142 2067 potest
1174 2012 1397 2068 nosetre
1448 2011 1583 2066 qum
1636 2012 1745 2068 su_a
1777 2000 1913 2047 sunt
1942 1993 1970 2047 ‘t
2004 1993 2270 2063 Denique

614 2066 792 2124 Filius
817 2066 1141 2139 Dei,'quia,
1174 2067 1306 2137 Ego,
1354 2068 1565 2137 inquit,
1596 2073 1643 2119 et
1676 2066 1841 2139 Pater
1871 2082 2035 2139 unum
2087 2081 2271 2118 sumus

611 2140 790 2210 (Joan.
822 2157 876 2204 x,
906 2137 1019 2207 30),
1053 2148 1291 2208 promer
1308 2141 1591 2210 unitatem
1620 2137 1996 2210 substantiae.
2020 2152 2133 2189 non
2166 2138 2270 2190 im-

610 2207 823 2265 merito
865 2207 1104 2279 adjecit,
1131 2210 1359 2273 dicens,
1394 2208 1589 2263 Omnia
1615 2225 1731 2279 quae
1759 2207 1947 2261 Patris
1971 2214 2120 2273 sunt,
2152 2224 2268 2261 mea

609 2290 742 2336 sunt
769 2298 792 2346 ,‘
818 2289 868 2337 et
898 2299 1013 2352 qua?
1043 2298 1157 2334 mea
1178 2287 1322 2346 sunt,
1351 2280 1539 2334 Patris
1568 2287 1692 2352 sunt
1720 2279 1830 2346 (Id.
1849 2280 2269 2347 xv1,15).Qua-

613 2354 882 2409 mobrem
906 2351 955 2407 si
989 2352 1239 2423 Spiritus
1260 2360 1502 2406 sanctus
1518 2351 1784 2420 ejusdem
1805 2352 2129 2423 divinitatis
2157 2356 2264 2414 est,

609 2440 731 2495 qua
766 2426 994 2479 ratione
1026 2422 1393 2492 Segregatur,
1425 2438 1497 2477 ue
1526 2424 1598 2475 sit
1650 2422 1944 2495 ejusdemi
1982 2422 2262 2495 scientiae,

609 2491 747 2550 eum
779 2495 1047 2565 ejusdem
1084 2510 1201 2548 non
1227 2499 1471 2563 negetur
1496 2508 1624 2547 esse
1654 2492 2003 2547 substantias
2033 2491 2061 2545 (Υ
2097 2491 2264 2556 Quod

612 2566 744 2637 plus
767 2574 853 2621 est
885 2566 1199 2630 concessit,
1231 2566 1395 2637 quod
1430 2566 1624 2637 minus
1654 2570 1744 2618 est
1766 2565 2067 2637 renuens‘,
2098 2568 2266 2618 Crea-

608 2634 743 2693 tura
772 2637 930 2693 enim
950 2637 1144 2701 discit,
1174 2642 1230 2691 et
1251 2634 1461 2705 incipit
1492 2635 1819 2705 aliquanda
1849 2636 1994 2687 scire
2024 2634 2097 2688 de
2130 2650 2265 2688 auc-

608 2714 734 2764 tore
766 2726 896 2769 suo,
930 2714 985 2763 et
1014 2706 1248 2762 ernntei
1274 2707 1699 2778 quaedidicerit
1725 2721 1862 2778 cum
1896 2712 2135 2778 auctore
2156 2720 2263 2759 suo

612 2779 962 2835 communia
989 2795 1001 2831 :
1031 2775 1369 2832 substantia
1384 2782 1582 2831 autem
1615 2776 1705 2830 vel
1730 2775 2007 2829 divinitas
2030 2791 2265 2846 nonpo-

607 2850 854 2905 testDeo
886 2865 1020 2903 esse
1043 2856 1097 2902 et
1122 2853 1407 2903 creaturae
1435 2847 1797 2902 communis.
1826 2849 1972 2902 Nam
1994 2848 2092 2901 Dei
2124 2847 2261 2901 sub-

609 2920 830 2975 stantia
859 2935 980 2975 uou
1002 2919 1184 2991 habet
1210 2919 1370 2991 quod
1404 2919 1614 2991 discat,
1634 2919 1786 2991 quia
1816 2916 1961 2973 nihil
1984 2918 2264 2991 estquod

607 2994 844 3061 ignoret
877 3010 887 3049 :
927 2988 1263 3046 substantia
1302 3005 1440 3045 vero
1478 2988 1795 3045 hominum
1846 3004 1965 3044 non
1994 2988 2171 3044 habet
2203 2990 2262 3043 in

610 3068 827 3118 natura
854 3067 916 3117 ut
951 3062 1114 3127 sciat,
1158 3062 1260 3117 sed
1313 3067 1375 3115 ut
1400 3061 1611 3116 discat.
1668 3064 1869 3132 itaque
1902 3066 2129 3115 natura:
2150 3061 2261 3115 ho-

610 3135 841 3189 minum
872 3132 1087 3189 accidit
1131 3132 1419 3188 scientia:
1470 3148 1592 3188 non
1634 3136 1831 3187 tamen
1886 3132 2258 3197 immutatur,

611 3204 946 3260 substantia
976 3220 989 3269 ;
1049 3204 1192 3275 quia
1235 3204 1499 3259 hominis
1532 3208 1747 3259 natura
1786 3202 2044 3275 dehabet
2076 3203 2261 3258 scien-

606 3277 753 3331 tiam
783 3294 795 3333 :
837 3277 918 3331 sic
945 3273 1104 3330 enim
1134 3276 1373 3331 condita
1422 3280 1529 3341 est,
1559 3278 1625 3329 ut
1654 3290 1760 3346 per
1786 3273 2127 3329 exercitium
2162 3290 2258 3329 ac-

608 3348 807 3418 quirat
834 3348 1165 3402 scientiam.
1200 3347 1382 3416 Igitur
1398 3345 1694 3417 majorest
1718 3345 2053 3400 substantia
2076 3362 2260 3416 quam

606 3419 888 3485 scientia;
929 3419 1072 3490 quia
1098 3434 1217 3473 non
1267 3418 1511 3490 scientia
1547 3418 1800 3490 acquirit
1837 3418 2257 3490 substantiam,

608 3490 713 3545 sed
747 3488 1080 3545 substantia
1132 3489 1481 3543 scientiam:
1526 3493 1582 3543 et
1631 3488 1963 3543 substantia
1999 3493 2088 3542 est
2134 3489 2261 3543 sine

606 3562 866 3624 scientia,
901 3577 1022 3616 non
1057 3567 1256 3616 tamen
1298 3560 1544 3615 scientia
1568 3564 1775 3630 potest
1791 3574 1921 3613 esse
1954 3575 2080 3614 srue
2124 3559 2261 3613 sub-

605 3633 845 3687 stantia.
881 3632 941 3687 ln
984 3632 1103 3686 Deo
1135 3637 1335 3687 autem
1393 3632 1543 3685 sicut
1573 3629 1663 3684 est
1692 3629 2044 3696 substantia,
2087 3630 2166 3685 ita
2208 3638 2263 3685 et

606 3705 900 3783 seientia:
935 3703 1483 3783 subsiauiiaﬂenim
1536 3717 1671 3783 qum
1707 3700 2067 3783 nihilihab’et
2096 3702 2261 3773 quod

607 3774 821 3837 discat,
851 3774 985 3842 ipsa
1017 3774 1351 3829 substantia
1381 3779 1472 3829 est
1520 3773 1630 3828 sibi
1688 3773 1952 3827 scientia.
1997 3774 2263 3837 Quamo-

603 3843 771 3899 brem
804 3846 1008 3900 omnia
1036 3845 1093 3898 in
1113 3845 1229 3899 Deo
1256 3844 1627 3900 substantiva
1652 3844 1948 3899 dicuntur.
1982 3843 2264 3899 Substan-

608 3915 690 3968 tia
723 3916 880 3969 enim
916 3916 1007 3968 cui
1041 3915 1183 3969 nihil
1210 3916 1394 3981 deest,
1423 3916 1625 3971 omnia
1658 3914 2129 3971 substantialiter
2161 3916 2261 3970 ha-

605 3984 705 4039 bet
731 4002 743 4050 ;
767 3985 910 4056 quia
933 3985 1077 4039 nihil
1106 3987 1156 4040 ei
1182 3986 1433 4040 accessit
1464 3991 1604 4056 post
1633 3986 1919 4040 studium.
1942 3987 2259 4050 Quomodo

606 4070 750 4123 ergo
781 4055 895 4109 dici
929 4061 1126 4127 potest
1148 4057 1221 4110 de
1255 4056 1497 4127 Spiritu,
1524 4062 1732 4110 sancto
1771 4057 1916 4127 quia
1946 4059 2132 4111 nescit
2159 4074 2259 4113 na-

604 4127 892 4182 tivitatem
930 4127 1049 4182 Filii
1076 4126 1197 4192 Dei,
1225 4127 1270 4181 si
1296 4126 1823 4182 consubstantivus
1851 4133 1939 4182 est
1965 4128 2058 4183 ei?
2083 4131 2257 4183 Num-

605 4197 759 4270 quid
774 4202 971 4270 potest
1003 4214 1120 4253 una
1153 4198 1487 4270 eademque
1522 4197 1877 4262 substantia,
1908 4204 1962 4253 et
2006 4199 2174 4263 scire,
2203 4206 2258 4255 et

605 4269 888 4341 nescire?
917 4271 1075 4341 Certe
1092 4270 1266 4325 Filius
1288 4269 1762 4341 Deimysterium
1787 4270 2107 4325 nativitatis
2133 4288 2255 4326 sum

604 4356 721 4414 non
754 4340 1009 4406 didicit;
1055 4341 1164 4396 scit
1217 4340 1376 4395 enim
1433 4340 1918 4414 substantialiter,
1975 4357 2095 4396 non
2150 4358 2258 4414 per

604 4411 937 4484 doctrinam
976 4428 986 4466 :
1022 4428 1143 4484 qua
1179 4428 1318 4482 ergo
1352 4413 1578 4484 ratione
1612 4411 1863 4484 Spiritus
1896 4411 2256 4484 sanctus—di-

603 4482 755 4537 citur
783 4482 1192 4548 nescire,'cum
1228 4483 1493 4555 similiter
1520 4482 1820 4555 ipsenihil
1850 4483 2070 4555 habeat
2089 4484 2255 4555 quod

603 4555 1208 4637 discatLquia‘omnia
1246 4554 1410 4637 novit
1443 4553 1557 4637 per
1604 4553 2059 4637 substantiam?
2099 4553 2256 4637 Sicut

603 4626 763 4697 enim
799 4625 898 4680 Dei
926 4626 1128 4697 Filius,
1162 4629 1243 4681 ita
1274 4632 1329 4681 et
1358 4625 1609 4697 Spiritus
1660 4632 1900 4681 sanctus
1949 4625 2047 4680 Dei
2071 4626 2253 4697 subs-

606 4695 791 4749 tantia
819 4701 925 4760 est,
956 4696 1189 4752 dicente
1223 4693 1496 4769 Domino,
1527 4698 1725 4751 Omnia
1761 4714 1879 4769 quae
1909 4693 2102 4752 Patris
2128 4706 2253 4753 sunt

600 4781 715 4839 inea
739 4773 864 4839 sunt
896 4787 915 4822 .-
945 4782 1050 4835 per
1093 4768 1258 4839 quod
1284 4768 1658 4839 rsigniﬁcavit
1702 4768 2103 4825 substantiam
2155 4771 2253 4825 Dei

600 4835 786 4891 Patris
815 4853 987 4911 suam
1022 4835 1155 4911 esse
1206 4835 1628 4894 substantiam.
1661 4842 1726 4894 Et
1757 4840 2030 4911 spiritum
2083 4856 2255 4896 sanc-

600 4912 785 4981 tumia
835 4910 999 4963 Patre
1028 4909 1169 4981 dicit
1200 4911 1537 4980 procedere,
1572 4916 1627 4966 et
1672 4911 1745 4964 de
1791 4909 1913 4965 suo
1938 4911 2243 4981 accipere:

602 4980 680 5054 ξι
711 4979 846 5054 ideo,
870 4980 1080 5051 inquit,
1109 4979 1263 5043 dimi,
1291 4981 1492 5054 demeo
1514 4981 1764 5052 accipiet,
1791 4984 1917 5052 quia
1931 4979 2111 5054 omnia
2132 5000 2248 5054 qua:

592 5051 790 5106 Patris
822 5058 964 5115 sunt,
994 5068 1105 5106 mea
1135 5059 1280 5107 sunt.
1319 5053 1372 5108 Si
1401 5069 1437 5107 a
1470 5051 1640 5108 Patre
1672 5051 1952 5122 procedit,
1977 5058 2035 5107 et
2066 5051 2250 5110 de'Fi-

593 5122 673 5196 lio
691 5124 925 5196 accipit,
944 5123 1253 5196 quomodo
1275 5123 1391 5196 Filii
1408 5123 1633 5178 nesciat
1654 5125 2015 5196 nativitatem
2033 5142 2046 5192 ;
2063 5140 2249 5196 quau-

594 5194 673 5247 do
734 5193 1071 5249 substantia
1121 5195 1248 5264 ejus
1283 5193 1619 5249 substantia
1677 5194 1803 5249 Filii
1853 5194 1997 5250 est?
2035 5193 2247 5252 Oinnia

594 5264 752 5319 enim
781 5281 915 5337 quae
943 5264 1126 5320 Patris
1150 5268 1307 5337 sunt,
1336 5265 1458 5320 Filii
1502 5271 1658 5337 sunt.
1697 5267 1832 5321 Sine
1885 5267 2071 5322 dubio
2104 5284 2245 5337 ergo

594 5337 773 5409 Patris
802 5335 1143 5409 substancia
1168 5341 1225 5391 et
1272 5335 1329 5409 in
1359 5336 1581 5409 Spiritu
1637 5343 1843 5392 sancto
1866 5344 1973 5393 est.
2017 5335 2245 5409 Adjeéit

592 5408 749 5461 enim
773 5407 967 5478 Filius,
993 5409 1198 5463 dicens
1235 5423 1245 5461 :
1279 5408 1353 5461 Et
1385 5408 1566 5462 omnia
1595 5424 1712 5478 qum
1736 5425 1846 5463 mea
1873 5416 2017 5473 sunt,
2051 5407 2243 5466 Patris

591 5485 734 5531 sunt.
770 5477 921 5544 Quid
955 5493 1097 5547 ergo
1129 5478 1457 5549 ambigitur
1514 5477 1845 5551 de’Spiritu
1891 5486 2120 5548 sancto,
2163 5498 2241 5537 an

590 5574 665 5680 m‘
693 5572 1065 5686 gsintieibert"
1104 5575 1247 5633 Quod
1272 5576 1391 5638 plus
1421 5580 1491 5625 est
1534 5577 1776 5633 concedis,
1816 5581 1860 5626 et
1897 5579 2030 5641 quod
2070 5579 2241 5629 minus

654 5693 726 5759 (α)
758 5693 915 5742 Deest
943 5694 997 5743 in
1028 5695 1154 5745 Mss.
1187 5698 1409 5749 secundi
1438 5700 1672 5764 generis.

1634 160 2091 232 QUAESTIONES
2130 157 2221 218 EX
2263 156 2602 227 UTROQUE
2640 154 2931 215 MIXTIM.

3808 162 3901 222 238)

2379 285 2651 355 ejusdem
2696 280 3019 355 divinitatis
3048 281 3138 347 sit,
3166 296 3305 355 cum
3336 278 3404 355 sit
3430 281 3667 355 ejusdem
3708 286 3906 345 substan-

2377 351 2465 414 tiae
2494 356 2522 411 ‘I
2587 359 2733 412 Nam
2763 354 2911 409 sicut
2939 353 3015 407 de
3046 368 3107 407 se
3138 352 3303 425 dixit
3332 351 3599 407 Dominus
3641 356 3805 425 quisa
3826 360 3906 419 Deo

2420 427 2686 494 rocessit,
2718 426 2800 481 ita
2846 432 2901 480 et
2927 424 3001 479 de
3051 422 3501 496 Spiritusancto
3528 422 3754 482 testatur.
3780 432 3829 484 Et
3860 450 3907 489 ne

2420 444 2686 494 Γοοθεειι,
2718 444 2800 481 lla
2846 444 2901 480 ΘΙ
2927 444 3001 479 αθ
3051 444 3269 496 δριτιιιι
3302 444 3501 478 διωαιο
3529 444 3754 482 teswtur.
3781 444 3829 484 bl
3860 450 3907 489 [le

2376 444 2489 573 Eoo
2518 499 2685 573 aliter
2706 494 3311 573 possitiuterpretari,
3349 497 3394 548 Α
3428 496 3603 573 Patre,
3628 497 3805 573 inquit,
3824 519 3908 573 pro-

2374 570 2510 625 cedit
2543 566 2725 641 (Joanl
2758 583 2856 635 xv,
2888 568 2979 637 26)
3010 585 3027 637 ;
3060 572 3134 641 et,
3190 566 3284 641 De_
3316 582 3446 641 meo
3480 567 3679 641 accipiet
3704 566 3791 638 (Id.
3824 566 3910 636 'm,

2380 645 2468 713 14)
2497 657 2509 696 :
2549 635 2668 695 uta
2694 640 2859 713 Patre
2890 635 3237 713 procedere,
3270 635 3383 713 hoe
3404 637 3474 713 si_t
3498 639 3565 713 de
3583 635 3783 697 'Christo
3811 646 3912 699 acci-

2376 708 2537 791 pere._
2564 713 2705 791 Cum
2736 708 3128 791 enim'dicitur
3154 708 3229 763 de
3280 708 3533 791 FilionDei
3563 712 3801 791 accipere,
3833 730 3913 771 non

2377 780 2700 853 ambigitur
2729 784 2906 837 etiam
2939 781 3067 852 ipse
3112 795 3245 853 esse
3300 780 3372 853 de
3403 780 3531 847 Deo,
3572 787 3641 853 ut
3681 780 3732 837 iu
3772 793 3916 843 saneto

2380 850 2599 926 Spiritu
2658 853 2844 926 Patris
2872 850 3005 907 esse
3071 850 3409 926 substantia
3439 857 3508 926 _et
3555 851 3807 926 divinitas,
3836 873 3916 912 non

2379 922 2743 995 ambigatur.
2777 925 2981 995 Itaque
3014 924 3115 994 qui
3146 922 3712 995 huncdicituescire
3738 926 3830 981 Filii
3849 928 3914 983 Dei

2382 993 2770 1059 nativitatem,
2804 994 2914 1067 ipsi
2946 993 3195 1067 derogat
3243 993 3413 1067 cujus
3454 993 3654 1067 dicitur
3680 1000 3915 1067 accepisse.

2384 1072 2497 1124 Nec
2531 1068 2688 1122 enim
2708 1064 2870 1121 aliud
2892 1064 3124 1138 accipit,
3153 1081 3338 1138 quam
3364 1064 3491 1138 ipse
3514 1070 3602 1138 est
3627 1065 3691 1121 de
3716 1064 3917 1138 quoacci-

2384 1081 2497 1124 Nec
2531 1083 2688 1122 enim
2708 1081 2870 1121 anna
2892 1081 3124 1136 accipit,
3153 1081 3338 1190 (Luam
3364 1081 3491 1136 ipse
3519 1081 3602 1119 esr
3627 1081 3691 1121 ae
3716 1082 3917 1138 quoacci-

2384 1141 2470 1221 pit
2501 1137 3017 1224 ;quia‘acoepisse
3031 1137 3104 1190 de
3135 1139 3173 1190 Ο
3193 1137 3386 1224 Jristo,
3415 1136 3490 1224 de
3514 1135 3624 1224 Dee
3648 1143 3918 1224 processisse

2384 1208 2740 1278 significavit
2776 1226 2788 1263 :
2824 1208 3078 1281 ideoque
3106 1222 3227 1261 non
3256 1212 3444 1281 potest
3470 1208 3695 1281 nescire,
3721 1212 3844 1281 quod
3859 1211 3919 1265 hic

2385 1282 2453 1335 sit
2482 1282 2556 1336 de
2582 1282 2753 1351 cujus
2782 1279 3017 1351 accepit
3043 1295 3056 1344 ;
3083 1294 3279 1350 neque
3328 1280 3591 1347 ignorare
3619 1279 3848 1351 dicendus
3865 1290 3920 1336 est

2386 1349 2728 1418 Dominum,
2756 1352 2895 1422 quia
2927 1349 2963 1404 a
2983 1350 3115 1422 iDeo
3145 1349 3452 1422 processit.
3501 1351 3649 1422 Qerte
3678 1349 3817 1406 Filius
3840 1352 3919 1416 Dei,

2382 1425 2526 1494 quia
2551 1425 2625 1477 de
2661 1420 2829 1477 Patre
2860 1427 2951 1476 est
2981 1420 3120 1483 Deo,
3148 1420 3258 1476 scit
3278 1421 3479 1476 omnia
3501 1421 3594 1475 Dei
3626 1437 3812 1492 :quare
3829 1439 3921 1492 ergo

2385 1496 2637 1565 Spiritus
2684 1501 2923 1548 sanctus
2950 1498 3209 1565 negetur_
3224 1494 3371 1565 seire
3402 1507 3762 1562 quaecumque
3779 1494 3922 1549 Christi

2385 1563 2541 1631 sunt,
2576 1582 2712 1619 cum
2742 1565 2815 1619 de
2843 1580 2913 1619 eo
2943 1563 3239 1633 acceperit
3268 1563 3296 1618 ?
3322 1564 3525 1633 Itaque
3543 1564 3584 1617 si
3612 1564 3923 1620 scilFiliusDei

2382 1653 2518 1709 quas
2548 1638 2602 1690 in
2638 1636 2755 1691 Deo
2788 1640 2943 1699 sunt,
2985 1634 3239 1689 dubium
3274 1650 3393 1709 non
3428 1636 3696 1709 estetiam
3724 1635 3925 1707 Spiritum

2384 1704 2654 1763 sanctum
2700 1724 2816 1762 non
2852 1708 3126 1777 ignorare
3158 1720 3293 1776 quae
3346 1706 3407 1759 in
3442 1704 3575 1777 Filio
3603 1706 3688 1759 Dei
3730 1704 3925 1761 snutzet

2383 1795 2488 1851 per
2508 1781 2564 1835 id
2599 1781 2759 1851 quod
2792 1776 2956 1833 novit
2985 1793 3121 1851 qua:
3152 1782 3291 1832 sunt
3349 1778 3439 1851 in_
3462 1776 3609 1840 Filio,
3637 1792 3740 1851 non
3766 1780 3925 1833 nescire

2381 1848 2673 1906 dicendus
2713 1856 2799 1904 est
2823 1865 2958 1919 quas
2989 1849 3047 1903 in
3077 1848 3198 1903 Deo
3220 1853 3379 1902 sunt.
3412 1848 3489 1902 De
3517 1849 3740 1919 eoenim
3767 1850 3825 1903 de
3846 1865 3927 1919 quo

2383 1923 2617 1993 accipit,
2644 1920 2744 1975 Dei
2799 1918 2973 1993 habet
3024 1921 3316 1974 notitiam.
3361 1918 3615 1993 Etiquid
3651 1918 3927 1993 laboramus,

2381 1990 2531 2048 cum—
2552 1993 2715 2048 testis
2745 1993 2815 2046 sit
2845 1993 2901 2044 iu
2936 1991 3051 2045 hac
3109 2006 3170 2044 re
3214 1990 3553 2060 Apostolus,
3584 1990 3792 2045 dicens:
3816 1990 3928 2045 Nemo

2378 2066 2481 2120 scit
2516 2080 2635 2135 qum
2663 2070 2787 2118 sunt
2830 2063 2888 2116 in
2920 2065 3048 2135 Deo,
3105 2062 3212 2135 nisi
3270 2061 3518 2130 Spiritus
3572 2062 3664 2116 Dei
3699 2062 3739 2135 (l
3772 2063 3925 2135 Cornix,

2386 2142 2401 2190 1
2425 2137 2469 2206 t)
2503 2133 2540 2190 δῖ
2564 2136 2788 2215 [ξουθρη
2811 2150 2941 2215 quo
2967 2134 3080 2215 diu
3104 2133 3479 2215 sudavimus,
3531 2134 3928 2215 Apostolo__aiijlu-

2381 2204 2557 2261 va'ute
2585 2204 2983 2278 implevimus.
3024 2205 3413 2278 Etnumquid
3454 2204 3928 2278 prejudieaviti‘tlio

2380 2280 2501 2343 Dei,
2540 2275 2686 2349 quia
2710 2278 3009 2349 neminem
3044 2275 3374 2349 dixitscire
3440 2291 3573 2347 quas
3616 2276 3668 2329 in
3704 2275 3803 2349 Deo
3838 2281 3927 2349 sunt

2379 2351 2490 2404 nisi
2527 2346 2805 2420 Spiritum
2864 2347 3017 2420 Dei?
3064 2347 3247 2402 Absit.
3292 2348 3387 2420 Sic
3427 2346 3584 2420 neci
3612 2346 3930 2420 praajudicevit

2377 2417 2623 2493 Spiritui
2650 2423 2863 2493 εδρᾳίο
2911 2418 3105 2493 Filius,
3146 2434 3283 2473 cum
3311 2419 3463 2493 dixit
3491 2434 3503 2473 :
3529 2417 3684 2493 Neirio
3723 2418 3839 2493 norit
3858 2417 3930 2470 Pc-

2378 2489 2531 2553 trem,
2566 2492 2676 2547 nisi
2702 2491 2901 2545 Filius.
2934 2492 3238 2545 Neminem
3288 2492 3451 2544 enim
3511 2490 3647 2544 dixit
3683 2489 3805 2543 scire
3841 2503 3928 2557 qua

2376 2565 2433 2618 in
2464 2566 2579 2619 Deo
2602 2568 2762 2629 sunt,
2797 2569 3009 2632 praeter
3041 2577 3179 2615 eum
3211 2560 3312 2629 qui
3344 2562 3421 2615 de
3447 2563 3559 2616 Deo
3581 2566 3661 2615 est
3690 2561 3930 2631 :quiaom-

2377 2650 2449 2689 ne
2476 2634 2638 2706 quod
2667 2634 2739 2687 de
2768 2634 2886 2706 Deo
2900 2633 3188 2706 est,uovit
3211 2634 3631 2706 Deum,etqum
3654 2632 3707 2686 iu
3722 2634 3927 2706 Deosiint.

2375 2700 2597 2786 Natura
2611 2707 2767 2786 enim
2785 2705 2906 2786 Dei,
2926 2700 3060 2785 ipsa
3075 2719 3135 2758 se
3154 2705 3319 2786 novit
3350 2719 3363 2766 ;
3384 2700 3566 2786 quam
3580 2700 3930 2786 cumhintelligis

2376 2792 2503 2831 esse
2518 2784 2697 2832 etiam
2713 2777 2768 2830 in
2786 2775 3003 2844 Spiritu
3030 2780 3259 2839 sancto,
3275 2790 3383 2846 per
3400 2775 3460 2829 id
3482 2775 3635 2846 quod
3653 2776 3829 2847 aPatre
3846 2786 3930 2847 pro-

2375 2848 2567 2916 cessit,
2602 2854 2659 2903 et
2685 2848 2757 2901 de
2799 2842 2939 2902 Filio
2969 2847 3220 2917 accepit,
3257 2842 3451 2901 tutum
3474 2842 3591 2901 n'ou
3619 2852 3697 2900 est
3718 2844 3857 2898 istum
3878 2842 3930 2917 di-

2375 2934 2507 2974 cere
2538 2914 2764 2974 nescire
2782 2921 3006 2973 Palrem
3037 2914 3436 2988 Deum,cujus
3449 2924 3708 2972 naturam
3732 2914 3931 2988 agnoscis

2373 2990 2431 3045 in
2465 3006 2535 3046 eo
2568 3013 2579 3045 :
2616 2996 2670 3045 et
2696 2996 2893 3045 tamen
2926 2988 3196 3045 Salvator
3226 2989 3313 3042 sic
3338 2986 3515 3053 dixit,
3546 2989 3809 3043 nemiuem
3835 2986 3931 3038 scire

2376 3064 2559 3133 Deum
2577 3066 2805 3133 patrem
2826 3060 2939 3114 nisi
2966 3060 3196 3133 Filium,
3212 3064 3275 3114 ut
3291 3060 3931 3133 reservaretaliipersong

2372 3132 2473 3204 buj
2486 3125 2969 3204 uséognitionem
2988 3148 3002 3196 ;
3020 3125 3215 3204 statim
3229 3130 3670 3204 enimisubjecit,
3687 3125 3851 3204 dicens
3864 3142 3874 3179 :
3887 3125 3933 3179 Et

2372 3200 2469 3259 cui
2484 3200 2715 3259 voluerit
2740 3204 2924 3258 Filius
2951 3202 3190 3257 revelare
3217 3201 3440 3273 (Matth.
3472 3200 3546 3267 xi,
3586 3203 3687 3270 27).
3724 3200 3823 3273 cui,
3865 3211 3931 3267 pu-

2374 3280 2486 3339 tas,
2521 3275 2646 3330 vult
2670 3274 2930 3329 revelare
2962 3274 3136 3329 Filius
3163 3275 3191 3330 ἳ
3229 3272 3397 3328 Nulli
3448 3275 3599 3328 enim
3631 3272 3827 3327 charior
3847 3281 3932 3323 esse

2372 3353 2763 3418 potestquam
2789 3346 3026 3418 Spiritui
3060 3361 3170 3418 suo
3199 3361 3213 3399 :
3246 3346 3395 3416 quia
3424 3347 3478 3398 si
3501 3346 3633 3415 quis,
3649 3345 3833 3418 inquit,
3857 3339 3934 3418 Spi-

2371 3408 2540 3472 ritum
2566 3408 2779 3473 C'hristi
2806 3408 2909 3472 non
2935 3416 3107 3479 habet,
3139 3417 3221 3471 hic
3251 3408 3355 3470 non
3380 3423 3457 3471 est
3472 3408 3585 3487 ejus
3606 3408 3765 3487 (Rcui.
3786 3408 3932 3476 vm,9).

2374 3489 2689 3554 Quomodo
2733 3504 2874 3557 ergo
2926 3492 3103 3559 putas
3122 3487 3463 3559 revelatum
3497 3486 3688 3543 Deum
3713 3486 3888 3559 Patrem
3914 3494 3936 3533 a

2374 3559 2515 3615 Filio
2543 3554 3041 3628 Spirituisaucto,
3074 3558 3185 3613 nisi
3229 3558 3540 3629 quomodo
3584 3560 3701 3630 ipse
3728 3554 3935 3630 Dominus

2374 3632 2454 3686 ait
2485 3674 2495 3685 .
2526 3626 2595 3685 de
2631 3648 2742 3686 meo
2770 3632 2995 3701 accipiet
3023 3631 3052 3684 Ϋ
3071 3626 3364 3685 Creatnrae
3432 3626 3825 3701 euimfrevelari
3854 3636 3933 3678 non

2375 3703 2743 3773 potestPater
2774 3699 2925 3758 Deus
2959 3702 3139 3773 ;quia
3162 3702 3256 3757 Dei
3283 3707 3563 3757 naturam
3592 3699 3731 3773 fferre
3763 3712 3854 3753 non
3871 3708 3935 3773 po-

2378 3772 2505 3837 test,
2534 3776 2642 3828 nisi
2672 3772 3121 3844 fueritejusd’em
3155 3773 3510 3829 substantiae
3542 3790 3555 3828 :
3588 3772 3759 3827 lucem
3783 3772 3934 3844 etaiam

2375 3845 2609 3900 habitat
2650 3837 3125 3900 inaccessibilem
3148 3849 3437 3899 creaturae
3486 3844 3758 3899 duntaxat
3782 3842 3816 3908 (l
3840 3837 3933 3893 Tim.

2376 3933 2450 3980 γι,
2487 3917 2590 3986 t6).
2625 3918 2735 3971 Sed
2768 3916 3135 3987 quibusdam
3167 3915 3401 3987 videtur
3421 3916 3554 3971 ideo
3571 3919 3715 3987 recte
3740 3911 3830 3967 dici
3851 3922 3935 3987 nes-

2378 3988 2494 4042 cire
2527 3984 2880 4058 mysterium
2905 3987 3229 4043 nativitatis
3249 3985 3375 4041 Filii
3398 3985 3739 4058 DeiSpiritus
3763 3984 3934 4051 sanctus

2377 4059 2519 4129 quia
2554 4056 2760 4114 omnia
2790 4058 3005 4114 dicitur
3057 4058 3307 4113 scrutari
3339 4058 3387 4129 (Ι
3420 4056 3760 4129 CorCnLlO),
3801 4058 3843 4129 et
3869 4062 3934 4129 qm

2377 4120 2973 4201 erutatur,inquiunt,
3006 4129 3192 4184 nescit
3225 4120 3453 4201 utique.
3501 4120 3659 4201 Quod
3688 4120 3745 4181 ei
3769 4120 3934 4201 aliolfr

2376 4216 2443 4255 co
2471 4201 2649 4256 debet
2674 4196 2913 4271 intelligi
2941 4202 3065 4256 :Dei
3087 4201 3241 4255 enim
3259 4196 3448 4256 verba
3473 4205 3607 4255 sunt
3630 4199 3764 4271 inter
3784 4196 3933 4271 cistam

2376 4272 2651 4337 dicentis,
2678 4274 2791 4343 Ego
2822 4266 2959 4327 D'eus
2989 4274 3087 4343 qui
3103 4280 3319 4343 scrutor
3347 4288 3512 4327 renes
3540 4279 3590 4327 et
3606 4268 3751 4343 corda
3778 4266 3929 4335 (Ierem-

2373 4358 2513 4407 xvn,
2551 4347 2636 4411 10)
2668 4364 2679 4407 ς
2706 4340 2761 4399 et
2782 4344 2841 4397 in
2880 4340 3132 4407 Psalmo,
3152 4342 3436 4409 Scrutans,
3470 4344 3568 4407 ait,
3599 4340 3743 4397 corda
3772 4345 3810 4391 et
3829 4346 3931 4411 reita

2373 4414 2514 4470 Deus
2543 4415 2709 4483 (Psal,
2744 4431 2842 4480 vn,
2869 4416 2959 4485 10)
2995 4420 3089 4487 ἱες
3118 4415 3458 4487 Apostolus,
3494 4413 3859 4487 Quiscrutatsr.
3879 4417 3931 4457 ID-

2370 4487 2519 4610 quit,
2553 4487 2737 4569 corda,
2768 4488 2869 4540 scit
2894 4486 3025 4557 quid
3053 4485 3320 4540 desideret
3346 4486 3591 4569 Spiritus
3632 4485 3777 4564 :_quia
3802 4490 3931 4551 secui-

2413 4575 2498 4610 um
2528 4558 2628 4610 Det
2652 4558 2975 4610 voluntatem
3002 4558 3233 4610 postulat
3257 4563 3587 4610 nrosanctis.
3610 4559 3697 4610 His
3713 4546 3929 4610 exemphs

2413 4546 2631 4613 um'Dei
2652 4546 2975 4629 voiuntatem
2997 4558 3233 4629 postulat
3253 4546 3587 4628 prosanctis.
3610 4546 3697 4611 His
3713 4546 3929 4629 exemplis

2369 4643 2506 4683 cum
2542 4630 2787 4683 scrutari
2830 4623 3044 4684 dicitur
3084 4630 3181 4684 Dei
3232 4623 3511 4699 Spiritus,
3570 4642 3685 4684 non
3728 4623 3929 4699 ignorare

2369 4699 2755 4773 signiﬁcatur.
2792 4700 2985 4773 Etiam,
3003 4700 3125 4773 alta
3154 4696 3486 4773 Deidicitur
3512 4696 3766 4773 scrutari:
3788 4698 3928 4773 atqvi?

2368 4777 2505 4826 sunt
2518 4772 2635 4843 alta
2659 4771 2783 4843 Dei,
2801 4787 2940 4843 quae
2955 4772 3171 4827 dicitur
3189 4771 3499 4843 pervidere
3515 4770 3542 4825 ?
3570 4770 3925 4843 Sci-utariemni

2365 4842 2601 4917 occulta
2626 4832 2922 4917 signiﬁcat
2968 4832 3294 4917 penetrare,
3322 4914 3330 4917 _
3357 4848 3571 4917 utkper
3611 4839 3665 4896 id
3693 4832 3814 4917 nihil
3835 4840 3925 4917 esse

2365 4914 2664 4969 occultum
2678 4906 2739 4969 si
2768 4906 3059 4979 credatur,
3090 4913 3218 4970 Alta
3239 4914 3399 4969 enim
3435 4906 3537 4969 Dei
3562 4908 3813 4983 mysteria
3832 4906 3926 4957 inte-

2364 4986 2523 5041 riora
2554 4992 2689 5040 suut
2714 4986 2831 5049 Dei,
2861 4986 3284 5057 qumiscrutari
3321 4999 3357 5040 a
3386 4990 3669 5057 creatura
3706 4992 3806 5035 non
3830 4985 3924 5057 p0?

2364 5067 2520 5111 sunt.
2549 5057 2697 5111 Nam
2726 5062 2783 5112 et
2808 5056 3137 5112 secundum
3169 5057 3266 5112 Dei
3305 5056 3659 5112 voluntatem
3689 5065 3781 5123 pro
3806 5056 3923 5126 5,3"?

2364 5128 2436 5201 tis
2466 5127 2679 5197 legitur
2710 5128 3030 5201 postulare,
3057 5128 3223 5201 quod
3254 5129 3442 5201 sancti
3490 5116 3919 5201 utique'nesciu‘oi.

2361 5186 2593 5254 dicente
2619 5186 2904 5267 Apostolo
2931 5216 2946 5252 :
2976 5186 3125 5254 Nai»
3153 5199 3286 5270 quid
3312 5215 3542 5271 oremus,
3589 5186 3719 5271 sicut
3762 5186 3919 5271 οροννῇ

2361 5271 2620 5326 nescimus
2650 5258 2822 5336 (Rom.
2852 5287 2970 5332 vm,
3006 5272 3094 5341 27,
3144 5258 3255 5341 i6).
3286 5271 3437 5341 Ergo
3471 5258 3589 5325 alta
3620 5258 3920 5341 Deiscirnefi

2360 5328 2724 5397 voluntatem
2773 5343 2869 5397 Dei
2918 5328 3039 5397 non
3080 5328 3393 5412 ignorare:
3453 5355 3636 5396 unum
3682 5328 3915 5412 εἱειζὶῧθῇξ

2361 5414 2509 5477 Quid
2543 5414 2699 5486 enim
2732 5422 2855 5486 tam
2885 5413 3072 5469 altum
3102 5402 3492 5486 mysterium,
3519 5424 3692 5484 quam
3719 5402 3918 5486 volupiff

2358 5476 2445 5539 est
2474 5485 2592 5549 Dei,
2625 5485 2787 5557 quod
2813 5487 3115 5555 cognitum
3144 5476 3233 5557 est
3258 5476 3496 5557 Spiriini
3526 5476 3915 5557 sancto,catee5

2358 5571 2499 5611 vero
2530 5546 3010 5625 incognitumvest
3038 5546 3322 5612 omnibus
3350 5557 3379 5610 Υ
3407 5550 3794 5625 Coutueudum
3835 5546 3914 5625 εἰς

2357 5627 2478 5700 nitu
2504 5633 2613 5700 est,
2643 5603 3796 5700 qouom-odn-divcinmfs‘iirquia-
3825 5603 3913 5700 9“"?

2355 5676 2913 5767 ἆϊῖηῖιὲιηῗτῖξὶῶ
2921 5676 3686 5773 ἐρὲἓῗὶἇῗιῶἦίνῆἵςὶὶὶῗὴ
3734 5704 3789 5746 eo
3806 5676 3860 5739 sit
3884 5676 3908 5746 ί]
