4140 6208
257 188 386 251 2381

258 316 378 373 Cor.
413 332 475 382 ιι,
512 316 601 393 il)
632 332 669 393 :_
692 314 1267 393 spiritumanimam
1305 318 1713 393 signiﬁcavit;
1760 322 1904 393 quia

256 404 433 469 nemo
448 386 875 469 scitquidsitiu
891 386 1509 469 ani_mohominis,nisi
1523 386 1760 469 animus
1774 386 1904 463 ejus

254 462 357 533 qui
401 458 779 533 estspirit‘us.
817 458 921 533 Sic
947 464 1001 533 e_t
1032 458 1091 513 in
1117 460 1234 514 Deo
1253 475 1444 533 nemo
1468 463 1573 517 scit
1604 479 1738 533 quae
1768 458 1905 518 sunt

257 479 357 533 qu:
401 479 493 515 εει
517 479 779 530 spiritus.
817 479 908 514 δια
947 479 1001 513 BI
1032 479 1091 513 IIl
1118 479 1234 514 U80
1264 479 1444 517 nemo
1468 479 1573 517 SCII
1651 479 1738 519 uae
1768 479 1903 518 sunt

257 533 373 595 Dei,
396 531 510 586 nisi
545 529 797 601 Spiritus
828 530 948 602 Dei,
976 529 1088 585 hoc
1118 535 1225 595 est,
1251 531 1377 602 ipse
1406 536 1576 588 Deus.
1603 479 1709 599 aui
1741 536 1903 589 enim

254 603 326 659 de
348 603 470 677 Deo
497 599 652 677 est—1,
680 616 802 677 non
826 599 987 677 aliud
1010 599 1353 677 intelligitur
1370 619 1513 677 esse
1544 622 1719 677 quam
1748 606 1903 662 Deus

254 681 362 750 est.
390 673 803 750 ldeo__Spiritus
833 672 933 750 Dei
964 674 1071 750 scit
1098 673 1245 750 quid
1275 674 1485 750 in_Deo
1517 672 1622 742 est,
1655 678 1798 750 quia
1828 678 1902 750 de

252 748 370 802 Deo
391 749 500 801 est.
525 743 673 800 Nam
703 743 749 797 si
777 743 1168 813 cogitationes
1193 744 1508 802 hominum
1533 743 1713 803 nemo
1738 748 1902 803 novit

255 817 366 874 nisi
396 817 584 879 Deus;
614 820 844 886 quanto
863 815 1061 887 magis
1083 816 1181 870 Dei
1211 822 1436 872 secreta
1457 823 1513 872 et
1533 819 1897 875 voluntatem

252 889 451 945 nullus
482 892 677 959 potest
711 886 1217 959 cognoscerenisi
1259 889 1337 943 sit
1362 889 1436 944 de
1477 890 1618 954 Deo,
1666 891 1780 946 hoc
1810 896 1901 946 est.

254 960 411 1016 idem
434 956 771 1030 ipseiDeus?
786 958 916 1028 Ipse
935 956 1163 1013 etenim
1188 959 1300 1013 sibi
1320 960 1732 1029 solicognitus.
1750 963 1898 1017 Nam

254 1028 536 1102 utique'in
558 1028 679 1084 Deo
700 1043 824 1102 non
850 1034 987 1102 sunt
1003 1030 1410 1102 cogitationes.
1438 1028 1550 1087 Nee
1563 1033 1720 1088 enim
1746 1041 1898 1089 trac-

255 1099 509 1174 tatapud
532 1115 597 1155 se
624 1100 770 1174 quid
791 1099 990 1174 faciat,
1019 1107 1122 1155 aut
1145 1101 1289 1174 quid
1312 1117 1431 1157 non
1462 1103 1657 1168 faciat,
1679 1105 1899 1159 delibe-

250 1170 488 1230 rans'an
512 1170 791 1243 expediat
820 1187 832 1225 :
862 1170 1007 1243 quia
1044 1170 1248 1227 omnia
1298 1188 1433 1244 quae
1478 1174 1536 1228 in
1593 1176 1708 1231 Deo
1762 1183 1899 1230 sunt

252 1247 375 1318 sine
397 1244 769 1318 dubitatione
800 1248 1072 1297 suntnon
1096 1258 1196 1318 per
1220 1244 1637 1318 accidentiam,
1656 1247 1761 1301 sed
1792 1263 1898 1318 per

251 1316 650 1389 substantiam
685 1329 697 1368 :
728 1328 836 1368 nec
874 1328 981 1384 per
999 1314 1296 1389 studium,
1324 1316 1427 1370 sed
1447 1332 1550 1386 per
1584 1314 1892 1389 naturam;

247 1391 389 1460 quia
411 1401 533 1442 non
560 1387 955 1440 immutatur‘.
981 1386 1061 1460 A_c
1078 1400 1197 1460 per
1246 1386 1359 1460 hoc
1389 1403 1509 1442 non
1535 1389 1703 1460 aliter
1733 1386 1898 1444 novit

248 1456 496 1533 Spiritus
517 1463 759 1533 sanctus
776 1456 1058 1533 mysteria
1076 1456 1192 1533 Dei,
1216 1457 1327 1533 nisi
1342 1474 1446 1529 per
1458 1459 1855 1533 substantiam
1878 1475 1890 1512 :

252 1528 370 1587 una
390 1531 548 1585 enim
581 1528 916 1583 substantia
936 1543 1123 1582 unum
1147 1528 1328 1583 habet
1345 1528 1586 1585 Sensum
1615 1536 1671 1585 et
1692 1531 1895 1585 volon-

248 1608 446 1681 tatein.
481 1600 695 1681 DeDeo
717 1598 1123 1681 loquitur,qui
1151 1615 1564 1681 semperﬁun‘us
1597 1607 1654 1656 et
1679 1603 1895 1657 immu-

251 1673 445 1730 tabilis
496 1678 602 1737 est,
636 1670 760 1743 sive
798 1670 861 1724 in
913 1670 1068 1743 Filio.
1123 1670 1247 1743 sive
1290 1670 1352 1726 in
1388 1672 1605 1743 Spiritu
1663 1680 1891 1729 sancto.

251 1746 420 1811 Quod
452 1745 611 1798 enim
644 1742 763 1816 vult
788 1743 973 1816 Pater,
1006 1740 1121 1816 hoe
1150 1742 1272 1816 vult
1297 1748 1352 1798 et
1381 1740 1558 1798 Filius
1588 1760 1601 1809 ;
1635 1750 1690 1799 et
1730 1746 1893 1816 quod

246 1816 370 1872 vult
396 1815 589 1881 Filius,
608 1814 819 1869 eadem
846 1811 973 1867 vult
1002 1817 1058 1866 et
1082 1812 1330 1883 Spiritus
1350 1820 1614 1870 sanctus.
1640 1811 1893 1879 Quamo-

250 1888 418 1943 brem
478 1885 805 1956 aliquando
847 1882 1097 1956 Spiritus
1126 1882 1338 1939 Christi
1378 1902 1389 1939 :
1430 1886 1539 1950 Qui
1570 1904 1601 1940 a
1642 1886 1769 1950 Deo,
1814 1888 1893 1941 in-

249 1960 398 2032 quit,
426 1956 705 2029 procedit;
738 1961 811 2032 et,
867 1956 932 2032 de
964 1970 1078 2032 mee
1125 1957 1376 2032 accipiet.
1409 1956 1553 2013 Hinc
1599 1965 1704 2032 _est_
1736 1959 1894 2032 unde

245 2025 501 2085 Ioannes
523 2028 831 2099 apostolus
853 2026 939 2099 ait
967 2042 979 2080 :
1012 2025 1104 2080 Ea:
1124 2026 1222 2083 hoc
1248 2025 1460 2083 scimus
1510 2029 1641 2099 quia
1667 2030 1808 2083 Deus
1837 2030 1895 2083 in

249 2100 397 2156 nobis
427 2098 626 2165 manet,
654 2098 717 2152 de
758 2098 983 2169 Spiritu
1028 2113 1143 2170 suo,
1175 2114 1325 2169 quem
1374 2098 1531 2154 dedit,
1556 2100 1614 2154 in
1655 2100 1802 2154 nobis
1851 2102 1893 2170 (Ι

246 2174 418 2229 Joan.
438 2187 518 2237 ιιι,
544 2173 656 2241 24).
693 2168 843 2238 Ergo
867 2170 915 2224 si
942 2168 1160 2241 Spiritu
1181 2168 1280 2225 Dei
1302 2170 1363 2225 in
1390 2172 1565 2226 nobis
1596 2168 1892 2237 manente,

249 2258 489 2300 manere
541 2240 861 2314 dicitnriu
911 2240 1084 2314 nobis
1128 2240 1305 2314 Deus,
1352 2244 1503 2298 Deus
1529 2242 1897 2314 signiﬁcatur

246 2331 373 2391 esse
400 2313 655 2391 Spiritus
677 2312 1116 2391 Dei:_D_enique,
1138 2312 1255 2391 hoc
1278 2312 1625 2391 est_signum
1654 2315 1893 2391 creden-

249 2389 415 2450 tium,
446 2383 609 2457 quod
643 2384 764 2457 sint
788 2383 891 2439 ﬁlii
923 2383 1044 2448 Dei,
1092 2390 1156 2457 ut
1183 2401 1320 2441 cum
1368 2384 1892 2457 hunciaccipiunt,

250 2459 351 2512 Dei
383 2471 443 2511 se
469 2455 624 2511 ﬁlios
650 2455 916 2525 audeant
958 2456 1281 2525 appellare.
1315 2457 1431 2511 Nisi
1462 2456 1619 2512 enim
1652 2455 1893 2525 signum

247 2527 482 2584 deitatis
507 2526 848 2599 habuerint,
872 2524 1214 2599 Deiﬁliidici
1246 2542 1366 2582 non
1380 2532 1678 2599 poterunt.
1696 2524 1891 2593 Quan-

292 2616 429 2678 uam
462 2598 682 2678 aliquis
704 2612 881 2678 verus
910 2596 1011 2678 Dei
1040 2597 1200 2678 ﬁlius
1225 2613 1347 2678 non
1380 2596 1509 2678 'est,
1544 2604 1608 2653 ut
1638 2601 1709 2654 sit
1739 2606 1894 2678 totus

243 2616 429 2725 gnam
462 2616 682 2678 alquIS
704 2616 881 2652 verus
910 2616 1011 2678 ρει
1040 2616 1200 2652 unus
1225 2616 1347 2654 non
1399 2616 1509 2664 εει,
1544 2616 1608 2653 ιη
1638 2616 1709 2654 Sil
1739 2616 1892 2655 tatus

288 2687 319 2726 e
348 2676 496 2734 toto,
531 2674 680 2740 sicut
708 2674 765 2723 et
796 2668 1075 2740 Christus.
1136 2669 1243 2724 Per
1274 2670 1658 2740 adoptionem
1694 2676 1892 2726 autem

246 2743 399 2796 ﬁunt
424 2739 700 2813 ﬁliieDei,
739 2744 802 2813 ut
833 2738 1189 2811 accipientes
1217 2738 1497 2813 Spiritum
1548 2741 1757 2796 Christi
1789 2758 1895 2813 per

244 2811 579 2885 ipsumeﬁlii
608 2809 1035 2885 Dei_dicautur,
1089 2826 1194 2882 per
1224 2809 1285 2885 id
1331 2812 1499 2885 quod
1541 2813 1616 2867 de
1646 2813 1763 2867 Deo
1792 2809 1895 2867 'est

242 2881 423 2956 quem
458 2883 518 2937 in
541 2881 859 2956 sehabent
887 2881 1193 2956 Spiritum.
1224 2882 1288 2936 In
1320 2881 1452 2956 ﬁliis
1480 2885 1894 2956 enim,quam-

242 2952 334 3035 vis
358 2952 686 3035 adoptativi
705 2952 1267 3035 sint,palristamen
1283 2968 1352 3035 ex
1380 2953 1583 3034 aliqua
1610 2952 1774 3035 parte
1795 2955 1894 3010 de-

242 3027 343 3083 bet
372 3023 558 3081 videri
591 3023 947 3079 substantia.
1002 3024 1066 3079 In
1120 3023 1350 3079 mundo
1398 3023 1556 3080 enim
1602 3023 1745 3083 auia
1800 3042 1894 3081 res

242 3042 558 3083 netvmeri
591 3042 947 3079 sunswnua.
1002 3042 1066 3079 in
1120 3042 1350 3079 mundo
1398 3042 1556 3080 enim
1649 3042 1745 3080 uia
1800 3042 1894 3081 res

241 3099 606 3170 imperfectae
637 3100 796 3170 sunt,
830 3095 1091 3170 adoptati
1132 3095 1210 3150 ab
1240 3042 1725 3170 hominibusailii
1762 3097 1895 3151 nul-

244 3167 370 3226 lum
402 3169 648 3241 pignus,
672 3167 782 3241 sed
796 3167 992 3222 solum
1022 3181 1248 3241 nomen
1273 3167 1588 3241 accipiunt.
1617 3171 1765 3241 Deus
1794 3183 1895 3241 au-

241 3246 362 3299 tem
385 3238 529 3312 quia
554 3238 847 3312 perfectus
863 3243 972 3303 est,
990 3238 1126 3312 plus
1142 3238 1297 3308 facit,
1316 3243 1379 3292 ut
1401 3238 1699 3312 adoptatis
1720 3240 1895 3312 Spirig

241 3318 369 3368 tum
384 3309 693 3376 e_uum’det,
714 3326 817 3381 per
834 3325 1015 3381 quem
1029 3309 1291 3381 aliquam
1308 3311 1613 3381 veritatem
1629 3311 1895 3381 adoptati

242 3380 732 3439 abeovideantur
760 3380 980 3436 habere
1012 3397 1027 3434 :
1059 3380 1202 3452 quia
1232 3380 1535 3439 vocabula
1566 3382 1691 3436 sine
1718 3380 1896 3435 rebus

241 3455 450 3510 inania
482 3457 639 3517 sunt,
692 3452 1008 3524 Apostolus
1059 3452 1451 3524 nosterrhanc
1485 3454 1895 3524 assertionem

242 3532 510 3582 nostram
538 3522 787 3595 adjuvat
829 3523 1035 3578 dicens
1069 3540 1082 3577 :
1113 3522 1409 3578 OaItitudo
1446 3523 1782 3595 divitiarum
1813 3541 1899 3578 sa-

237 3597 467 3667 pientiae
504 3601 556 3650 et
584 3594 823 3650 scientiae
847 3595 953 3667 Dei
969 3595 1169 3667 lquami
1191 3594 1574 3649 inscrutabilia
1603 3602 1727 3667 sunt
1746 3595 1900 3667 judi—

240 3665 325 3724 eia
357 3669 489 3738 ejus,
508 3673 557 3722 et
587 3665 979 3738 investigabites
1003 3666 1104 3720 vise
1121 3666 1234 3738 ejus
1250 3667 1430 3738 (Rom.
1460 3681 1539 3731 χι,
1574 3666 1663 3736 33)
1689 3666 1699 3719 !
1747 3666 1897 3738 Quid

243 3736 446 3796 tamen
471 3739 582 3793 sibi
606 3737 748 3803 vult,
781 3736 946 3803 quod
973 3752 1109 3791 cum
1171 3737 1312 3792 alibi
1366 3738 1526 3792 dicat
1558 3737 1902 3792 scrutabilia

243 3826 380 3866 esse
412 3811 527 3865 alta
594 3808 717 3872 Dei,
747 3807 923 3879 idest
955 3811 1198 3879 secreta,
1228 3807 1342 3862 hoc
1380 3808 1439 3862 in
1464 3808 1594 3863 loco
1625 3807 1898 3879 deneget,

242 3882 452 3938 dicens
479 3877 892 3935 inscrutabilia
926 3893 1057 3935 esse
1085 3878 1113 3932 ‘I
1143 3878 1259 3934 Sed
1299 3879 1358 3933 in
1382 3880 1495 3934 hoc
1520 3879 1651 3935 loco
1677 3880 1751 3935 de
1777 3877 1901 3934 cre-

246 3959 422 4010 atura
446 3952 611 4017 dixit,
636 3949 779 4021 quia
811 3949 1216 4005 inscrutabilia
1263 3956 1401 4004 sunt
1440 3951 1491 4005 ei
1536 3956 1764 4006 secreta
1810 3949 1905 4005 vel

249 4024 467 4093 judicia
493 4022 589 4077 Dei
625 4040 636 4077 :
672 4021 908 4093 Spiritui
930 4026 1138 4093 autem
1167 4026 1392 4087 sancto,
1417 4036 1487 4077 eo
1517 4022 1677 4093 quod
1702 4021 1904 4077 omnia

298 4097 349 4152 ei
382 4096 631 4161 noverit,
677 4092 1021 4166 scrutabilia
1048 4092 1195 4148 dixit
1246 4107 1373 4166 esse
1403 4092 1618 4166 cuncta
1657 4094 1904 4166 quaeiin

248 4168 376 4223 Deo
398 4172 572 4235 sunt;
608 4164 861 4237 utquod
905 4168 1191 4237 creaturae
1244 4164 1613 4233 incognitum
1670 4164 1773 4228 est,
1803 4164 1904 4219 Dei

243 4238 531 4310 Spiritum
565 4236 791 4292 asserat
810 4251 930 4291 non
954 4236 1250 4310 ignorare.
1284 4237 1535 4310 Deiergo
1558 4241 1771 4310 natura
1810 4252 1907 4290 ne-

251 4307 380 4380 gari
412 4324 536 4363 non
561 4313 777 4380 potest,
800 4323 931 4378 quae
961 4307 1266 4380 cognitum
1309 4308 1486 4380 habet
1531 4307 1693 4379 quod
1722 4324 1756 4362 a
1782 4321 1907 4380 cre-

248 4378 428 4437 atura
449 4378 575 4435 non
600 4384 796 4451 potest
824 4379 1274 4451 comprehendi.
1304 4380 1410 4451 Qui
1438 4378 1791 4449 degenerem
1825 4378 1905 4432 di-

246 4460 393 4509 cunt
420 4450 702 4522 Spiritum
757 4457 1033 4506 sanctum
1065 4450 1197 4522 Dei,
1236 4450 1477 4522 pulsant
1506 4451 1904 4522 propositum,

247 4524 360 4595 qui
391 4520 569 4595 totius
600 4525 886 4595 creaturae
913 4521 1163 4595 salutem
1186 4520 1251 4595 in
1274 4520 1569 4595 Trinitatis
1602 4520 1908 4595 divinitate

249 4590 573 4651 consistere
595 4593 912 4648 declaravit
944 4607 957 4647 :
989 4593 1133 4664 quia
1155 4591 1205 4646 si
1240 4590 1769 4647 consubstantivus
1790 4607 1909 4664 non

246 4672 340 4722 est
374 4665 491 4720 Deo
541 4669 597 4719 et
640 4664 903 4734 Christo,
939 4663 1206 4733 ineptum
1238 4670 1325 4717 est
1355 4678 1577 4734 ponere
1634 4665 1818 4718 istum
1852 4663 1909 4716 in

250 4751 509 4794 numero
540 4736 722 4791 Patris
750 4740 807 4790 et
830 4733 974 4805 Filii,
1007 4739 1072 4789 ut
1100 4735 1223 4789 sine
1240 4733 1575 4805 hocneque
1615 4734 1773 4789 salus
1807 4734 1910 4789 ali-

253 4809 351 4865 cui
380 4808 475 4874 sit,
522 4822 716 4879 neque
743 4804 1025 4879 dignitas.
1050 4804 1107 4860 Si
1151 4806 1333 4879 enim,
1368 4804 1494 4879 non
1524 4810 1613 4860 est
1644 4804 1912 4879 ejusdem

253 4876 745 4942 divinitatisfaut
794 4876 987 4944 stulte,
1054 4880 1157 4931 aut
1189 4876 1370 4945 gratis
1422 4876 1697 4931 eﬂectum
1747 4876 1916 4945 est3;

250 4950 415 5023 quod
447 4949 625 5005 absit.
656 4949 805 5028 Quis
826 4947 982 5003 enim
1012 4947 1397 5028 prudentium
1454 4948 1712 5015 deneget
1743 4949 1912 5003 Crea-

250 5030 453 5077 torem
483 5036 620 5076 cum
651 5025 923 5075 creatura
954 5025 1376 5074 connumerari
1425 5034 1545 5074 non
1588 5034 1785 5088 posse,
1818 5032 1917 5072 ne-

250 5108 376 5166 que
408 5097 695 5166 internum
717 5107 853 5146 cum
886 5106 957 5146 eo
985 5090 1088 5162 qui
1115 5089 1228 5145 sub
1258 5089 1436 5166 initio-
1457 5090 1529 5146 sit
1558 5088 1914 5162 comparari,

255 5160 458 5236 neque
480 5163 799 5236 Dominum
827 5178 965 5217 cum
997 5160 1167 5236 servo
1204 5160 1461 5236 aequari,
1491 5177 1684 5232 neque
1703 5160 1914 5232 poten-

250 5232 379 5292 teni
411 5252 546 5290 cum
582 5234 908 5305 impotente
940 5232 1238 5305 conferri,
1288 5232 1490 5305 neque
1536 5236 1723 5305 scium
1781 5247 1917 5305 cum

257 5308 461 5363 inscio
488 5303 762 5377 deputari
791 5304 818 5359 ‘P
845 5303 959 5360 Sed
981 5304 1107 5376 jam
1128 5310 1315 5359 cesset
1339 5303 1667 5377 calumnia.
1691 5304 1917 5377 Tertius

250 5380 419 5435 enim
441 5374 650 5433 ordine
672 5382 779 5441 est,
804 5391 923 5431 non
938 5374 1183 5441 natura;
1204 5375 1418 5446 gradu,
1436 5390 1555 5430 non
1578 5374 1916 5437 divinitate;

254 5464 544 5523 persona,
572 5464 693 5523 n_on
724 5448 1082 5523 ignorantia.
1106 5449 1279 5523 Sicut
1304 5448 1463 5523 enim
1497 5446 1674 5502 Filius
1710 5446 1806 5523 Dei
1835 5460 1920 5523 se-

256 5518 502 5577 eundus
522 5537 558 5576 a
590 5519 759 5576 Patre
785 5523 896 5586 est,
915 5522 973 5574 et
997 5519 1306 5573 divinitate
1324 5519 1515 5573 minor
1537 5533 1655 5572 non
1683 5520 1771 5571 est
1794 5535 1811 5588 ;
1841 5518 1922 5571 ita

325 5622 340 5652 ¹
376 5617 534 5672 Editi,
569 5617 626 5665 in
652 5616 773 5670 Deo.
805 5618 870 5665 At
893 5615 989 5665 Ms.
1012 5615 1259 5672 Colbert.,
1290 5613 1350 5662 de
1385 5614 1501 5663 Deo.

325 5684 345 5715 ³
503 5655 773 5737 éolbert,
790 5680 1153 5729 immutantur.

325 5745 345 5776 ³
373 5744 471 5794 Ms.
500 5743 748 5801 Colbert.,
780 5747 871 5794 aut
902 5743 1125 5806 gratiose
1146 5741 1338 5806 factum
1364 5744 1454 5792 est.

1761 192 2151 257 APPENDIX.

3521 206 3660 263 2382

2012 327 2067 375 et
2097 320 2347 403 Spiritus
2376 325 2621 403 Sanetus
2644 338 2904 403 sequens
2927 340 2963 381 a
2996 325 3134 403 Pilig
3163 332 3271 403 est,
3302 345 3423 385 non
3442 332 3656 403 impar,

2011 392 2115 479 sed
2129 407 2220 479 aeq
2231 392 2380 479 uitiis
2397 392 2698 479 divinitate
2714 392 3658 479 ἐιιὺειεηῑὶωτῐξθῐιὶᾳμβψιεεῶςῇ

2009 478 2145 541 inus
2160 464 2232 519 de
2248 463 2392 541 Eiiio
2408 465 2528 541 Dei,
2550 466 2761 521 eadem
2774 466 3027 541 legimus
3041 470 3179 524 etde
3195 463 3411 541 Spiritu
3427 463 3593 532 sanct

2010 534 2140 612 ipso
2188 536 2674 612 nobistestante.
2732 534 3054 612 Ait-enim:
3102 534 3309 612 Rogabo
3330 543 3573 610 Patrem,
3607 564 3632 601 e

2008 605 2179 684 alam}
2194 606 2534 684 Paracletum
2550 608 2697 684 dabit
2719 608 2881 684 uobis,
2896 609 3165 684 Spiritum
3180 605 3443 669 'veritatis
3470 605 3650 684 (Joan.

2006 690 2127 754 xlv,
2147 677 2467 754 i6).Alium
2481 694 2614 754 cum
2633 680 2799 743 dixit,
2818 696 2878 754 se
2893 677 3261 738 Peracletum
3278 677 3652 754 significavit.

2009 748 2178 827 Quod
2208 748 2764 827 Joannesdeclarat,
2785 750 2990 827 dicens
3004 755 3147 827 quia
3162 748 3651 827 Filius'Deipostu-

2007 818 2084 898 ξας
2107 835 2208 889 pro
2235 821 2462 898 peccatis
2487 822 2693 898 nqstris
2708 824 2754 898 (li
2775 823 2933 898 Joan.
2956 818 3129 898 9:2).
3152 827 3214 879 Et
3242 818 3649 898 Paulus‘apos-

2007 889 2159 968 t_olus
2184 906 2205 968 Ξ
2226 889 2365 968 Ipse,
2393 891 2625 968 inquit,_
2658 889 2899 968 Spiritus
2946 894 3051 949 Dei
3077 889 3311 967 postulat
3351 914 3450 968 pro
3480 889 3647 956 ﬂebis.

2008 963 2150 1015 Ecce
2177 963 2721 1033 Scriptura’ambos
2756 963 3090 1021 advocatos
3124 983 3251 1022 esse
3282 963 3555 1026 ostendit.
3589 974 3651 1027 Et

2004 1047 2142 1107 cuni
2177 1034 2437 1088 veritatis
2462 1034 2627 1107 illum
2668 1037 2815 1092 dixit
2841 1036 3145 1107 Spiritum,
3170 1038 3314 1094 nihil
3344 1039 3555 1096 illuma
3586 1060 3649 1097 se

2003 1101 2239 1179 diﬂ‘erre
2266 1105 2544 1179 ostendit,
2573 1108 2716 1179 quia
2744 1101 2928 1163 dixit':
2958 1109 3082 1179 Ego
3110 1101 3221 1164 sum
3246 1118 3444 1165 veritas
3464 1114 3645 1179 (Joan.

2003 1190 2119 1253 xiv,
2142 1175 2231 1253 β).
2267 1176 2510 1231 Missum
2535 1175 2663 1233 se'a
2694 1178 2862 1253 Patre
2894 1175 3057 1253 dixit,
3091 1182 3292 1253 etipse
3327 1175 3553 1238 mittere
3588 1201 3649 1240 se

2004 1246 2286 1326 Spiritum
2308 1254 2578 1303 sanctum
2598 1252 2890 1326 promisit.
2910 1252 2966 1326 Si
2980 1251 3106 1321 ipse
3124 1268 3159 1306 a
3175 1246 3436 1326 mittente
3454 1254 3650 1326 impar

2003 1324 2257 1405 nonest,
2283 1334 2504 1405 neque
2544 1335 2579 1373 a
2629 1320 2896 1401 mittente
2942 1320 3140 1405 impar
3165 1324 3242 1405 ab
3272 1324 3368 1404 illo
3401 1320 3648 1405 Spiritus

2002 1394 2241 1465 sanctus
2272 1393 2594 1465 est.N_eque
2612 1392 2772 1446 enim
2786 1392 3058 1465 quiatres
3090 1401 3228 1448 sunt
3250 1392 3480 1465 singuli,
3507 1398 3649 1452 alter

2003 1458 2249 1535 alterius
2269 1458 2543 1515 membra
2564 1467 2723 1535 sunt,
2772 1458 3089 1535 u'tidiversa
3118 1458 3373 1535 possint:
3412 1458 3537 1522 Una
3564 1472 3649 1523 est

2001 1531 2161 1605 enim
2184 1532 2365 1605 trium
2383 1533 2748 1605 po_tentia,_ut
2772 1533 2914 1589 nihil
2936 1536 3091 1589 desit
3107 1531 3374 1605 singulis.
3396 1538 3647 1592 Hicﬁnis

2000 1601 2091 1680 sit.
2118 1602 2247 1680 Jain
2275 1601 2433 1657 enim
2459 1602 2740 1680 iniibcllo
2761 1604 3050 1680 adversus
3072 1601 3352 1663 Ariaham
3377 1607 3650 1680 impieta-

2002 1677 2119 1751 tem
2140 1673 2401 1751 digesto,
2444 1674 2674 1751 reiiqua
2726 1676 2965 1751 plenius
3013 1682 3261 1732 tractata
3315 1673 3484 1744 sunt,
3511 1696 3649 1751 quae

1999 1744 2293 1799 Trinitatis
2326 1744 2638 1815 complexa
2668 1744 2806 1801 sunt
2836 1746 3217 1804 indiscretam
3260 1744 3568 1805 unitatem.

2261 1831 2329 1870 DE
2364 1832 2432 1871 EO
2474 1832 2565 1879 QUI
2604 1832 2766 1872 FIDEM
2804 1832 3020 1873 CHRISTI
3058 1836 3315 1875 PERCEPIT
3344 1830 3385 1876 ¹.

2073 1886 2295 1961 CXXVIf
2329 1919 2396 1927 -—
2420 1887 2732 1961 Scriptum
2766 1892 2879 1951 est,
2913 1889 3215 1961 Quiajusto
3235 1891 3378 1945 nihil
3398 1892 3647 1961 proderit

1990 1956 2223 2032 justitia
2243 1959 2375 2032 ejus,
2402 1958 2467 2032 in
2496 1956 2599 2032 qua
2629 1959 2717 2013 die
2753 1963 3024 2015 erraverit
3050 1956 3084 2014 ς’
3097 1969 3145 2016 et
3176 1964 3307 2031 quia
3336 1956 3541 2032 injuste
3565 1965 3649 2017 ni-

2001 2028 2082 2081 hil
2106 2027 2272 2083 oberit
2325 2027 2610 2103 iujustjtia
2653 2047 2772 2096 sua,
2807 2047 2923 2085 cum
2975 2048 3028 2086 se
3061 2027 3408 2088 converterit
3438 2034 3643 2103 (Ezech.

2001 2047 2080 2081 Im
2106 2047 2272 2083 οσον-ιι
2325 2047 2385 2083 m
2414 2047 2610 2085 usmza
2653 2047 2772 2096 sua,
2807 2047 2923 2085 cum
2975 2048 3028 2086 se
3061 2047 3386 2088 converterit
3438 2047 3643 2103 (bzech.

2000 2104 2284 2173 xvui,_26,
2315 2047 2427 2172 εὖ.
2484 2100 2549 2156 Et
2608 2104 2892 2157 Dominus
2923 2103 2981 2157 in
3016 2105 3354 2173 Evangelio,
3406 2105 3515 2170 Qui
3542 2123 3646 2160 non

2000 2170 2315 2247 crediderit,
2345 2170 2981 2247 inquit,jamjudicatus
3007 2170 3278 2247 est_(JoEm.
3306 2178 3503 2247 111,718)
3534 2195 3546 2225 :
3585 2180 3648 2231 ut

2002 2256 2108 2319 per
2129 2242 2241 2297 hoc
2263 2259 2399 2319 eum
2428 2242 2534 2315 qui
2560 2242 2891 2319 crediderit,
2926 2261 3045 2319 non
3066 2242 3294 2319 judicio
3316 2242 3646 2319 subjectum

2004 2312 2080 2367 ad
2109 2312 2490 2388 sententiam,
2512 2316 2928 2388 excipiendam
2962 2312 3343 2388 signiﬁcaret,
3376 2312 3479 2372 sed
3512 2318 3646 2373 ﬁdei

2004 2383 2213 2459 merito
2233 2385 2410 2459 laude
2437 2383 3201 2459 dignumftiturum.'Ergo
3243 2390 3502 2459 cognitio
3545 2390 3646 2444 Dei

2001 2454 2156 2510 hanc
2188 2456 2381 2531 habet
2399 2454 2872 2531 praerogativam,
2923 2466 2987 2531 ut
3032 2454 3415 2531 peccatorum
3444 2477 3649 2516 conse-

2000 2532 2220 2597 quatur
2238 2528 2568 2583 remissam.
2596 2529 2850 2584 Credens
2869 2528 3152 2586 enim'Dei
3178 2547 3308 2586 esse
3323 2531 3528 2587 Filium
3560 2534 3647 2587 Je-

2001 2613 2157 2684 s‘um,
2191 2597 2409 2679 dignus
2432 2600 2623 2684 existit
2652 2600 2730 2681 ab
2760 2601 3042 2656 omnibus
3089 2602 3325 2684 liberari
3369 2604 3645 2684 peccatis.

2005 2669 2300 2744 Diu_enim
2335 2686 2532 2744 errore
2562 2672 2791 2736 devius,
2813 2688 2959 2744 cum
2983 2688 3088 2744 per
3117 2669 3647 2741 diversaignoran-

2003 2740 2094 2794 tiae
2111 2738 2391 2795 ﬂuctibus
2407 2742 2750 2810 jactaretur,
2780 2738 3147 2798 illuminatus
3177 2738 3431 2800 veritatis
3448 2760 3649 2800 corus-

2001 2812 2298 2886 cationem
2322 2818 2529 2867 nactus
2546 2818 2654 2875 est,
2670 2814 2729 2867 in
2742 2830 2864 2886 qua
2880 2816 3247 2885 postnimias
3271 2822 3649 2885 tempestates

2001 2881 2335 2954 requiescat
2358 2899 2602 2958 securus
2623 2901 2651 2958 _:_
2671 2881 2780 2939 cui'
2798 2881 3091 2958 congruit,
3122 2891 3184 2941 ut
3199 2893 3338 2958 post
3368 2881 3652 2956 cognitio-

2002 2969 2139 3028 nem
2154 2958 2438 3028 temperet
2452 2970 2513 3008 se
2527 2954 2686 3028 abiis
2699 2954 2973 3026 quaajam
2992 2954 3220 3027 pridem
3241 2957 3299 3013 in
3316 2954 3654 3028 ignorantia

2002 3026 2231 3098 positus
2260 3025 2669 3098 agebat.Quid
2702 3029 2859 3098 enim
2883 3025 3127 3096 prodest
3153 3025 3497 3098 cognitio,si
3530 3045 3654 3085 ma—

2002 3095 2100 3151 net
2127 3095 2778 3171 pristina_convers_ati_o
2803 3096 2831 3151 ‘?
2866 3095 3006 3152 Hinc
3032 3095 3403 3171 eteniniquis
3420 3095 3653 3155 videtur

2003 3168 2355 3236 cognovisse
2377 3167 2582 3236 Deum,
2615 3168 2662 3222 si
2696 3168 2874 3222 vitam
2922 3175 3129 3232 mutet,
3167 3177 3221 3223 et
3251 3167 3652 3226 conversatio-

2004 3253 2141 3310 nem
2176 3253 2348 3293 suam
2382 3238 2658 3307 corrigat.
2701 3239 2983 3310 Cognitus
3042 3240 3201 3295 enim
3253 3241 3409 3295 Deus
3461 3242 3651 3296 timeri

2004 3309 2198 3381 debet,
2230 3310 2373 3381 quia
2422 3309 2804 3378 iudicaturus
2848 3310 3224 3381 praedicatur,
3258 3318 3321 3366 ut
3364 3318 3417 3365 et
3447 3312 3653 3367 ﬁdeles

2002 3380 2743 3453 justitiie’sutepercipiant
2773 3380 3051 3447 tructum,
3086 3390 3141 3437 et
3169 3382 3355 3453 impii,
3380 3382 3436 3437 id
3452 3389 3540 3438 est
3571 3384 3655 3437 in-

2006 3451 2259 3525 creduli,
2279 3451 2543 3525 perfidiae
2577 3451 2701 3508 suae
2726 3468 3029 3525 congruas
3076 3451 3288 3525 poenas
3319 3453 3652 3509 exsolvant.

2008 3523 2288 3596 Convenit
2315 3524 2471 3578 enim
2501 3524 2693 3593 justos
2720 3524 2776 3578 in
2794 3524 2990 3579 futuro
3017 3523 3420 3596 gaudere,ubi
3450 3541 3654 3595 regna-

2009 3592 2377 3648 bitChristus
2402 3592 2538 3649 cum
2601 3596 2765 3650 suis:
2825 3600 2885 3649 ut
2938 3592 3085 3651 sicut
3143 3596 3199 3650 in
3258 3596 3479 3652 saeculo
3516 3592 3656 3651 sunt

2008 3665 2669 3749 oppro'brio,'etinjuriis
2685 3666 3022 3749 subiacent,
3043 3668 3098 3749 in
3122 3683 3245 3748 quo
3266 3668 3545 3749 princeps
3569 3672 3657 3749 est

2008 3735 2317 3790 diabolus:
2352 3738 2431 3791 ita
2456 3744 2511 3791 et
2532 3738 2588 3791 in
2618 3735 3023 3811 regnoChristi
3040 3735 3283 3811 gloriosi
3302 3735 3654 3811 appareant,

2010 3812 2460 3879 propterquam
2494 3808 2971 3879 contemptibiles
2999 3808 3400 3877 judicatisunt
3428 3826 3463 3864 a
3486 3826 3655 3865 mun-

2010 3879 2185 3933 danis
2220 3878 2897 3951 :injustosautem’quia
2932 3879 3082 3935 falso
3112 3880 3321 3936 ﬂorere
3348 3881 3649 3947 videntur,

2012 3964 2117 4076 per
2149 3948 2524 4004 mendacium
2558 3948 2962 4021 repugnantes
2995 3952 3244 4016 veritati,
3268 3953 3324 4007 in
3352 3968 3535 4024 pmna
3566 3951 3659 4007 tri-

2059 4020 2250 4076 ulari:
2297 4024 2359 4073 ut
2384 4022 2484 4076 qui
2536 4036 2641 4076 Der
2675 4022 2875 4076 fucum
2928 4022 3166 4076 gloriosi
3208 4022 3315 4076 visi
3371 4030 3525 4076 sunt.
3554 4039 3659 4076 ner

2059 4020 2205 4075 ulari
2237 4037 2271 4095 ;_
2297 4024 2359 4073 ut
2384 4022 2493 4095 qui
2536 4020 2641 4095 per
2675 4022 2875 4095 fucum
2928 4022 3166 4091 gloriosi
3208 4022 3315 4078 visi
3356 4020 3525 4085 sunt.
3554 4039 3661 4095 per

2013 4108 2220 4166 verum
2239 4091 2496 4166 despecti
2528 4093 2900 4166 etehumiliati
2934 4095 3109 4166 nimis
3125 4101 3476 4166 appareant.
3496 4091 3657 4166 Tunc

2014 4164 2173 4219 enim
2200 4163 2347 4233 justi
2380 4179 2440 4216 se
2467 4164 2786 4219 credidisse
2826 4163 3194 4233 gaudebunt,
3210 4163 3365 4219 'cum
3400 4164 3657 4234 perﬁdos

2014 4234 2526 4289 viderintcruciari
2555 4251 2567 4290 :
2597 4241 2651 4289 et
2678 4252 2787 4290 nec
2809 4236 3526 4306 paenitebitperﬁdosnon
3542 4250 3661 4288 cre—

2016 4305 2236 4361 didisse
2253 4306 2367 4359 nisi
2384 4306 2892 4373 viderintgloriam
2914 4321 3121 4360 eorum
3144 4305 3198 4359 et
3213 4322 3377 4359 suam
3393 4320 3658 4376 poenam,

2016 4393 2168 4447 quos
2198 4378 2342 4448 quia
2373 4376 2750 4431 crediderunt
2804 4376 3064 4448 stultos,_
3091 4381 3142 4429 et
3185 4376 3663 4448 contemptibiles

2019 4446 2284 4503 arbitrati
2317 4454 2474 4502 sunt.
2520 4450 2768 4518 Ergoeex
2799 4463 2869 4500 eo
2906 4446 3069 4518 quod
3097 4447 3401 4516 proﬁtetur
3430 4446 3496 4500 se
3526 4447 3664 4518 quis

2019 4518 2410 4574 christianum
2442 4533 2596 4581 esse,
2630 4517 2688 4571 id
2718 4517 2950 4571 studere
2971 4518 3231 4572 debetne
3253 4523 3474 4585 peccet,
3494 4517 3665 4572 etiar-

2022 4606 2186 4645 mare
2210 4604 2272 4643 se
2299 4594 2502 4643 contra
2534 4588 2676 4643 vitia
2704 4605 2719 4642 :
2743 4594 2798 4642 et
2820 4590 2961 4659 quia
2994 4588 3363 4658 impossibile
3389 4596 3474 4643 est
3508 4605 3667 4643 sem-

2021 4676 2127 4733 per
2152 4660 2409 4733 vincere,
2434 4659 2480 4713 si
2514 4658 2923 4733 victusfuerit,
2958 4659 3161 4715 dolore
3192 4676 3264 4715 ne
3304 4661 3515 4716 iterum
3542 4660 3665 4733 vin-

2024 4730 2193 4788 eatur
2226 4746 2238 4796 ;
2271 4730 2415 4801 quia
2444 4730 2545 4802 qui
2586 4730 2839 4802 sedolet
2876 4732 3113 4797 victum,
3156 4736 3393 4802 reparat
3419 4747 3500 4787 se.
3553 4730 3665 4796 Qui

2025 4818 2165 4871 ergo
2204 4801 2518 4871 repugnat,
2570 4801 2745 4856 habet
2786 4802 2943 4856 unde
2997 4816 3059 4855 se
3103 4801 3362 4869 excuset,
3410 4804 3455 4857 si
3483 4803 3669 4858 victus

2026 4872 2213 4929 fuerit.
2247 4873 2521 4929 Ostendit
2541 4872 2697 4927 enim
2733 4888 2793 4926 se
2825 4879 3028 4928 votum
3062 4872 3342 4929 habuisse
3372 4874 3667 4936 vincendi,

2027 4944 2131 5000 sed
2166 4945 2411 5000 minime
2442 4944 2851 5017 praevaluisse.
2887 4944 2965 4998 De
2987 4944 3099 5017 hoc
3116 4960 3253 5017 spes
3276 4952 3361 4999 est
3386 4947 3529 5017 quia
3558 4960 3671 5015 po-

2027 5021 2134 5072 test
2166 5033 2226 5070 se
2254 5014 2553 5087 reparare,
2586 5020 2650 5087 ut
2670 5014 3670 5087 assiduameditationeinéongres-

2029 5088 2190 5142 sione
2220 5086 2463 5158 peritior
2494 5094 2548 5142 et
2576 5086 3142 5158 fortiorinveniatur,
3174 5090 3317 5142 Nam
3333 5087 3434 5158 qui
3463 5089 3534 5140 ad
3560 5086 3673 5140 hoc

2031 5157 2239 5226 surgit,
2272 5163 2332 5212 ut
2362 5162 2585 5229 peccet,
2618 5158 3041 5213 inexcusabilis
3063 5157 3307 5229 effectus
3322 5157 3673 5229 pergravem

2032 5229 2209 5285 habet
2237 5228 2508 5283 cauSam.
2540 5229 2711 5298 Pejus
2737 5235 2826 5283 est
2855 5229 3010 5299 enim
3046 5228 3159 5281 sub
3192 5228 3519 5299 Deivivere
3536 5243 3674 5299 proe

2031 5301 2309 5361 fessione,
2343 5304 2397 5355 et
2424 5300 2781 5355 voluntatem
2812 5298 3031 5354 habere
3059 5298 3363 5369 peccandi,
3397 5298 3579 5369 quam
3626 5298 3676 5352 si

2032 5373 2261 5441 ignoret
2284 5371 2420 5443 quis
2449 5374 2628 5425 Deum
2646 5376 2706 5443 et
2736 5371 3042 5443 turpiteret
3070 5370 3471 5443 contaminate
3490 5385 3680 5443 verse-

2032 5440 2142 5499 tur.
2178 5444 2278 5497 Hic
2306 5440 2475 5497 enim
2500 5440 2880 5513 nescitqueni
2909 5440 3471 5513 timeredebeat,ille
3489 5441 3681 5496 sciens

2032 5514 2376 5571 contemnit.
2410 5511 2736 5568 Credeutes'
2756 5527 2897 5582 ergo
2936 5511 3239 5581 accipiunt
3270 5512 3680 5567 remissionem

2035 5592 2416 5658 peccatorum
2439 5599 2593 5651 ;non
2616 5588 2803 5639 tamen
2836 5582 3286 5652 gloriosierunt,
3311 5584 3684 5656 nisipostac-

2098 5675 2111 5702 ί
2148 5672 2374 5732 Quidam
2406 5673 2534 5722 editi
2570 5671 2779 5721 addunt
2805 5686 2815 5719 :
2845 5672 2967 5735 quid
2988 5672 3377 5733 prweminentia

2040 5737 2158 5785 tivw
2187 5736 2369 5786 habeat
2401 5735 2470 5785 ad
2479 5735 2703 5798 gratiam
2719 5734 3117 5799 consequendum
3140 5735 3261 5801 plus
