4158 6204
214 173 360 230 2385

223 296 827 368 multiplicandorum
887 311 1171 369 generum
1228 314 1408 369 super
1447 303 1683 355 terram.
1716 300 1884 357 Unde

222 367 538 440 Scriptura
574 373 843 440 testatur,
890 367 962 421 Et
1014 367 1433 425 benedixit—illa
1464 373 1621 435 Deus,
1658 372 1836 426 dicens
1866 390 1882 427 :

227 439 570 511 Crescite.et
600 439 1053 511 multiplicamini
1084 456 1247 511 super
1300 447 1505 496 terram
1540 444 1691 508 (Gen.
1725 456 1763 509 ι,
1794 448 1883 510 22,

221 512 338 577 28).
361 510 545 566 Simili
569 510 938 565 modoetiam
953 510 1266 566 hominum
1292 528 1481 582 genus
1503 514 1883 570 benedictum

221 588 319 638 est
351 598 362 636 :
398 597 581 654 quem
613 596 854 636 sensum
882 589 1241 637 contuemur
1274 585 1331 639 in
1366 586 1541 654 Lege.
1571 586 1883 641 Cernimus

224 654 390 728 enim
414 653 701 728 sc_riptum
729 668 883 728 esse,
919 654 1106 728 Crevit
1132 656 1379 728 populus,
1412 653 1460 710 et
1482 657 1884 728 multiplicatus

224 671 390 709 enim
414 671 701 723 scriptum
729 671 883 717 esse,
919 671 1106 709 crevit

222 731 299 781 est
329 724 387 778 in
407 724 651 796 {Egypto
677 724 824 795 (Act.
850 741 947 790 vu,
982 726 1087 796 t7).
1121 671 1167 793 ὅ

221 795 731 867 benedictasunt.
768 812 902 867 quas
930 796 1006 851 ad
1041 797 1352 853 utilitatem
1382 806 1581 855 creata
1612 806 1751 854 sunt
1780 800 1883 855 ho-

221 868 426 939 minis,
455 882 526 922 ea
556 864 964 922 benedictione
987 872 1041 922 et
1064 868 1251 939 homo
1292 877 1377 925 est
1408 870 1784 939 benedictus,
1820 876 1883 927 ut

218 938 487 1012 similiter
528 954 601 993 ex
634 954 799 993 mare
826 944 881 993 et
922 938 1158 1012 femina
1190 956 1464 1012 propago
1500 943 1734 1012 generis
1766 938 1882 998 hu-

224 1010 387 1085 mani
414 1014 707 1085 cresceret
735 1015 791 1064 et
812 1009 1527 1085 multiplicaretursuper'
1541 1019 1755 1085 terram
1780 1031 1792 1068 :
1826 1022 1881 1069 et

223 1089 287 1137 ut
313 1080 462 1136 sicut
492 1095 596 1152 per
618 1081 910 1136 culturam
937 1080 1307 1138 m’elioranda
1328 1080 1495 1139 erant
1517 1084 1769 1150 semina,
1801 1085 1880 1142 ita

219 1158 278 1208 et
300 1152 617 1225 hominum
641 1167 831 1225 genus
879 1152 1152 1208 adhibita
1201 1170 1344 1210 cura
1385 1155 1443 1210 id
1498 1156 1782 1225 studeret,
1816 1162 1879 1212 ut

220 1223 513 1279 Creatoris
539 1224 874 1295 cognitione
898 1228 1197 1295 percepta,
1222 1226 1402 1281 vitam
1428 1242 1601 1281 suam
1622 1223 1879 1284 frenaret

219 1296 299 1369 ad
321 1294 791 1369 promerendum
813 1309 989 1369 eum,
1009 1294 1274 1351 ut’simul
1292 1298 1498 1352 omnia
1518 1298 1877 1369 proﬁcerent

220 1311 299 1351 an
321 1311 791 1421 promerendum
813 1311 975 1363 eum,
1009 1311 1072 1351 ut
1095 1311 1274 1351 Simul
1292 1312 1498 1352 omnia
1518 1311 1872 1369 proncerent

220 1368 297 1440 ad
348 1367 567 1440 andem
594 1365 930 1440 eigloriam
964 1367 1273 1440 Creatoris.
1315 1371 1382 1440 Et
1430 1370 1717 1440 quoniam
1753 1385 1872 1424 non

215 1437 378 1493 aliud
426 1438 555 1510 haec
615 1436 773 1492 dicta
811 1437 1190 1510 _signiﬁcant,
1224 1455 1318 1494 res
1374 1436 1518 1510 ipsa;
1560 1446 1868 1496 testantur.

217 1509 437 1584 Omnia
462 1508 621 1562 enim
645 1523 779 1579 quia
804 1508 957 1564 facta
989 1510 1268 1584 sunt,Dei
1300 1508 1446 1584 nutu
1482 1512 1871 1584 multiplicata

215 1584 274 1635 et
303 1579 610 1653 meliorata
662 1584 1109 1653 superterram.
1146 1583 1258 1636 Nec
1289 1582 1445 1653 enim
1477 1579 1873 1653 aliter'posset

217 1650 511 1718 accidere,
540 1648 855 1720 quam’Dei
877 1649 1154 1706 voluntas
1176 1652 1575 1709 etbenedictio
1606 1648 1870 1709 decrevit

216 1720 569 1794 seminibus.
605 1721 918 1794 Quomodo
953 1737 1095 1794 ergo
1128 1723 1239 1777 dici
1288 1729 1477 1794 potest
1534 1725 1688 1779 male
1720 1726 1866 1789 ﬁeri,

218 1797 325 1867 aut
354 1807 471 1846 non
500 1791 673 1845 licere
722 1792 887 1863 quod
918 1808 1019 1867 _ex_
1054 1793 1149 1867 Dei
1190 1791 1604 1851 benedictione
1649 1801 1706 1851 et
1735 1796 1869 1867 ipso

216 1862 455 1918 favente
486 1862 878 1930 augmentum
912 1863 1102 1921 facit?
1133 1868 1313 1933 Cujus
1349 1868 1425 1920 rei
1460 1868 1694 1922 traditio
1726 1862 1781 1923 et
1809 1870 1867 1923 in

218 1935 541 2005 Synagoga
568 1935 811 2005 mansit,
840 1939 893 1989 et
921 1950 1081 1989 nunc
1111 1936 1169 1991 in
1222 1937 1477 1993 Ecclesia
1515 1938 1865 2003 celebratur,

217 2004 397 2081 ut_Dei
432 2012 704 2059 creatura
729 2004 840 2059 sub
867 2005 964 2081 Dei
992 2006 1405 2081 benedictione
1427 2010 1865 2081 jungatur.Non

218 2076 427 2151 utique
457 2091 562 2151 per
586 2077 1139 2151 praesumptionem,
1168 2080 1310 2151 quia
1357 2076 1441 2135 ab
1462 2076 1596 2151 ips'o
1624 2086 1867 2137 auctore

218 2147 361 2203 data
383 2146 471 2201 est
492 2146 714 2233 (clima...
737 2146 926 2202 Sed’si
952 2146 1417 2233 cessare—debere
1436 2146 1691 2233 putatur,
1726 2158 1867 2209 tunc

210 2233 448 2295 cessare
479 2217 740 2295 debebit,
770 2219 1016 2290 quando
1046 2217 1533 2295 cessaturaetilla
1553 2228 1708 2287 sunt.
1729 2240 1865 2295 quas

211 2290 486 2368 similiter
506 2288 819 2368 bensdicta
851 2297 989 2347 sunt
1022 2298 1079 2346 ut
1113 2293 1688 2368 multiplicarentur;
1720 2288 1866 2368 quia

213 2310 486 2347 SlIDllllel'
506 2310 819 2345 08118016ῐᾶ
851 2310 989 2347 511Πῐ
1022 2310 1079 2346 ut
1113 2310 1279 2347 mum
1333 2310 1688 2350 Ilcarenlur:
1720 2312 1863 2368 quia

213 2362 259 2415 si
296 2361 596 2429 generatio
627 2360 944 2417 hominum
995 2370 1210 2429 cessat,
1237 2310 1326 2420 ad)
1343 2381 1527 2433 quam
1555 2366 1863 2421 utilitatem

212 2438 562 2505 nascuntur,
587 2448 722 2503 quae
744 2433 1061 2505 benedicta
1087 2441 1224 2490 sunt
1244 2452 1423 2505 super
1441 2444 1655 2491 terram
1686 2438 1712 2492 ‘l
1738 2440 1861 2493 Non

210 2504 584 2579 potestenim
637 2504 907 2579 mundus
958 2520 1029 2558 ex
1078 2512 1245 2575 parte
1276 2504 1474 2574 agere,
1516 2514 1571 2562 et
1600 2524 1670 2563 ex
1698 2515 1864 2579 parte

211 2590 471 2648 cessare.
506 2578 613 2628 Aut
641 2580 793 2648 totus
815 2575 974 2648 enim
1007 2583 1306 2646 operatur,
1334 2585 1435 2633 aut
1468 2585 1623 2633 totus
1648 2575 1866 2648 pausat

215 2647 272 2700 in
293 2646 435 2721 otio.
479 2645 778 2721 Numquid
826 2646 961 2721 utile
994 2645 1211 2718 cdrpus
1242 2654 1347 2715 est,
1382 2651 1554 2716 cujus
1581 2645 1862 2721 quaedam

214 2716 490 2791 membra
514 2716 1041 2791 vigent,_qutedam
1076 2716 1419 2791 torpescunt
1452 2722 1483 2775 ?
1527 2716 1695 2786 Quod
1722 2736 1864 2789 ergo

210 2804 248 2844 a
283 2789 536 2843 Domino
566 2788 947 2844 benedictum
977 2793 1083 2853 est,
1109 2788 1213 2845 cur
1238 2792 1545 2846 sordidum
1580 2798 1633 2848 et
1664 2788 1863 2848 conta-

214 2860 509 2935 minatum
537 2875 690 2930 opus
744 2877 779 2915 a
810 2860 1175 2935 quibusdam
1214 2862 1518 2935 asseritur,
1578 2865 1690 2919 nisi
1721 2865 1865 2935 quia

209 2932 323 3004 ipsi
352 2933 470 2986 Deo
498 2947 716 3004 manus
738 2932 1195 3004 quodammodo
1218 2933 1466 2989 infertur
1493 2934 1520 2987 ‘l
1546 2938 1670 2990 Non
1702 2932 1863 2990 enim

213 3002 330 3059 hoc
356 3002 877 3075 reprehenderent,
896 3003 1009 3058 nisi
1042 3004 1114 3058 de
1147 3004 1267 3059 Deo
1288 3004 1467 3075 hujus
1496 3006 1694 3075 operis
1722 3021 1866 3061 auc-

215 3079 340 3147 tore
366 3073 521 3129 male
554 3074 855 3129 sentirent.
907 3075 1061 3140 Quia
1113 3076 1271 3130 enim
1306 3073 1508 3147 aperte
1538 3073 1649 3131 Deo
1675 3076 1867 3132 detra-

210 3146 353 3202 here
380 3151 677 3211 verentur,
711 3161 817 3215 per
847 3161 1001 3217 opus
1035 3150 1239 3201 tamen
1294 3146 1371 3202 ab
1437 3164 1508 3202 eo
1554 3148 1863 3203 inventum

211 3217 925 3290 accusanteum.Quando
939 3218 1095 3290 enim
1112 3218 1866 3290 displicetopus,reprehen-

214 3288 379 3345 ditur
403 3294 626 3344 auctor.
670 3288 725 3343 Si
748 3288 1095 3357 hujusmodi
1142 3288 1713 3360 hOmineslegerent,
1764 3292 1867 3345 aut

257 3360 412 3415 otius
444 3360 781 3429 acciperent
818 3362 1171 3430 Scripturas,
1212 3377 1507 3417 memores
1538 3372 1733 3417 essent
1760 3363 1865 3417 Ba-

239 3448 379 3487 aam
403 3432 672 3495 dicentis,
708 3430 850 3503 Quid
891 3431 1203 3487 maledicam
1240 3450 1390 3503 quem
1421 3433 1690 3488 benedixit
1718 3434 1866 3490 Deus

210 3504 403 3576 (Num.
436 3518 602 3576 xxiii,
633 3502 748 3576 8)_‘?
771 3503 1011 3576 Frustra
1040 3519 1199 3576 enim
1232 3502 1547 3559 accusatur
1585 3505 1687 3576 qui
1719 3521 1753 3559 a
1785 3504 1863 3575 iu-

212 3574 345 3630 dice
371 3573 675 3645 laudatur:
696 3573 975 3645 imoipse
1003 3575 1417 3630 suiaccusator
1441 3582 1548 3637 est,
1570 3573 1669 3645 q'ui
1697 3573 1862 3630 retim

216 3646 359 3717 dicit
388 3659 568 3717 quem
602 3644 761 3711 leges
808 3644 1163 3717 defendunt.
1212 3647 1352 3711 Quis
1401 3663 1542 3715 ergo
1570 3644 1629 3700 tu
1661 3663 1723 3701 es
1763 3647 1864 3717 qui

218 3716 496 3772 damnari
524 3731 733 3770 censes
760 3716 923 3785 quod
950 3733 985 3771 a
1004 3717 1122 3772 Deo
1154 3716 1532 3773 benedictum
1558 3717 1723 3787 legis.
1755 3716 1866 3772 nisi

215 3792 323 3841 aut
349 3788 534 3842 Deum
558 3787 719 3841 hunc
744 3802 926 3855 negas
952 3803 1104 3853 esse,
1130 3793 1231 3843 aut
1255 3790 1621 3859 Scripturam
1654 3788 1867 3843 falsam

218 3874 467 3913 accusas
491 3859 521 3911 ‘l
550 3860 698 3931 sunt
727 3859 886 3931 enim
943 3860 1048 3930 qui
1093 3861 1263 3931 quasi
1297 3875 1446 3915 nova
1481 3859 1863 3930 accipientes,

217 3937 419 4002 vetera
445 3929 823 4002 repudianda
864 3929 1239 4002 putantﬁSed
1267 3946 1384 3986 non
1426 3929 1761 4000 discrepant
1791 3932 1867 3986 ab

215 4001 310 4056 his
344 4016 501 4074 nova
527 4017 632 4071 per
654 4001 948 4074 Christum
970 4008 1270 4074 praecepta
1298 4003 1534 4074 populis
1573 4004 1865 4074 intimata.

218 4075 352 4144 Ipse
396 4073 549 4127 enim
573 4078 819 4144 rogatus
861 4073 937 4127 ad
976 4072 1211 4142 nuptias
1243 4073 1324 4128 ire
1355 4072 1474 4129 non
1508 4073 1866 4143 dedignatus

217 4143 425 4200 e3t:et
471 4159 589 4199 non
626 4143 819 4197 solum
867 4145 1182 4215 praesentia
1236 4160 1346 4200 sua
1374 4144 1686 4199 illustravit
1739 4161 1864 4208 eas,

217 4231 426 4270 verum
451 4214 889 4287 etiamcontulit
909 4214 1084 4287 quod,
1098 4214 1297 4270 deerat
1316 4216 1391 4271 ad
1408 4215 1668 4271 laetitiam
1684 4215 1864 4283 (Joan.

218 4302 279 4356 ιι,
319 4285 491 4355 l-lt).
523 4286 816 4356 Scriptum
876 4285 964 4341 est
994 4286 1176 4349 enim,
1229 4288 1369 4351 Quia
1394 4288 1580 4343 vinum
1627 4287 1870 4355 laetiﬁcat

218 4375 312 4412 cor
343 4357 580 4413 hominis
609 4357 788 4427 (Psal.
830 4373 941 4422 cm,
978 4362 1060 4423 t5,
1094 4365 1141 4412 et
1169 4358 1336 4413 Eccli.
1395 4375 1490 4425 XL,
1547 4360 1667 4427 20).
1707 4360 1767 4412 Et
1807 4363 1871 4413 ut

220 4430 335 4484 hoc
360 4428 692 4483 secundum
728 4428 822 4483 Dei
854 4428 1037 4483 Patris
1069 4429 1159 4483 sui
1188 4429 1551 4484 voluntatem
1571 4430 1778 4484 fecisse
1809 4444 1870 4483 se

221 4502 681 4565 demonstraret,
708 4499 1455 4569 Judteisinterrogantibus
1489 4516 1565 4555 an
1590 4500 1872 4555 liceatho-

221 4570 370 4627 mini
402 4570 705 4643 dimittere
728 4587 973 4643 uxorem
1010 4587 1218 4643 suam,
1252 4572 1556 4643 respondit
1596 4573 1743 4627 inter
1765 4587 1872 4627 cae-

224 4648 371 4704 tera,
395 4642 599 4696 dicens
629 4658 642 4695 :
674 4642 937 4706 Quoniam
968 4642 1033 4696 ab
1063 4644 1226 4698 initio
1253 4644 1381 4713 fecit
1417 4645 1549 4697 Deus
1582 4644 1873 4699 masculum

223 4721 273 4768 et
299 4713 584 4784 feminam,
618 4720 664 4768 et
703 4713 844 4768 dixit
870 4731 903 4785 g7
928 4714 1159 4782 Propter
1179 4715 1271 4769 hoc
1292 4714 1558 4785 relinquet
1610 4716 1758 4770 homo
1783 4732 1873 4785 pa-

224 4793 363 4842 trem
385 4792 433 4839 et
460 4792 708 4851 matrem,
737 4791 787 4839 et
816 4784 1115 4847 adhaerebit
1142 4786 1311 4841 uxori
1349 4784 1478 4849 suze,
1514 4794 1561 4841 et
1585 4793 1747 4841 erunt
1772 4788 1876 4841 duo

226 4860 285 4912 in
304 4872 466 4911 carne
496 4858 829 4927 una.Itaque
850 4857 968 4926 jam
1000 4873 1101 4911 non
1137 4864 1261 4911 sunt
1292 4858 1417 4920 duo,
1458 4858 1546 4911 sed
1595 4875 1702 4912 una
1726 4874 1873 4912 caro.

227 4927 383 4988 Quod
412 4944 535 4999 ergo
568 4927 709 4983 Deus
737 4928 1042 4997 coniunxit,
1097 4928 1250 4983 homo
1280 4946 1385 4983 non
1409 4937 1625 4999 separet
1652 4929 1873 4997 (Matth.

228 4945 383 4988 quoa
412 4945 470 4981 er
505 4945 535 4983 ο
568 4945 709 4983 ueus
737 4945 1042 4997 conjunxit,
1097 4945 1250 4983 nomo
1280 4946 1385 4983 non
1409 4945 1625 4999 separet
1652 4945 1873 4997 (manu.

228 5015 349 5065 xxx,
381 4945 517 5125 4-6;.
550 5002 691 5055 Hinc
710 5000 967 5054 estunde
985 5007 1228 5068 rogatus
1258 5001 1335 5055 ad
1355 5001 1593 5071 nuptias
1619 5001 1678 5054 iit
1698 5000 1878 5055 liben-

231 5076 335 5125 ter.
371 5086 443 5125 ne
486 5076 684 5125 actum
715 5072 881 5125 Deiet
908 5072 1095 5125 Patris
1128 5073 1217 5125 sui
1240 5072 1542 5125 inﬁrmare
1566 5072 1877 5125 videretur.

1176 743 1249 781 ua
1274 727 1691 783 benedictione
1722 728 1882 784 enim

231 5076 335 5133 ter,
371 5086 443 5125 ne
462 5072 684 5126 factum
715 5072 881 5127 Deiet
908 5072 1095 5127 Patris
1128 5073 1217 5127 sui
1240 5072 1542 5127 inﬁrmare
1566 5072 1877 5127 videretur.

228 5140 413 5211 Magis
443 5147 643 5197 autem
675 5143 842 5212 Legis
866 5144 1076 5198 veteris
1107 5149 1163 5198 et
1191 5159 1359 5199 novas
1392 5144 1725 5200 doctrinam
1746 5158 1883 5197 con-

230 5213 480 5286 cordare
504 5214 848 5286 ostendens,
883 5216 1124 5286 nuptias
1152 5230 1270 5269 non
1303 5214 1492 5271 solum
1539 5230 1657 5269 non
1686 5214 1883 5286 prohi-

232 5284 381 5347 buit,
416 5284 519 5339 sed
544 5289 600 5339 et
630 5285 913 5340 interesse
935 5284 1213 5353 dignatus
1232 5291 1336 5352 est,
1364 5284 1767 5342 testimonium
1799 5286 1884 5340 eis

234 5355 504 5430 tribuens
537 5356 827 5427 quoniam
852 5358 1003 5411 Deus
1030 5361 1241 5430 auctor
1267 5373 1470 5430 earum
1493 5364 1579 5412 est
1604 5375 1616 5423 ;
1640 5361 1695 5412 et
1720 5355 1883 5430 quod

236 5443 271 5481 τι
304 5430 421 5499 Deo
447 5427 719 5495 junctum
738 5432 849 5495 est,
892 5443 1086 5499 neque
1116 5428 1438 5499 prohiberi,
1483 5444 1677 5499 neque
1718 5427 1885 5498 sepa—

233 5499 351 5554 rari
378 5498 598 5554 debere
630 5499 875 5570 salutari
906 5498 1204 5570 praecepto
1234 5498 1613 5555 monstravit.
1654 5502 1718 5553 Et
1743 5499 1887 5570 quia

237 5570 511 5625 nativitas
555 5569 818 5641 prodest,
866 5586 1002 5625 cum
1030 5569 1154 5641 jam
1187 5571 1541 5642 relinqueret
1567 5569 1884 5635 mundum,

237 5649 490 5698 matrem
526 5657 702 5697 suam
725 5642 939 5697 Joanni
972 5642 1272 5698 discipulo
1304 5658 1413 5697 suo
1438 5642 1890 5697 commendavit

240 5658 490 5698 matrem
526 5658 702 5697 suam
725 5658 939 5697 Joannl
972 5658 1121 5697 GISCI
1176 5658 1272 5698 υιο
1304 5658 1413 5697 SUO
1438 5658 1890 5697 commendavu

240 5711 421 5783 (Joan.
460 5729 585 5784 xix,
620 5713 710 5782 26,
746 5715 859 5785 27).
894 5658 1301 5780 Quamobrem
1330 5717 1389 5770 et
1417 5728 1529 5771 nos
1550 5728 1655 5786 per
1684 5712 1891 5770 omnia

1757 175 2125 231 APPENDIX
2140 220 2152 233 .

3518 186 3658 247 2386

2002 300 2168 381 _Legis
2199 299 2411 381 veteris
2439 304 2494 355 et
2524 316 2706 381 novae
2715 305 3003 363 mandata
3024 312 3345 381 servantes,
3377 318 3653 381 parentes

1998 371 2619 456 honeraredocemur
2648 376 2949 456 (Deut._v,__
2978 382 3059 456 t6,
3118 387 3167 434 et
3191 371 3392 456 Matth:
3424 399 3517 449 xv,
3550 387 3604 456 4)
3635 403 3648 441 :

1998 443 2162 513 quod
2205 443 2319 497 nisi
2347 442 2682 509 fecerimus,
2736 442 3117 504 maledictum
3168 467 3277 505 nos
3306 442 3649 512 incursuros

1997 520 2238 595 cautum
2263 517 2538 595 estLege.
2563 520 2773 595 itaque
2804 535 3082 595 quamam
3111 522 3337 578 esthaec
3352 540 3645 595 praesum-

1996 589 2142 666 ptio,
2175 592 2278 666 aui
2308 602 2378 641 ex
2401 602 2523 657 qua
2560 587 2692 666 lege
2719 587 3046 655 descendit,
3078 587 3421 664 nuptiarum
3450 596 3646 652 aditus

1992 658 2800 738 intercludere_,quandoiam
2828 677 2986 738 no_va
3004 658 3188 738 quam
3213 670 3377 738 vetus
3407 667 3521 722 Lex
3539 682 3646 738 per

1993 730 2197 807 omnia
2220 728 2347 807 istis
2378 729 2572 807 favere
2606 730 2873 786 videatur
2902 732 2930 786 ‘l
2957 728 3065 807 Sed
3089 734 3232 789 illud
3249 742 3338 791 est
3365 728 3639 807 quod-le-

1994 800 2214 878 ginius,
2244 800 2383 878 quia
2404 801 2546 878 quod
2566 809 2725 878 cetra
2751 810 2905 878 est,_a
2926 803 3067 878 malo
3089 813 3167 878 est
3195 800 3411 871 (Matth.
3439 826 3495 873 v,
3527 810 3638 878 37).

1992 872 2156 927 Unde
2188 872 2507 941 Apostolus
2532 872 2884 942 hujusmodi
2938 876 3209 931 homines
3254 872 3637 936 cauteriatam

1990 942 2130 1025 dicit
2147 942 2367 1025 habere
2390 944 2837 1025 conscientiam,
2854 946 2959 1025 qui
2981 947 3220 1025 prohibt
3236 953 3363 1003 ntes
3387 950 3636 1025 nubere,

1990 1019 2043 1069 et
2073 1029 2107 1069 a
2128 1014 2275 1088 cibis
2302 1029 2455 1088 quos
2476 1018 2628 1070 Deus
2643 1016 2718 1088 ad
2738 1014 3189 1088 percipiendum
3205 1020 3444 1086 creavit,
3460 1014 3640 1077 absti-

1990 1084 2257 1163 nendum
2286 1084 2503 1163 docent
2526 1090 2562 1151 (Ι
2590 1084 2836 1153 Τίτη.ἰν,
2855 1084 3012 1163 2,]3).
3044 1090 3163 1144 Hoc
3180 1090 3341 1163 enim
3366 1084 3636 1163 in'hypo-

1987 1157 2143 1230 crisi,
2180 1156 2620 1230 inimicitiarum
2683 1174 2869 1214 causa
2913 1160 3105 1216 facere
3161 1156 3550 1230 denotamur;
3576 1168 3638 1218 ut

1984 1227 2199 1296 Legem
2228 1243 2263 1282 a
2293 1229 2407 1282 Deo
2434 1228 2714 1284 traditam
2777 1231 3181 1287 criminentur.
3215 1233 3323 1287 Alii
3355 1234 3488 1289 ideo
3520 1227 3638 1289 stu-

1984 1298 2191 1353 dentes
2205 1298 2515 1371 praeceptis
2532 1299 2895 1357 salutaribus
2908 1302 3113 1358 obvias
3126 1318 3344 1359 manus
3364 1305 3631 1371 tendunt,

1982 1376 2047 1448 ut
2074 1385 2267 1448 pravae
2297 1369 2581 1448 doctrinae
2626 1373 2919 1448 mandata
2944 1375 3367 1431 commendent
3394 1393 3407 1431 :
3432 1392 3500 1432 ac
3529 1369 3636 1448 per

1984 1440 2095 1495 hoc
2126 1442 2514 1496 cauteriatam
2563 1441 2783 1497 habere
2843 1444 3122 1499 dicuntur
3181 1440 3629 1503 conscientiam.

1981 1512 2271 1587 Corrupta
2296 1512 2453 1587 enim
2486 1519 2683 1587 mente
2710 1514 2868 1587 aliud
2885 1514 3335 1587 scientes,aliud
3354 1519 3628 1587 proﬁten-

1982 1588 2093 1637 tur.
2119 1584 2279 1658 Sicut
2308 1594 2363 1637 et
2391 1583 2738 1658 Judaei,_qui
2765 1601 2884 1640 non
2940 1586 3287 1654 ignorantes
3314 1583 3480 1658 gesta
3512 1591 3631 1644 Sal-

1980 1654 2201 1725 vatoris
2227 1670 2409 1725 opera
2436 1670 2563 1708 esse
2593 1654 2843 1725 Spiritus
2877 1658 3087 1721 sancti,
3120 1654 3446 1714 invidentes
3477 1660 3632 1714 dice-

1978 1724 2287 1799 bantquia
2320 1728 2377 1779 in
2406 1724 2708 1799 Beelzebub
2757 1728 2911 1797 ejicit
2954 1728 3219 1783 daemonia
3268 1731 3491 1799 (Matth.
3524 1748 3625 1796 xu,

1977 1795 2069 1868 24)
2100 1812 2111 1861 ;
2146 1795 2210 1852 ut
2242 1796 2525 1868 populum
2563 1813 2597 1851 a
2622 1797 2741 1852 ﬁde
2784 1795 2925 1868 'ejus
2983 1795 3333 1856 averterent.
3366 1802 3517 1855 Talis
3544 1795 3631 1857 est

1979 1866 2157 1942 etiam
2176 1866 2359 1942 supra
2380 1866 2849 1942 memoratorum
2864 1871 3143 1935 versutia,
3172 1873 3314 1942 quia
3336 1878 3397 1926 ut
3412 1873 3631 1927 sancti-

1977 1939 2110 2015 tatis
2131 1944 2187 1993 et
2211 1940 2578 2015 castimonia:
2613 1945 2912 2015 amatores
2936 1956 3063 1996 esse
3086 1958 3146 1996 se
3160 1939 3461 2015 simulent,
3480 1959 3628 2015 nup-

1976 2011 2088 2084 tias
2114 2025 2241 2065 esse
2272 2010 2478 2065 dicunt
2499 2010 2906 2084 diamnandas,
2954 2017 3014 2066 ut
3046 2028 3151 2084 per
3174 2012 3290 2068 hoc
3319 2010 3629 2070 commen-

1974 2080 2210 2148 dentur,
2257 2086 2315 2135 et
2363 2081 2656 2152 populum
2724 2098 2759 2137 a
2814 2080 3062 2138 veritate
3116 2090 3431 2141 avertant:
3477 2090 3627 2141 etut

1975 2152 2345 2226 abstinentiae
2373 2168 2433 2206 se
2461 2154 2697 2226 studere
2723 2153 2969 2226 ﬁngant,
2992 2156 3449 2226 temperandum
3483 2172 3519 2211 a
3549 2157 3625 2212 ci-

1975 2223 2063 2276 bis
2092 2223 2349 2288 tradunt,
2386 2229 2447 2277 ut
2478 2239 2578 2293 per
2604 2224 2717 2279 hoc
2749 2240 2810 2279 se
2841 2224 3068 2281 alienos
3097 2223 3132 2281 ό
3160 2227 3387 2281 mundo
3417 2226 3496 2282 ad
3512 2242 3625 2283 cm-

1973 2294 2140 2369 lestia
2172 2294 2663 2369 regnafestinare
2691 2295 3169 2369 ostendant,per
3197 2298 3363 2369 quod
3396 2304 3624 2354 mentes

1972 2365 2285 2423 hominum
2303 2366 2603 2421 illicientes
2616 2366 2897 2437 deinceps
2920 2365 3121 2423 illicita
3146 2365 3402 2424 doceant
3428 2370 3621 2435 licere,

1974 2443 2029 2513 et
2056 2437 2213 2513 licita
2234 2438 2405 2509 quasi
2428 2438 2779 2513 inconcessa
2800 2438 3112 2495 damnare.
3138 2443 3269 2513 Haec
3286 2446 3423 2495 sunt
3446 2457 3623 2513 praes-

1977 2509 2113 2579 tigia
2144 2514 2389 2583 satanas,
2408 2513 2487 2583 _ut
2512 2525 2727 2583 causas
2755 2509 3028 2583 invertat,
3051 2511 3226 2583 quasi
3246 2509 3468 2566 novum
3489 2512 3625 2567 insi-

1972 2595 2167 2633 nuans
2198 2579 2448 2654 aliquid,
2479 2580 2761 2634 excludat
2790 2579 3121 2647 veritatem,
3145 2583 3199 2636 in
3223 2599 3343 2654 qua
3366 2583 3624 2638 nihilno-

1971 2666 2114 2704 vum
2148 2656 2257 2716 est,
2288 2650 2430 2721 quia
2455 2655 2644 2705 totum
2692 2656 2995 2707 aeternum.
3028 2654 3169 2718 Quis
3200 2650 3319 2708 non
3352 2654 3624 2709 advertat

1974 2737 2217 2794 sensum
2248 2722 2429 2794 istum
2459 2721 2536 2794 ab
2567 2722 2927 2777 adversariis
2959 2739 3087 2778 esse
3115 2727 3430 2794 aptatum?
3482 2726 3623 2790 Quis

1971 2793 2130 2848 enim
2164 2791 3186 2866 audeatDeiinventumreprobare,
3215 2796 3445 2866 etquod
3468 2812 3623 2852 nun-

1970 2879 2156 2934 quam
2188 2862 2364 2918 alicui
2395 2862 2605 2925 obfuit,
2634 2863 2745 2918 nisi
2777 2862 3114 2920 adversario
3166 2862 3425 2922 veritatis
3454 2866 3483 2920 Ῡ
3512 2867 3622 2932 Qui

1974 2941 2034 2989 ut
2049 2934 2451 3004 impuritatem
2468 2939 2830 3008 suam_tegat,
2858 2936 3315 2992 sanctimoniam
3333 2937 3623 3008 praedicat

1971 3021 2156 3079 quam
2186 3020 2303 3058 non
2324 3009 2514 3079 amat,
2534 3004 2761 3079 utdum
2784 3020 2854 3061 ex
2878 3022 2948 3079 e_o
2963 3022 3023 3061 se
3035 3009 3207 3079 quasi
3228 3004 3402 3064 bona!
3419 3009 3624 3064 volun-

1975 3074 2104 3132 tatis
2136 3074 2480 3149 ostenderet
2501 3076 2543 3138 ³,
2565 3074 2761 3130 illicita
2775 3077 3024 3149 suadeat
3042 3074 3217 3149 quasi
3240 3080 3416 3134 licita.
3447 3080 3620 3135 Com-

1972 3146 2217 3221 mendat
2230 3146 2389 3221 enim
2416 3160 2479 3199 se
2497 3153 2556 3200 ut
2569 3147 2901 3217 promptius
2918 3146 3099 3212 fallat,
3114 3165 3183 3202 ac
3198 3165 3303 3221 per
3314 3151 3422 3204 hoc
3435 3152 3624 3221 captis

1973 3216 2455 3288 imprudentibus
2488 3222 2790 3290 suggerat.
2821 3232 2929 3286 per
2987 3233 3121 3289 quae
3155 3216 3284 3290 plus
3311 3235 3415 3274 eos
3444 3216 3621 3275 faciat

1972 3292 2317 3362 peccatores
2352 3303 2362 3341 :
2399 3288 2633 3362 quiaut
2683 3303 2882 3362 causa;
2913 3288 3035 3362 suae
3061 3288 3327 3362 aliquam
3358 3291 3624 3346 conferat

1975 3359 2357 3425 medicinam,
2374 3359 3187 3432 granditersuadethomines
3213 3376 3483 3432 peccare,
3501 3377 3620 3418 ma-

1974 3448 2161 3501 gnum
2182 3446 2252 3486 ex
2283 3446 2352 3486 eo
2369 3430 2957 3502 quaerenssolatium,
2972 3431 3119 3486 dum
3139 3430 3406 3487 criminis
3429 3433 3514 3486 sui
3529 3448 3623 3487 so-

1974 3504 2097 3559 cios
2122 3502 2337 3557 multos
2368 3501 2649 3567 Ostendit,
2665 3501 2856 3556 levem
2874 3518 3115 3573 pmnam
3132 3504 3460 3569 aestimans,
3486 3518 3556 3558 ac
3573 3502 3622 3557 si

1976 3576 2173 3630 minus
2196 3575 2389 3642 gravis
2403 3574 2495 3638 sit,
2527 3574 2572 3626 si
2590 3588 2789 3645 secum
2805 3572 3025 3628 multos
3040 3574 3307 3629 videatin
3323 3575 3618 3645 gehenna.

1976 3647 2121 3702 Caeci
2142 3645 2415 3699 homines
2434 3650 2473 3708 ³,
2500 3645 2644 3698 dum
2672 3644 2987 3699 vincuntur
3007 3645 3182 3709 vitiis,
3215 3652 3314 3700 aut
3332 3644 3439 3716 per
3463 3644 3623 3700 inﬁr-

1978 3717 2524 3787 mitatem,iautper
2548 3716 2948 3787 ignorantiam
2972 3732 3102 3771 sese
3128 3716 3476 3781 defendunt,
3498 3730 3621 3771 non

1976 3785 2337 3860 vindicando
2364 3785 2491 3841 haec
2538 3785 2672 3860 quae
2708 3788 3003 3860 contraria
3032 3787 3253 3858 decipit
3299 3788 3621 3860 concupis-

1976 3859 2336 3932 centiauAut
2360 3874 2494 3932 quia
2525 3857 2721 3932 obstat
2740 3857 2932 3932 caligo
2964 3862 3029 3913 ut
3057 3857 3181 3932 non
3195 3858 3371 3932 quod
3414 3857 3623 3932 verum

1976 3937 2079 3994 est,
2114 3926 2440 3983 videatur?
2467 3932 2611 3985 Nam
2626 3928 2815 3984 solent
2832 3926 3035 3985 litterae
3048 3930 3212 3984 aliud
3227 3926 3423 3986 'videri
3447 3930 3625 3999 signi-

1975 4002 2181 4073 ﬁcare,
2204 4000 2350 4073 dum
2373 4005 2474 4055 aut
2489 4015 2605 4054 non
2624 4000 2771 4073 bene
2784 4001 3261 4073 pronuntiantur,
3279 4007 3381 4058 aut
3406 4003 3625 4073 impro-

1976 4073 2102 4144 prie
2128 4071 2595 4144 distingiuuntur.
2613 4072 2756 4144 Cum
2773 4076 2973 4128 autem
3002 4072 3233 4144 legitur,
3252 4075 3404 4129 Fecit
3432 4071 3620 4137 Deus;

1976 4142 2052 4210 et,
2086 4142 2388 4214 Benedixit
2417 4142 2579 4214 quod
2603 4142 2741 4214 fecit
2774 4159 2785 4198 :
2813 4144 2947 4212 quis
2974 4142 3112 4199 hinc
3144 4145 3404 4213 disputet
3432 4145 3459 4201 ?
3490 4144 3625 4214 quis

1976 4214 2260 4270 dubitet?
2290 4213 2616 4285 quisquod
2651 4214 3033 4268 benedictum
3084 4220 3194 4277 est,
3229 4213 3617 4285 maledictum

2022 4290 2163 4350 utet,
2198 4282 2688 4355 nisi‘alio‘spiritu
2714 4285 3061 4339 animetur?
3105 4284 3273 4350 Quod
3307 4282 3624 4355 quidemsi

2022 4301 2163 4350 uter,
2198 4301 2308 4339 DISI
2342 4301 2460 4340 auo
2491 4301 2688 4355 splt‘llu
2714 4301 3013 4339 animetur
3032 4301 3061 4337 τ
3105 4301 3273 4350 uuon
3307 4301 3553 4355 quidem
3577 4301 3624 4336 SI

1978 4301 2238 4413 Eominis
2267 4372 2380 4412 vox
2409 4370 2535 4410 esse
2566 4354 2878 4418 diceretur,
2938 4355 3085 4410 forte
3143 4355 3344 4424 aliqua
3393 4353 3627 4409 fallacia

1979 4428 2316 4485 crederetur
2349 4446 2360 4483 :
2398 4429 2549 4481 Deus
2575 4426 2789 4481 dicitur
2818 4426 3001 4489 loqui,
3036 4430 3093 4481 et
3137 4426 3377 4480 dubitas
3415 4426 3443 4480 ?
3474 4428 3625 4479 Deus

1981 4499 2373 4563 benedixit,et
2399 4496 2687 4568 reprobas
2708 4496 2737 4551 ?
2793 4496 2910 4568 sed
2943 4496 3087 4568 forte
3115 4497 3227 4568 sub
3259 4497 3358 4551 Dei
3382 4496 3625 4568 nomine

1981 4566 2818 4642 Moysesierroremjnduxit?
2848 4567 2998 4642 Satis
3029 4568 3129 4642 tibi
3181 4566 3403 4622 faciant
3453 4566 3628 4642 signa

1982 4648 2040 4720 et
2062 4637 2345 4720 prodigia
2357 4654 2464 4720 per
2478 4640 2720 4719 Moysen
2726 4638 2908 4720 “facta
2930 4639 2987 4693 in
3015 4639 3268 4720 Egypto
3296 4637 3629 4720 isuadeani

1984 4708 2085 4769 tibi
2116 4711 2411 4766 mirabilia
2462 4708 2597 4781 quae
2629 4710 2684 4764 in
2726 4709 2925 4764 Rubro
2985 4708 3135 4764 mari
3170 4708 3355 4778 'gesta
3385 4714 3521 4781 sunt
3551 4708 3629 4763 ad

1982 4784 2393 4841 liberationem
2411 4780 2667 4836 filiorum
2685 4781 2879 4837 Israel.
2893 4781 3042 4835 Audi
3059 4796 3270 4851 magos
3284 4780 3630 4851 conﬁtentes

1984 4856 2127 4928 quia
2150 4854 2355 4928 digitus
2401 4852 2515 4928 Dei
2543 4852 2748 4928 est__h_ic
2797 4851 2993 4928 (Exod.
3027 4868 3147 4915 vui,
3176 4850 3315 4928 ’19).
3350 4850 3627 4907 Consenti

1985 4923 2267 4996 Apostolo
2298 4924 2540 4988 dicenti,
2600 4923 2736 4978 Nolo
2790 4940 2885 4996 vos
2928 4924 3199 4996 ignorare,
3233 4925 3457 4995 fratres,
3508 4938 3633 4992 quo-

1985 4994 2132 5053 niam
2159 5005 2343 5069 patres
2371 4996 2548 5069 nostri
2588 5011 2763 5049 omnes
2802 4994 2897 5049 sub
2945 4994 3077 5050 nube
3109 4994 3351 5069 fuerunt,
3373 5002 3431 5069 _et
3457 5008 3633 5069 omnes

1984 5088 2083 5142 per
2111 5065 2259 5144 mare
2289 5068 2654 5144 transierunt,
2685 5073 2741 5144 _et
2794 5082 2973 5121 omnes
3002 5083 3097 5137 per
3127 5068 3343 5144 Moysen
3369 5065 3629 5144 baptizata

1987 5138 2114 5197 sunt
2138 5140 2197 5195 in
2228 5139 2360 5194 nube
2390 5146 2438 5193 et
2462 5139 2521 5193 in
2554 5138 2712 5203 mari,
2745 5144 2793 5192 et
2822 5154 3001 5192 omnes
3024 5138 3255 5192 eamdem
3276 5153 3442 5192 escam
3471 5138 3636 5206 sipri-

1989 5213 2186 5286 tualem
2216 5211 2696 5286 manducavegunt,
2729 5216 2778 5263 et
2798 5224 2973 5263 omnes
2994 5208 3229 5286 eumdem
3259 5213 3440 5286 potum
3468 5206 3639 5286 spirit

1991 5284 2190 5339 tua/em
2221 5282 2486 5337 biberunt.
2536 5280 2797 5334 Bibebant
2842 5287 3021 5334 autem
3079 5279 3140 5333 de
3186 5276 3316 5349 potu
3352 5276 3639 5349 spirituali

1991 5360 2327 5425 consequente
2385 5369 2467 5407 eos
2512 5355 2681 5425 petra
2713 5368 2731 5405 :
2754 5422 2765 5425 _
2774 5358 2933 5425 petra
2979 5357 3157 5425 autem
3210 5358 3328 5425 erat
3388 5349 3641 5425 Christus

1995 5428 2037 5498 (l
2066 5418 2188 5482 Cor.
2209 5442 2268 5493 x,
2297 5425 2433 5495 1-4).
2468 5418 2532 5477 Et
2564 5422 2721 5477 unde
2753 5418 2860 5476 hoc
2878 5422 3195 5492 Apostolus
3224 5421 3458 5477 locutus
3502 5425 3589 5475 est
3614 5418 3643 5474 ‘l

2057 5535 2071 5565 ¹
2103 5532 2187 5581 Sic
2212 5528 2461 5593 juxtaEr.
2484 5526 2817 5593 Lugd._Ven.
2846 5530 2898 5575 et
2927 5526 3053 5593 L_ov.
3078 5527 3134 5593 In
3155 5527 3505 5593 i3.,ost_endet.
3572 5526 3639 5593 lii.

2056 5596 2073 5624 ³
2107 5588 2599 5643 Μείϐοιὺθιιὶὶηυεῖ
2628 5589 2671 5637 si
2700 5603 2860 5636 secum
2874 5590 3056 5637 multos
3082 5588 3308 5637 viderint
3332 5590 3389 5638 in
3408 5590 3642 5651 peccatis,

1994 5671 2083 5705 nec
2112 5657 2302 5705 ueteris
2328 5652 2704 5717 homines‘durn
2736 5652 3013 5717 vincuntur
3039 5652 3195 5701 vitiis.
3224 5652 3285 5701 Et
3315 5652 3474 5717 paulo
3506 5656 3644 5716 post,

1997 5720 2263 5782 defendent
2287 5731 2394 5766 non
2420 5712 2738 5765 vindicanda
2772 5713 2868 5764 hic.
