4140 6208
574 137 715 195 2387

575 266 788 336 Praesto
828 265 914 318 est
942 261 1283 336 Scriptura,
1321 264 1382 320 in
1434 268 1556 336 qua
1614 263 1876 336 legimus
1907 260 2217 336 Christum

576 335 894 389 Dominum
953 340 1221 389 nostrum
1253 332 1548 390 dicentem
1577 334 1816 397 Judzeis,
1846 333 1914 387 Si
1939 332 2221 387 crederetis

571 406 771 477 Moysi,
817 404 1105 477 crederetis
1162 407 1401 477 forsitan
1463 406 1719 477 etimi‘hi
1765 424 1778 469 ;
1835 408 1961 475 quia
2017 404 2078 457 de
2130 421 2222 477 _me

573 474 799 546 scripsit
825 476 1028 546 Moyses
1062 474 1240 546 (Jodn.
1282 495 1334 541 v,
1362 478 1474 547 46).
1524 476 1667 544 Quis
1692 474 1858 531 'huic’
1890 474 2221 530 concordim

577 547 757 619 fidem
810 547 1107 619 deneget?
1138 550 1271 617 quis
1314 550 1534 603 audeat
1581 549 1794 613 dicere,
1836 547 1997 619 quod
2034 562 2221 619 unum

575 626 661 674 est
690 618 1069 688 discrepare?
1098 619 1231 688 quis
1260 622 1379 673 tam
1414 620 1585 674 malae
1606 622 1818 673 mentis
1844 617 1949 682 est,
1981 624 2039 672 ut
2070 617 2222 672 indi-

575 690 823 744 viduam
853 689 1199 743 charitatem
1230 691 1551 745 contendat
1581 690 1764 745 videri
1808 689 2176 744 inimicitiam
2202 693 2225 739 ‘I

579 764 721 815 Ecce
735 760 919 814 habes
936 766 992 813 et
1014 760 1333 831 verborum
1364 763 1720 827 testimonia,
1744 767 1797 816 et
1816 760 2092 831 exempla
2117 761 2225 814 vir-

579 837 788 895 tutum,
807 846 941 900 quas
956 830 1224 885 animum
1242 840 1405 887 tuum
1423 834 1744 902 subjugent
1761 830 2009 895 veritati,
2030 834 2224 886 utnon

576 902 737 976 aliud
772 906 1180 976 putesverum
1207 918 1391 976 quam
1422 905 1586 976 quod
1619 904 1885 959 Ecclesiae
1917 902 2225 958 catholicas

578 972 883 1046 continent
908 971 1066 1046 libri.
1096 971 1389 1046 Quoniam
1421 971 1597 1044 igitur
1623 976 1942 1046 probatum
1966 981 2228 1028 esteum-

576 1043 715 1099 dem
773 1045 956 1097 Deum
989 1043 1171 1116 fuisse
1200 1045 1259 1100 in
1290 1043 1479 1102 Veteri
1504 1043 1899 1113 Testamento,
1934 1045 2036 1116 qui
2069 1060 2228 1099 nunc

578 1121 778 1169 noster
804 1120 911 1181 est,
944 1120 998 1169 et
1027 1115 1187 1170 hunc
1218 1116 1415 1171 multis
1447 1119 1728 1173 virtutum
1758 1115 1988 1171 indiciis
2020 1132 2228 1171 verum

578 1200 726 1259 esse,
756 1184 833 1259 ine
848 1190 1075 1259 tantum
1114 1187 1241 1257 ejus
1273 1188 1595 1243 auctoritas
1638 1188 1808 1244 debet
1837 1187 2116 1259 praeferri,
2141 1192 2231 1259 _ut

577 1257 755 1329 etiam
780 1255 839 1311 id
865 1257 1025 1327 quod
1054 1255 1363 1329 asperum,
1392 1265 1446 1314 et
1471 1259 1618 1315 forte
1644 1255 1968 1315 absurdum
1999 1274 2035 1313 a
2056 1257 2231 1313 nobis

577 1328 923 1400 aestimatur,
942 1328 1187 1400 accepto
1206 1330 1336 1384 ferri
1351 1331 1825 1395 debeat,etaliter
1838 1331 2037 1385 sentiri
2051 1346 2229 1400 quam

579 1414 614 1453 a
640 1398 815 1453 nobis
846 1398 1108 1469 putatur,
1132 1402 1178 1455 si
1202 1402 1299 1455 Dei
1323 1402 1546 1471 judicio
1576 1402 2034 1456 commendetur
2058 1398 2233 1471 {quia

581 1471 775 1539 magis
794 1472 907 1524 Deo
929 1471 1167 1527 credere
1185 1472 1475 1527 debemus
1497 1489 1683 1598 quam
1706 1472 1895 1528 nobis.
1915 1472 2233 1527 Inﬁrmitas

581 1542 741 1595 enim
775 1547 979 1595 nostra
1004 1547 1059 1597 et
1086 1543 1399 1598 imperitia.
1432 1546 1511 1598 uti
1541 1546 1596 1598 ia
1626 1544 1771 1598 solet
1802 1544 2067 1598 iudicare
2097 1559 2232 1598 (IlltB

581 1542 741 1614 enim
775 1547 979 1595 nostra
1004 1547 1059 1597 et
1086 1543 1399 1614 imperitia.
1432 1542 1596 1599 utilia
1626 1544 1771 1599 solet
1797 1544 2067 1613 judicare
2097 1559 2232 1614 quia

580 1612 790 1687 nociva
812 1618 980 1687 sunt,
1010 1619 1065 1687 et
1091 1612 1386 1687 aestimare
1414 1615 1564 1670 falsa
1597 1631 1704 1685 pro
1737 1612 1891 1669 veris
1922 1632 1932 1669 :
1967 1612 2133 1687 quod
2158 1614 2233 1668 de

585 1685 700 1737 Deo
734 1685 823 1736 vel
856 1684 1147 1754 suspicari
1200 1685 1366 1741 nefas
1399 1692 1504 1740 est.
1537 1684 1662 1742 Νόη
1694 1691 1781 1740 est
1811 1687 1969 1740 enim
1986 1684 2231 1749 natura,

580 1769 716 1827 quae
749 1755 939 1827 possit
960 1755 1084 1827 falli
1113 1773 1126 1810 :
1158 1762 1385 1825 quanto
1416 1757 1609 1827 magis
1637 1758 1709 1812 de
1735 1757 1867 1826 conj
1882 1757 2032 1826 ugiis
2057 1756 2230 1810 dubi-

584 1825 691 1897 tari
724 1840 845 1879 non
877 1825 1072 1893 debet,
1109 1830 1225 1881 Deo
1256 1825 1693 1893 dicentefQuod
1740 1825 1881 1883 Deus
1921 1828 2231 1897 conjunxit,

582 1894 732 1971 nomo
766 1912 869 1949 non
888 1904 1098 1971 cepere!
1120 1897 1148 1952 ?
1201 1901 1294 1953 Est
1319 1901 1477 1954 enim
1507 1916 1599 1954 res
1631 1906 1836 1971 aperta
1866 1905 1922 1954 et
1951 1894 2223 1970 simplex.

580 1967 742 2022 Certe
767 1967 966 2022 omnis
998 1969 1181 2024 homo
1248 1971 1425 2025 audet
1452 1988 1589 2026 cum
1623 1967 1796 2026 fuerit
1824 1972 1919 2027 Dei
1943 1967 2236 2039 dignatio-

580 2053 718 2092 nem
750 2038 1023 2095 adeptus.
1052 2047 1107 2094 et
1131 1988 1425 2095 meﬁiorari
1445 2059 1506 2095 se
1530 2042 1875 2095 creditdum
1899 2057 2235 2095 sacramen-

580 2053 718 2092 nem
750 2038 1023 2109 adeptus,
1052 2047 1107 2094 et
1131 2038 1425 2097 meiiorari
1445 2059 1506 2097 se
1530 2042 1875 2097 creditdum
1899 2038 2235 2097 sacramen-

581 2112 709 2165 tum
747 2110 1034 2186 Creatoris
1072 2111 1347 2186 addiscit,
1390 2113 1554 2186 quod
1590 2114 1787 2186 utique
1809 2129 1925 2186 non
1953 2128 2234 2186 asseque-

578 2186 760 2256 retur,
790 2181 915 2256 nisi
935 2188 1129 2237 natus.
1153 2181 1433 2256 C_ur_ergo
1462 2181 1874 2256 plangit‘quod
1905 2181 2235 2256 gaudet,_et

578 2251 743 2324 quod
771 2251 1056 2320 gloriatur
1082 2269 1142 2309 se
1169 2251 1481 2319 didicisse,—
1525 2251 1886 2311 condemnat
1906 2256 1933 2312 ?
1966 2256 2021 2310 Si
2074 2254 2233 2310 enim

578 2323 799 2395 gaudet
828 2324 972 2395 quia
1002 2324 1226 2390 didicit,
1262 2342 1377 2381 non
1406 2332 1604 2382 autem
1633 2328 1957 2389 didicisset,
1986 2327 2101 2381 nisi
2128 2343 2234 2381 na-

581 2399 673 2447 tus
686 2394 926 2470 fuisset;
949 2396 1078 2451 sine
1094 2396 1276 2470 dubio
1290 2398 1520 2453 bonum
1537 2402 1625 2453 est
1639 2398 1822 2464 nasci,
1841 2399 1985 2470 quia
2008 2398 2233 2470 fructus

577 2465 922 2531 nativitatis,
955 2468 1215 2536 cognitio
1245 2474 1335 2525 est
1364 2470 1646 2524 veritatis.
1676 2470 1734 2525 Si
1773 2465 1971 2525 autem
2006 2469 2234 2525 malum

577 2542 665 2610 est
690 2538 874 2610 nasci,
897 2553 1019 2592 non
1050 2540 1156 2593 erit
1179 2540 1341 2595 bona
1363 2541 1642 2608 cognitio.
1677 2542 1780 2595 Cui
1804 2542 1959 2595 enim
1992 2541 2072 2595 rei
2101 2555 2234 2610 pro-

578 2606 727 2662 derit
757 2606 1038 2677 cognitio,
1066 2610 1114 2663 si
1142 2606 1466 2666 damnatur
1497 2612 1821 2667 nativitas?
1853 2613 2002 2675 Quia
2028 2612 2076 2665 si
2103 2606 2233 2665 non

578 2678 817 2749 expedit
849 2682 1015 2735 nasci
1046 2696 1155 2736 nec
1180 2682 1378 2745 debet,
1414 2683 1590 2736 inane
1630 2688 1717 2737 est
1750 2688 1811 2738 ut
1835 2683 2027 2737 discat
2058 2681 2234 2737 dam-

575 2750 838 2822 nandus.
871 2751 984 2805 Sed
1014 2753 1159 2822 quia
1188 2768 1368 2807 nemo
1402 2757 1523 2807 tam
1577 2753 1759 2808 hebes
1808 2758 1913 2818 est,
1949 2758 2011 2807 ut
2058 2758 2233 2822 neget

576 2820 982 2899 cognitionem
1015 2820 1115 2899 Dei
1162 2822 1446 2899 prodesse
1478 2823 1843 2899 hominibus,
1882 2828 1956 2899 et_
1986 2820 2234 2899 bona'et

573 2889 731 2963 utilis
755 2896 858 2945 est.
897 2895 999 2946 Per
1026 2889 1219 2962 ipsam
1250 2894 1410 2949 enim
1462 2894 1808 2951 melioratur
1838 2896 2135 2963 nativitas,
2170 2902 2233 2951 ut

576 2960 885 3038 meliorate
907 2960 1335 3038 nativitasplus
1358 2970 1653 3038 mereatur
1680 2982 1867 3038 quam
1896 2966 2085 3022 fuerat
2115 2960 2229 3021 col-

575 3031 764 3108 latum
796 3032 938 3108 Adae.
964 3049 976 3088 :
1006 3035 1152 3105 quia
1172 3031 1239 3108 in
1270 3036 1439 3103 coelo,
1474 3052 1597 3093 non
1621 3031 1863 3093 interra
1892 3038 2233 3108 regnabunt

576 3103 900 3181 credentes,
925 3103 1281 3181 inparadiso
1304 3108 1401 3162 Dei
1431 3108 1642 3178 Patris,
1660 3125 1789 3181 non
1810 3110 1868 3164 in
1891 3103 2012 3181 qu'o
2039 3110 2228 3164 Adam

576 3174 963 3261 corporeliter
980 3174 1195 3261 jussus
1222 3177 1414 3261 fuerat
1435 3174 1667 3261 operari
1679 3184 1871 3261 ._Na_m
1890 3174 1935 3261 sti
1966 3181 2231 3261 encaenia

577 3245 1450 3321 celebrabanturJerosolymis,
1468 3245 1651 3319 idest,
1675 3251 2065 3307 dedicationis
2088 3259 2227 3307 tem-

576 3316 659 3443 Eli
714 3318 813 3399 Dei
845 3318 1137 3387 agebatur
1194 3316 1511 3403 festivitas;
1545 3316 1770 3394 quanto
1799 3324 2023 3405 magis
2046 3323 2231 3392 ipsius

620 3404 837 3443 ominis
875 3390 1273 3443 celebrandus
1306 3392 1518 3443 natalis
1569 3398 1675 3443 est-
1708 3410 1810 3443 mn
1868 3410 2058 3443 magis
2090 3399 2231 3443 tem-

620 3389 837 3466 omineis
862 3390 1273 3466 celebrandas
1306 3392 1518 3466 natalis
1564 3389 1675 3466 est,
1708 3395 1811 3466 qui
1867 3389 2231 3463 m'agis'tem-

579 3459 746 3534 plum
776 3462 993 3534 Deiest
1022 3478 1034 3526 ;
1069 3463 1247 3531 cujus
1278 3465 1481 3527 etiam,
1514 3464 1589 3520 ad
1617 3459 1917 3534 agendum
1954 3459 2069 3520 Deo
2100 3481 2233 3533 gra-

577 3531 708 3604 tias,
735 3533 1015 3587 manibus
1048 3534 1335 3604 templum
1363 3542 1449 3591 est
1492 3531 1872 3592 fabricatum.
1908 3531 2231 3591 Melius—est

579 3602 1068 3679 enimtemplum,
1094 3602 1309 3677 corpus
1338 3612 1642 3679 nostrum:
1674 3608 1817 3679 quia
1838 3608 1950 3663 hoc
1978 3608 2073 3662 Dei
2093 3624 2232 3678 ope-

582 3688 664 3743 re,
698 3674 843 3728 illud
875 3691 1014 3729 vero
1053 3674 1321 3732 humano
1351 3677 1555 3733 labore
1583 3674 1985 3734 constructum
2014 3686 2102 3733 est
2130 3674 2150 3743 ς’
2177 3684 2232 3733 et

580 3742 695 3799 hoc
725 3747 840 3824 sub
860 3750 1369 3824 _spe_a3te_rnitatis
1401 3753 1505 3813 est,
1543 3749 1685 3804 illud
1720 3751 2087 3824 perditionis.
2122 3742 2229 3805 Ita-

580 3830 697 3895 que
719 3818 821 3885 qui
846 3820 973 3895 Deo
1004 3818 1345 3895 instituente
1372 3827 1578 3876 natum
1623 3838 1685 3877 se
1720 3818 1996 3895 novit,_ut
2022 3822 2231 3895 etgra-

583 3889 695 3964 tias
722 3892 880 3965 agat,
901 3889 1206 3965 cognitum
1236 3890 1467 3965 habens
1500 3894 1849 3965 mysterium
1875 3893 2027 3963 ejus,
2056 3889 2233 3947 debet

584 3956 643 4036 in
671 3956 856 4036 natali
892 3974 1001 4012 suo
1029 3961 1319 4036 gaudere,
1354 3956 1580 4036 videns'
1598 3956 1925 4036 profectum
1954 3956 2101 4036 esse
2128 3980 2231 4019 na-

581 4030 821 4103 tivitatis
855 4044 999 4083 suae.
1029 4031 1175 4084 Vere
1203 4037 1401 4087 autem
1427 4033 1503 4087 illi
1537 4030 1702 4089 nasci
1728 4050 1848 4089 non
1871 4035 2225 4103 debuerunt,

579 4097 681 4178 qui
736 4099 1068 4178 Creatorem
1107 4118 1298 4178 suum
1329 4103 1748 4178 relinquentes,
1808 4104 2063 4174 gloriam
2098 4097 2228 4177 ejus

580 4168 708 4223 aliis
747 4169 1071 4246 deputant:
1107 4173 1316 4229 horum
1351 4168 1517 4230 enini
1566 4168 1841 4231 nativitas
1873 4168 2229 4246 proﬁcit'ad

621 4256 822 4297 mnam
850 4258 862 4296 :
891 4244 997 4297 sed
1019 4259 1140 4299 non
1161 4246 1440 4301 nativitas
1470 4246 1691 4302 crimen
1714 4244 1976 4311 incurrit,
2004 4249 2107 4303 sed
2134 4264 2230 4304 vo-

604 4316 795 4388 untas.
823 4314 935 4369 Sed
958 4316 1093 4388 quis
1116 4332 1180 4371 es
1210 4323 1290 4380 tu,
1320 4320 1423 4388 qui
1447 4319 1684 4388 nuptias
1710 4318 1986 4387 prohibes
2007 4319 2035 4373 ?
2064 4322 2229 4375 Forte

578 4384 1021 4461 Marcion,_qnia
1043 4403 1261 4461 corpus
1284 4384 1402 4443 non
1431 4406 1465 4444 a
1489 4384 1605 4445 Deo
1638 4384 1992 4461 fabricatum
2027 4397 2225 4461 putas,

578 4454 682 4508 sed
705 4470 740 4509 a
754 4454 1033 4533 diabolo;
1057 4454 1322 4533 ani—mam
1348 4476 1487 4515 vero
1501 4476 1693 4516 errore
1709 4460 1973 4533 quodam
1991 4454 2229 4533 lapsum

577 4539 841 4594 passam,
874 4532 936 4582 ut
960 4528 1036 4583 ad
1066 4530 1443 4585 tenebrarum
1534 4538 1711 4596 artes,
1740 4532 1798 4587 in
1821 4528 2231 4605 quibus'nunc

580 4596 841 4651 mundus
864 4604 971 4657 est.
988 4600 1229 4657 veniret.
1256 4548 1568 4657 contendis
1607 4605 1921 4657 Ouomodo
1941 4619 2080 4657 ergo
2099 4621 2231 4657 nos-

580 4596 841 4676 mundus
859 4604 971 4676 est,
988 4600 1229 4676 veniret,
1256 4596 1568 4676 contendis
1607 4596 1921 4669 Quomodo
1941 4619 2080 4674 ergo
2099 4621 2231 4674 pos-

577 4670 667 4746 set
693 4666 830 4721 hinc
857 4668 1112 4746 liberari,
1146 4672 1195 4727 si
1232 4666 1645 4746 prohiberetur
1676 4676 1945 4745 generari
1977 4666 2229 4730 ?VNatus

575 4742 735 4816 enim
754 4742 1081 4816 cognovisti
1100 4759 1308 4816 casum
1325 4750 1512 4808 tuum,
1533 4750 1589 4800 et
1610 4742 1753 4801 data
1775 4762 1960 4816 opera
1978 4747 2035 4801 id
2055 4747 2228 4815 egisti

575 4811 638 4888 nt
667 4822 959 4888 remeares
973 4813 1048 4888 ad
1071 4815 1323 4883 patriam
1348 4818 1371 4888 ‘7
1388 4817 1615 4880 sedem,
1645 4811 1907 4872 redditus
1930 4818 2068 4873 sorti
2095 4811 2224 4873 tuae.

573 4878 836 4962 Denique
850 4878 1261 4953 gratias'agere
1278 4892 1329 4941 te
1341 4887 1488 4942 dicis
1505 4878 2057 4962 Chri_sto,perquem
2071 4890 2227 4962 hanc

571 4957 967 5029 cognitionem
998 4962 1340 5013 assecutum
1372 4964 1424 5013 te
1451 4957 1789 5027 gratularis.
1822 4957 1941 5027 Age
1991 4976 2150 5029 vero,
2179 4961 2225 5015 si

569 5028 744 5112 patn‘s
773 5040 1093 5112 non_esses,
1115 5035 1369 5109 cessaret
1392 5029 1673 5112 cognitio,
1700 5045 2226 5112 necprosequere-

568 5094 973 5176 turiiberatio.
991 5098 1195 5176 Itaque
1218 5099 1265 5153 si
1282 5094 1509 5176 gaudes
1526 5101 1792 5176 animam
1810 5094 2065 5176 liberari,
2093 5103 2223 5159 fave

566 5168 855 5245 nativitati
888 5184 898 5223 :
934 5184 1077 5245 nam
1098 5168 1179 5245 isi
1206 5171 1511 5245 nativitati
1560 5172 1801 5238 resistis,
1858 5173 2133 5228 inimicus
2161 5190 2223 5229 es

563 5241 924 5316 animarum.
950 5241 1135 5316 Aut_si
1167 5243 1517 5298 Manichaaus
1540 5260 1620 5306 es,
1654 5245 1757 5315 qui
1790 5246 2026 5315 nuptias
2047 5246 2221 5316 quasi

563 5310 891 5386 contrarias
924 5312 1141 5377 renuis,
1188 5328 1455 5386 quaeroa
1485 5320 1561 5386 te,
1607 5316 1654 5369 si
1676 5310 1940 5386 corpora
1973 5310 2219 5372 minime

561 5384 965 5453 gignerentur,
988 5384 1295 5453 quomodo
1324 5385 1529 5441 anima
1551 5385 1710 5452 hinc,
1728 5384 1913 5453 quam
1944 5386 2140 5444 fusam
2164 5390 2216 5441 in

562 5403 965 5447 gignerentur,
988 5403 1295 5453 quomouo
1324 5403 1529 5441 anima
1551 5403 1710 5452 nine,
1778 5404 1913 5441 unm
1944 5403 2140 5444 [usam
2164 5404 2215 5441 in

562 5449 935 5527 tenebrarum
959 5458 1188 5524 partem
1221 5460 1276 5509 et
1308 5456 1631 5513 haerentem
1663 5403 1878 5527 hyciicis
1910 5459 2088 5514 rebus
2118 5476 2215 5515 as-

560 5524 726 5587 seris,
760 5524 1084 5594 eriperetur
1105 5528 1133 5582 ?
1178 5527 1487 5585 Nascendo
1518 5529 1676 5585 enim
1706 5524 1945 5586 liberari
1972 5547 2106 5586 eam
2155 5531 2215 5586 in

624 5670 637 5701 ι
669 5667 772 5721 Ms.
810 5670 1163 5732 Colbertinus,
1191 5677 1465 5738 patricam.

1610 137 2075 207 QUJESTIONES
2118 136 2208 192 EX
2249 134 2587 204 UTROQUE
2625 134 2915 191 ΜΙΧἹῚΜ.

3771 146 3870 205 238%

2330 260 2496 341 libris
2518 259 2734 341 vestris
2767 258 3079 341 scriptum.
3100 256 3457 341 habetishut
3484 274 3516 315 a
3536 259 3659 341 lena
3690 282 3870 341 suscep.

2329 338 2401 387 tas
2431 331 2650 409 animae
2675 329 3024 409 etexeuntes
3045 329 3119 383 de
3145 329 3482 409 corporibus
3502 331 3596 409 soli
3616 329 3872 409 tradantur,

2328 420 2508 474 quem
2542 402 2729 457 Deum
2759 406 3095 474 vestrarum
3128 400 3406 474 asseritis
3432 403 3744 474 animarum.
3771 400 3875 467 Nam}

2329 471 2630 546 gaudetis,
2657 490 2802 546 cum
2838 471 3143 528 Manichtei
3181 473 3487 546 voca_mini.
3518 473 3613 529 Per
3638 476 3731 533 hoc
3764 484 3875 539 enim

2332 542 2551 600 nomen
2580 544 2989 619 liberationem
3023 549 3283 619 vestram
3312 542 3574 619 ﬂagitatis
3606 564 3615 601 :
3644 551 3775 619 quod
3800 556 3877 609 uti-

2330 632 2446 743 gue
2473 614 2935 696 nesciretis,_nisi
2954 616 3074 671 nati
3102 615 3329 695 essetis.
3357 617 3539 741 Longe
3559 614 3727 690 itaque
3748 637 3881 696 appa-

2363 694 2417 742 et
2445 703 2548 743 ner
2574 688 2940 743 hvnocrrsnm
2966 702 3076 740 vos
3100 692 3340 743 nuntias
3360 701 3465 741 con
3510 704 3734 743 emnare.
3755 694 3881 743 Sanc-

2363 686 2417 742 et
2444 703 2548 758 per
2574 687 2940 758 hypocrisim
2966 702 3076 758 ves
3100 686 3340 758 nuptias
3360 686 3734 745 condemnare.
3755 686 3883 750 Sanc-

2333 756 2833 813 timoniam'enim
2888 756 3252 828 proﬁtentes,
3286 756 3525 813 latenter
3573 761 3881 822 immunditia

2333 830 2579 885 studetis
2603 847 2616 891 ;
2639 829 2803 901 quod
2836 844 2955 901 non
2988 828 3184 884 solum
3208 828 3882 899 privatumsedetiamedic-

2336 902 2406 956 tis
2426 899 2727 972 proditum
2746 899 3303 972 estimperatorum.
3322 901 3470 972 Audi
3484 904 3881 971 nunc.calholice.

2336 978 2391 1027 et
2420 971 2492 1027 ex
2518 971 2867 1042 Evangelieo
2881 971 3045 1027 disce
3060 973 3101 1037 ι,
3121 971 3409 1042 prodesse
3433 971 3669 1027 hominis
3683 976 3885 1033 nativita-

2330 1048 2477 1100 tem.
2509 1042 2658 1098 Cum
2684 1042 2925 1098 Simeon
2973 1043 3133 1098 enim
3175 1043 3262 1097 vir
3285 1044 3479 1103 justus
3515 1044 3670 1100 vellet
3700 1048 3820 1101 exire
3838 1049 3887 1103 de

2339 1115 2579 1195 saeculo,
2595 1113 2865 1195 sutiicere
2889 1113 3001 1195 sibi
3017 1120 3237 1195 putans
3259 1113 3543 1194 Creatoris
3567 1116 3675 1170 sine
3693 1120 3887 1195 mysterii

2338 1187 2465 1257 ejus
2496 1186 2833 1257 cognitione
2864 1184 3156 1245 notitiam.
3174 1200 3293 1257 non
3317 1184 3653 1256 permissum
3670 1184 3889 1243 est'einisi

2336 1256 2771 1329 incrementum
2800 1257 3017 1312 faceret
3037 1257 3097 1312 in
3126 1256 3225 1329 Dei
3247 1257 3627 1329 perceptione,
3642 1263 3694 1313 ut
3714 1258 3890 1329 plenam

2339 1328 2585 1384 haberet
2617 1320 2755 1382 fidei
2782 1344 2905 1383 suae
2938 1320 3292 1383 mercedem.
3328 1320 3581 1398 Denique
3611 1320 3784 1384 natum
3808 1331 3891 1387 Sal-

2342 1405 2605 1454 vatorem
2634 1400 2932 1469 accipiens
2961 1399 3018 1453 in
3056 1399 3336 1454 manibus
3365 1397 3649 1454 benedixit
3674 1399 3838 1463 Deum,
3857 1409 3894 1455 et

2338 1470 2484 1525 dixit
2509 1487 2521 1525 :
2554 1470 2800 1535 Domine,
2832 1484 2973 1525 nunc
2995 1470 3233 1525 dimittis
3261 1487 3471 1524 servum
3500 1477 3655 1533 tuum,
3682 1472 3893 1526 secundum

2340 1542 2560 1596 verbum
2588 1550 2738 1597 tuum
2766 1542 2824 1595 in
2838 1558 2995 1611 pace;
3022 1544 3156 1612 qnt'a
3186 1541 3439 1596 viderunt
3467 1541 3599 1596 oculi
3616 1542 3707 1597 mei
3722 1542 3895 1597 salutare

2342 1620 2490 1667 tuum
2522 1613 2679 1677 (Luc.
2710 1631 2768 1680 ιι,
2815 1604 2905 1677 ἱθ,
2937 1604 3051 1682 30>Ῐ
3074 1604 3386 1669 Manifesta
3438 1619 3714 1668 ostensum
3741 1621 3808 1668 est
3836 1615 3899 1668 Dei

2343 1684 2699 1739 beneﬁcium
2722 1700 2858 1739 esse
2885 1684 2945 1739 in
2965 1684 3564 1751 hominisnativitate,
3587 1684 3795 1755 quando
3812 1685 3899 1738 viro

2337 1756 2497 1826 justo
2528 1754 2601 1811 de
2636 1762 2820 1810 morte
2846 1756 3129 1824 cogitanti
3163 1766 3517 1827 responsum
3542 1754 3623 1827 est
3662 1756 3795 1827 quod
3819 1770 3905 1810 non

2343 1825 2479 1882 ante
2512 1834 2859 1893 moreretur,
2893 1843 3086 1898 quam
3111 1825 3413 1898 Christum
3440 1825 3900 1898 Domini'vidisset:

2343 1898 2413 1979 in.
2439 1902 2670 1978 tantum
2696 1899 2862 1979 enim
2876 1896 3233 1979 proﬁciebat
3260 1898 3485 1979 invita,
3510 1897 3774 1979 utdignus
3789 1896 3906 1979 ﬁeret

2342 1970 2519 2025 etiam
2538 1970 2592 2024 in
2614 1968 2900 2040 preesenti
2912 1968 3109 2024 videre
3130 1968 3908 2040 quemliberatoremsperabat

2343 2046 2478 2111 post
2512 2047 2783 2096 mortem.
2820 2041 2928 2106 Qui
2959 2055 3101 2109 ergo
3129 2044 3467 2111 reservatus
3498 2040 3556 2095 in
3577 2040 3685 2094 vita
3698 2046 3800 2111 non
3818 2054 3907 2111 per-

2345 2109 2563 2166 missus
2596 2116 2687 2166 est
2717 2112 2889 2182 mori,
2919 2112 3032 2166 nisi
3059 2112 3186 2181 spei
3213 2128 3337 2167 sua:
3359 2109 3609 2166 fructum
3628 2109 3844 2175 vidisset,
3860 2114 3907 2163 ut

2343 2199 2587 2238 securus
2614 2187 2769 2238 esset
2792 2184 2937 2251 quia
2960 2182 3035 2237 de
3065 2183 3186 2238 vita
3215 2182 3292 2239 ad
3324 2183 3504 2238 vitam
3522 2182 3789 2247 transiret;
3808 2197 3908 2251 quo-

2344 2200 2587 2238 securus
2614 2200 2769 2238 esset
2838 2200 2937 2238 uia
2960 2200 3035 2237 ae
3065 2200 3186 2238 vua
3215 2200 3292 2239 aa
3324 2200 3504 2238 vuam
3522 2200 3789 2247 transiret;
3808 2200 3905 2251 quo-

2344 2253 2526 2309 modo
2555 2260 2745 2324 potest
2792 2200 2909 2310 dici
2940 2269 3060 2310 non
3087 2254 3226 2309 huic
3252 2252 3547 2325 profuisse
3578 2254 3816 2325 nativitas
3826 2252 3852 2325 _?
3870 2252 3905 2306 Si

2342 2325 2501 2380 enim
2526 2396 2529 2397 γ
2556 2321 2784 2380 malum
2815 2331 2901 2381 est
2942 2325 3105 2397 quod
3137 2321 3466 2393 nascimur,
3507 2340 3621 2381 non
3666 2321 3907 2397 paradisus

2342 2396 2799 2467 promitteretur,
2834 2392 3102 2452 non'vita
3130 2401 3377 2461 aeterna,
3398 2392 3518 2451 nOn
3546 2392 3771 2467 regnum
3790 2392 3907 2467 cule-

2341 2463 2496 2533 rum,
2530 2468 2632 2523 sed
2666 2463 2844 2539 poena
2870 2473 2926 2523 et
2950 2467 3239 2537 gehennae
3264 2467 3545 2539 perditio,
3567 2463 3632 2522 ut
3651 2466 3837 2539 timeret
3855 2463 3909 2517 al-

2341 2545 2533 2595 terum
2548 2537 2854 2610 generare,
2870 2540 2970 2607 qui
2984 2556 3044 2595 se
3058 2540 3232 2595 sciret
3245 2537 3458 2594 natum
3477 2537 3553 2594 ad
3568 2538 3907 2610 perditionem;

2345 2616 2405 2665 ut
2434 2610 2527 2665 ille
2553 2608 2656 2681 qui
2685 2626 2745 2665 se
2764 2610 2959 2665 illicite
2976 2616 3185 2666 natum
3209 2611 3405 2676 sciret,
3430 2625 3547 2666 non
3570 2608 3828 2681 affectarat
3846 2620 3909 2673 ge

2342 2678 2699 2738 nerarefSed
2714 2684 2861 2737 forte
2886 2681 3145 2753 dicatur;
3168 2680 3685 2753 Regnumquidem
3697 2678 3910 2753 calonum

2342 2753 2706 2827 promissum
2722 2758 2828 2819 est,
2845 2753 2949 2809 sed
2967 2752 3246 2827 ﬁdelibus
3260 2750 3803 2827 etbeneagentibus.
3817 2750 3913 2827 Rec-

2342 2823 2413 2880 te.
2450 2824 2623 2897 Vides
2654 2824 2864 2897 itaque
2881 2839 3001 2880 non
3038 2824 3177 2897 ideo
3207 2840 3340 2880 reos
3371 2824 3496 2897 ﬁeri
3527 2823 3794 2884 homines,
3815 2823 3914 2897 quia

2340 2896 2461 2951 nati
2476 2900 2633 2961 sunt,
2649 2896 2751 2950 sed
2765 2895 2910 2967 quia
2936 2895 3089 2950 male
3108 2896 3436 2951 conversati
3453 2900 3607 2951 sunt.
3622 2895 3913 2965 Nequeenim

2340 2982 2462 3039 non
2494 2967 2648 3039 natis
2681 2966 3045 3039 promissum
3079 2972 3165 3022 est
3194 2983 3450 3039 regnum
3482 2967 3763 3032 caelorum,
3783 2967 3915 3039 _utna~

2344 3037 2553 3093 tivitati
2574 3034 2889 3113 imputent,
2922 3037 3144 3109 quibus
3177 3034 3297 3113 non
3324 3038 3603 3095 dabitur:
3626 3034 3915 3113 promiss'nm

2339 3114 2427 3165 est
2454 3108 2835 3182 autemJnatis
2866 3108 3014 3182 bene
3044 3108 3381 3181 agentibus,
3410 3116 3472 3167 ut
3502 3108 3684 3182 neque
3706 3108 3917 3182 nativitati

2339 3182 2522 3254 prosit
2537 3179 2707 3254 ~male
2734 3181 2952 3254 agenti,
2969 3179 3163 3254 neque
3179 3182 3394 3254 obesse
3417 3179 3915 3254 possitbeneagenti.

2338 3250 2383 3306 Ἀ
2416 3252 2689 3307 fidelibus
2718 3252 2877 3307 enim
2909 3258 2964 3307 et
2992 3250 3145 3308 bene
3175 3250 3500 3322 agentibus
3531 3250 3833 3322 melioratur
3848 3260 3919 3322 na-

2339 3323 2539 3405 tivitas
2561 3342 2575 3405 _:
2610 3323 2689 3379 ab
2710 3322 3051 3405 inﬁdelibus
3079 3316 3278 3405 autem
3296 3329 3362 3405 .et
3389 3324 3543 3380 male
3567 3316 3921 3405 agentibusde-

2340 3397 2673 3469 terioratur.
2708 3395 2798 3451 Sic
2820 3394 2982 3469 enim
3013 3401 3100 3451 est
3129 3394 3432 3469 nativitas,
3457 3392 3628 3469 quasi
3654 3392 3805 3469 arbnr
3822 3402 3916 3469 qne

2340 3466 2800 3537 inseritur;quia
2832 3467 2877 3520 si
2900 3466 3061 3522 bono
3091 3469 3330 3537 surculo
3364 3457 3921 3537 inseritur,meliorfiel

2339 3543 2395 3591 et
2423 3536 2581 3592 bona
2608 3530 2835 3592 dicetur
2858 3555 2871 3603 ;
2892 3538 2939 3592 si
2960 3552 3094 3593 vero
3117 3536 3277 3593 malo
3301 3538 3544 3593 surculo
3564 3530 3837 3593 inseratur,
3854 3530 3921 3583 de-

2340 3608 2515 3663 terior
2543 3608 2671 3676 erit,
2703 3615 2757 3663 et
2786 3602 2906 3663 nun
2937 3608 3119 3674 bona,
3147 3610 3254 3664 sed
3281 3609 3446 3665 mala
3478 3608 3776 3664 vocabitur.
3800 3604 3861 3676 Ite
3879 3602 3919 3652 et

2338 3679 2628 3734 nativitati
2652 3671 2695 3733 si
2720 3678 2882 3735 bona
2907 3671 3459 3748 accedatdoctrina,
3484 3671 3921 3748 bonosfacietiru~

2339 3757 2504 3814 ctus;
2542 3750 2588 3805 si
2619 3756 2820 3805 autem
2855 3750 3033 3815 mala,
3069 3751 3259 3807 malos
3307 3747 3487 3808 faciet
3516 3751 3746 3809 fructus.
3774 3747 3921 3821 Itaque

2339 3821 2488 3898 sicut
2520 3822 2857 3898 necessaria
2883 3828 2970 3877 est
2998 3823 3192 3898 arbor,
3224 3828 3285 3878 ut
3314 3824 3394 3879 sit
3426 3823 3527 3898 ubi
3556 3823 3815 3898 inseratur
3833 3831 3853 3898 ;_
3867 3818 3922 3866 ila

2338 3896 2516 3947 etiam
2540 3895 2875 3948 necessaria
2897 3898 2983 3948 est
3008 3893 3303 3960 nativitas,
3325 3900 3394 3949 ut
3420 3895 3497 3949 sit
3516 3893 3615 3949 ubi
3632 3891 3922 3964 proﬁciatur.

2337 3964 2451 4019 Sed
2480 3964 2872 4035 respondetur
2892 3980 2922 4017 θ
2950 3969 3185 4021 contra:
3203 3966 3259 4020 Si
3286 3966 3453 4021 utilis
3474 3970 3561 4019 est
3584 3964 3924 4021 nativitas,cur

2337 4034 2748 4091 renascimur?
2777 4038 2901 4090 Non
2932 4051 3383 4093 renasceremur
3401 4036 3519 4093 nisi
3543 4034 3689 4092 utilis
3708 4034 3835 4088 esset
3853 4040 3924 4081 na-

2336 4106 2553 4179 tivitas.
2588 4107 2838 4162 Reuasci
2866 4108 3027 4162 enim
3056 4110 3333 4164 renovari
3355 4114 3466 4174 est,
3496 4113 3549 4162 et
3575 4108 3671 4179 qui
3694 4112 3923 4179 renoyjﬁﬂ-

2340 4184 2453 4241 tur,
2486 4178 2915 4249 instaurantur.
2946 4181 3078 4249 Non
3114 4194 3258 4249 ergo
3291 4170 3540 4235 accusat
3569 4170 3924 4249 renascibilitas

2339 4248 2730 4322 nativitatem,
2751 4250 2850 4322 sed
2869 4248 3151 4322 reformat
3167 4243 3249 4307 {et
3267 4250 3437 4322 quod
3457 4250 3807 4322 reformatur,
3818 4243 3924 4315 bene

2339 4320 2416 4376 ab
2444 4320 2609 4375 initio
2640 4321 2973 4393 institutum
2999 4319 3304 4391 probatur:
3331 4322 3523 4392 Igitur
3545 4319 3703 4393 quod
3731 4326 3925 4373 renasci-

2340 4407 2496 4455 mur,
2511 4391 2756 4466 consilio
2786 4399 3107 4466 mutamur,
3123 4391 3392 4466 corporis
3415 4391 3738 4466 expiatione
3749 4395 3925 4466 percePf

2340 4468 2418 4527 ta,
2456 4469 2517 4517 ut
2538 4461 2862 4518 reddamur
2884 4463 2960 4518 ad
2986 4461 3306 4532 pristinum
3334 4461 3562 4520 statum
3588 4465 3737 4518 Adae.
3760 4461 3927 4513 Anime

2339 4540 2549 4607 autem,
2564 4541 2804 4604 peccato
2822 4535 3185 4607 maculatum
3210 4541 3561 4607 estcorpus,
3580 4549 3695 4607 quo
3714 4532 3925 4607 reparat?

2338 4611 2393 4660 et
2422 4597 2727 4661 meliorato
2759 4622 2863 4676 per
2892 4604 3093 4672 ﬁdem,
3127 4606 3382 4663 consilio
3427 4597 3715 4663 abluitur:
3748 4597 3925 4676 utsicul

2338 4692 2444 4749 per
2474 4668 2882 4749 contemptum
2914 4676 3011 4731 Dei
3038 4668 3229 4749 fuerat
3260 4677 3584 4749 pollutum,
3614 4678 3689 4749 ita
3715 4687 3805 4749 per
3828 4668 3926 4749 ebe-

2338 4744 2624 4801 dientiam
2656 4744 2952 4812 abluatur,
3006 4753 3069 4804 ut
3114 4744 3361 4818 effugiat
3408 4744 3750 4818 sententiam
3776 4744 3924 4818 datae}

2336 4818 2498 4883 Adae,
2528 4823 2588 4902 et
2614 4819 2802 4887 possit
2824 4810 3145 4902 resurgere.
3174 4810 3375 4902 ltavque
3404 4819 3458 4875 si
3486 4819 3565 4875 ab
3588 4817 3776 4902 anima
3800 4810 3924 4902 egregi}

2337 4895 2672 4960 peccatum,
2697 4905 2801 4945 cur
2832 4897 3047 4962 natura
3066 4892 3333 4962 corporis
3352 4894 3701 4948 accusatur”
3724 4906 3736 4953 ;
3758 4892 3921 4962 cum'm

2338 4949 2521 5016 causa
2547 4949 2926 5034 peccatiAdae
2947 4978 3063 5018 non
3077 4949 3253 5018 fuerit
3273 4962 3640 5018 desiderium
3662 4949 3918 5034 οοὲρφΐξλθε

2336 5034 2438 5086 sed
2470 5023 2575 5102 spe
2605 5031 2842 5087 deitatis
2875 5032 3065 5089 illecta
3111 5035 3316 5091 anima
3362 5039 3729 5103 transgressa
3759 5023 3832 5081 "sit
3856 5023 3919 5103 De!

2337 5098 2719 5174 praeceptum.
2775 5109 2835 5176 ut
2867 5119 3081 5175 corpus
3115 5122 3296 5161 suum
3342 5098 3915 5176 subjugaretpeccetof

2333 5164 2389 5249 et
2400 5164 2586 5249 hasce
2595 5189 2693 5228 ren
2704 5164 2793 5249 tur
2806 5164 3081 5249 homines
3100 5176 3213 5232 sub
3241 5164 3491 5249 peccato
3504 5164 3916 5249 found-519ml?

2332 5245 2487 5317 nihil
2514 5245 2686 5301 obest
2712 5246 2961 5315 homini,
2994 5249 3040 5304 si
3069 5243 3267 5304 tamen
3298 5248 3415 5317 legi
3451 5246 3550 5303 Dei
3580 5243 3811 5317 obediat,
3838 5247 3912 5317 ιξιξξ

2330 5316 2496 5385 quod
2552 5318 2801 5374 moritur
2830 5335 2842 5371 ι
2877 5306 2968 5374 cui
3000 5320 3081 5374 rei
3115 5306 3534 5375 benevoliantia
3588 5316 3680 5372 Dei
3708 5306 3914 5385 promis”

2331 5375 2681 5461 mercedem,
2694 5394 2753 5444 ut
2766 5391 3051 5461 quoniam
3066 5390 3125 5445 in
3141 5389 3440 5446 Creatoris
3459 5375 3911 5461 devotionetideles

2328 5455 2733 5528 inveniuntur,
2765 5455 2869 5530 per
2900 5462 3453 5532 praevaricationem
3477 5466 3672 5517 autem
3693 5455 3807 5512 Ade
3824 5460 3910 5503 cor-

2388 5560 2402 5590 ¹
2435 5557 2529 5607 Ms.
2563 5557 2917 5614 Colbertinus,
2952 5563 3093 5610 teste.

2327 5619 2640 5733 angustans.
2676 5620 3033 5673 Colbertinus.
3071 5624 3138 5671 At
3162 5621 3288 5672 editi
3314 5635 3324 5671 :
3352 5636 3449 5672 cur
3472 5635 3577 5671 non
3605 5623 3637 5669 ά
3659 5625 3835 5679 ωτροη
3857 5621 3906 5655 ⁸⁸⁵
