4158 6204
244 172 388 229 2393

240 297 546 371 cruciatus
583 314 917 371 poenasque
948 300 1297 365 subeamus,
1333 300 1382 356 si
1413 302 1666 356 mortem
1698 300 1895 371 ipsam

246 369 457 444 _virtute
489 369 728 441 spiritus
757 369 1237 444 contemnamus.
1272 372 1385 426 lllis
1436 369 1738 426 nimirum'
1763 373 1897 444 qui-

238 439 378 513 bus
400 439 579 496 omne
607 443 766 513 quod
810 444 1048 511 geritur.
1086 460 1299 498 sensus
1332 444 1438 497 iste
1486 444 1756 498 mortalis
1784 439 1896 499 nec

238 510 419 584 iaude
447 529 555 567 nec
583 510 1012 584 vituperatione
1039 514 1287 582 dignum
1305 530 1432 569 esse
1446 517 1759 584 persuasit.
1789 519 1896 570 No-

237 581 556 660 lunt'enim
578 583 652 638 ad
684 581 871 660 Deum
895 581 1368 660 horumﬁaliquid
1395 581 1709 660 pertinere.
1744 589 1894 641 Non-

238 652 384 729 nulli
430 655 844 729 adeoscelera
887 671 996 729 sua
1036 652 1421 729 criminaque
1452 657 1767 712 defendere
1798 674 1896 713 cu-

240 724 505 805 pientes,
531 725 699 791 Nihil,
756 727 1052 805 inquiunt,
1090 724 1351 805 prodest,
1410 728 1563 782 bene
1602 745 1678 784 an
1742 729 1895 805 male

239 798 430 851 vivas.
464 798 663 867 Neque
682 798 841 852 enim
873 798 984 853 ista
1014 814 1174 853 nunc
1202 799 1317 854 Deo
1339 815 1483 855 cura
1508 806 1613 864 est,
1648 804 1709 854 ut
1742 806 1794 855 te
1813 802 1897 854 di-

242 881 422 942 versa
462 883 570 942 pro
626 868 1173 942 institutoproprio
1207 872 1538 942 morboque
1593 877 1895 939 gerentem

242 937 486 1013 sollicite
528 938 759 1013 festinet
787 937 1071 1010 aspicere,
1102 948 1156 995 et
1204 941 1375 996 foedis
1418 937 1746 1013 aliquando
1780 944 1895 998 luis

240 1009 473 1084 actibus
503 1009 709 1084 oculos
730 1009 1111 1084 permiscere.
1144 1014 1307 1068 Vana
1337 1018 1474 1069 sunt
1505 1009 1728 1083 omnia,
1759 1030 1895 1084 quas

243 1086 305 1156 ut
337 1080 568 1135 libitum
595 1080 769 1136 fuerit
802 1082 1178 1138 celebrantur
1207 1102 1219 1141 :
1257 1085 1305 1156 is
1328 1085 1429 1155 qui
1455 1085 1529 1140 ad
1557 1080 1741 1140 Deum
1767 1080 1896 1156 per-

242 1153 407 1217 tinet,
442 1160 703 1207 secretus
721 1158 809 1208 est
837 1159 894 1209 et
921 1162 1187 1210 remotus
1219 1155 1296 1210 ab
1321 1153 1446 1209 istis
1478 1156 1657 1211 rebus
1686 1153 1896 1211 huma-

241 1224 358 1292 nis,
392 1229 448 1278 et
479 1224 615 1278 ideo
648 1240 756 1279 nec
794 1225 1080 1291 irascitur,
1116 1241 1224 1281 nec
1270 1232 1540 1281 movetur
1572 1244 1585 1291 ;
1616 1226 1778 1282 nulla
1816 1227 1896 1282 illi

240 1293 651 1350 humanarum
680 1311 899 1361 rerum,
935 1296 1096 1352 nulla
1123 1300 1304 1353 nostri
1329 1306 1496 1353 actus
1518 1303 1604 1353 est
1635 1304 1896 1353 contem-

243 1366 427 1450 platio
456 1381 470 1431 ;
498 1372 651 1450 totus
678 1368 850 1450 rota_ti
872 1368 1069 1450 saeculi
1094 1385 1323 1450 cursus,
1343 1375 1401 1450 _et
1425 1370 1708 1450 quaedam
1728 1385 1896 1450 mun-

242 1437 388 1511 dani
431 1436 593 1493 orbis
624 1438 1060 1511 inexplicabilis
1110 1442 1416 1506 volutatio,
1444 1436 1524 1495 ita
1554 1446 1893 1511 correptum

246 1508 398 1579 rapit
422 1508 773 1584 et_projicit,
795 1517 854 1565 ut
886 1512 1095 1565 stultus
1124 1512 1698 1584 credaturﬁquisquis
1725 1508 1786 1566 se
1816 1514 1893 1567 ad

246 1529 398 1579 rapit
422 1529 476 1563 et
508 1529 758 1579 prejicu,
795 1529 854 1565 Ut
886 1529 1095 1565 SlUllllS
1124 1529 1399 1567 credatur
1414 1529 1698 1636 1quisquis
1725 1529 1786 1566 se
1816 1529 1893 1567 aa

243 1595 451 1653 curam
486 1581 582 1634 Dei
608 1596 888 1653 revocare
917 1598 1099 1651 posse
1130 1588 1380 1652 putaret.
1465 1599 1530 1637 ec
1563 1589 1897 1653 martyrum

245 1650 493 1722 quidem
526 1651 868 1725 probandus
899 1650 989 1707 est
1038 1650 1292 1718 animus,
1321 1654 1425 1725 qui
1478 1655 1659 1709 Deum
1692 1650 1893 1718 suum,

246 1737 431 1795 quem
482 1722 925 1795 misericordem
973 1740 1104 1779 esse
1154 1722 1563 1795 pronuntiant,
1608 1726 1897 1781 eﬂusione

248 1793 341 1873 sui
375 1793 1503 1873 sanguinis-aestimanttlele'ctari:_Nihil
1532 1797 1609 1873 illi
1646 1798 1895 1852 charum

247 1863 310 1917 in
344 1863 537 1927 nobis,
573 1865 717 1919 nihil
745 1874 829 1919 est
858 1866 1141 1922 odiosum
1175 1884 1188 1932 ;
1237 1867 1400 1923 nulla
1434 1869 1637 1923 mortis
1682 1874 1897 1924 nostras

245 1933 609 2007 conditione,
642 1936 804 1992 nulla
828 1938 1100 1994 sanitatis
1133 1938 1470 2007 integritate
1496 1938 1721 1994 laetatur
1752 1961 1761 2005 ;
1791 1955 1897 1994 nec

246 2005 529 2082 quiduuhi
562 2009 991 2082 geraturscire
1028 2005 1331 2082 desiderat
1364 2026 1376 2064 :
1413 2025 1531 2064 non
1567 2012 1731 2082 quod
1783 2011 1897 2065 im-

248 2075 537 2147 possibile
588 2077 661 2131 sit
693 2078 996 2153 _majestati
1026 2080 1241 2153 divinae
1293 2082 1561 2136 omnium
1587 2075 1730 2137 'fere
1761 2098 1896 2153 qua

249 2153 418 2215 gesta
445 2153 585 2228 sunt
616 2149 705 2228 vel
724 2156 1008 2228 ge_run_tur
1036 2150 1256 2228 habere
1282 2153 1571 2228 notitiam,
1603 2154 1705 2207 sed
1733 2149 1895 2224 quod

250 2233 402 2295 scire
435 2218 575 2295 nolit
608 2218 876 2295 miserias
907 2222 1221 2295 hominum
1265 2218 1678 2295 vanitatesque
1726 2218 1899 2278 mun-

246 2289 460 2344 danas.
495 2289 873 2363 Sicrdenique
905 2294 1193 2363 scriptum
1234 2300 1359 2349 est:
1405 2289 1626 2350 Vanitds
1650 2298 1894 2350 vanitan-

247 2364 385 2436 tium
431 2362 756 2436 1,_universa
786 2364 998 2436 vanitas
1028 2362 1229 2436 (Eecle.
1264 2382 1299 2427 ι,
1357 2367 1434 2432 2).
1472 2368 1736 2431 Quorum
1772 2383 1901 2421 sen-

246 2431 430 2511 tentia
456 2431 1153 2511 desperationeﬁrmata,
1183 2442 1240 2491 ut
1263 2431 1443 2492 divini
1467 2453 1678 2492 sensus
1701 2445 1897 2493 aucto-

248 2504 421 2576 ritate
449 2504 812 2569 dissolvitur,
848 2507 929 2560 sic
958 2508 1224 2576 ipsorum
1258 2524 1429 2563 sacro
1462 2524 1739 2563 sermone
1768 2511 1901 2563 vul-

247 2574 394 2644 gari,
427 2576 529 2646 qui
560 2577 857 2631 maximus
888 2574 1221 2633 habeturin
1250 2595 1384 2646 usu,
1408 2580 1778 2633 convincitur
1799 2596 1893 2634 ex-

250 2653 539 2717 pugnata.
575 2646 720 2722 Nam
773 2649 1090 2722 cum‘inter
1121 2649 1355 2719 negotia
1398 2650 1897 2722 diversorumque

250 2722 591 2792 contractus
623 2718 774 2792 ﬁdes
807 2719 1177 2792 perﬁdiaque
1206 2718 1596 2786 contendunt,
1632 2726 1692 2776 ut
1738 2718 1897 2776 testis

250 2788 532 2863 divinitas
570 2788 902 2863 adhibetur,
934 2788 1436 2863 qute'aliquando
1466 2792 1613 2861 quid
1643 2808 1895 2862 agamus

250 2859 401 2933 scire
428 2861 926 2933 negatur.iTestis
954 2859 1063 2927 est,
1083 2859 1382 2933 inquiunt,
1414 2859 1606 2918 Deus:
1633 2859 1787 2919 Deus
1818 2864 1898 2918 vi-

248 2930 409 2996 deat,
443 2932 597 2987 Deus
625 2932 874 3003 judicet,
930 2933 1088 2988 Deus
1141 2930 1336 2995 faciat,
1386 2933 1541 2988 Deus
1572 2936 1799 2990 reddat.
1835 2935 1899 2988 Et

250 3017 389 3075 cum
406 3002 485 3075 ad
506 3002 919 3060 necessitatem
937 3004 1327 3075 jurisjurandi
1348 3004 1599 3069 venitur,
1625 3010 1679 3059 et
1695 3006 1896 3074 juran-

248 3074 323 3128 tis
355 3074 592 3147 animus
645 3076 853 3147 metuit
886 3074 961 3131 ne
1005 3076 1118 3131 sibi
1150 3075 1374 3147 aliquid
1422 3074 1707 3131 obveniat
1736 3076 1897 3147 peje-

248 3146 405 3217 ranti
425 3167 437 3212 ;
457 3151 512 3201 et
535 3146 963 3217 jusjurandum
986 3148 1184 3216 exigit,
1212 3146 1269 3202 et
1293 3147 1461 3202 reddi
1488 3147 1539 3201 ei
1563 3146 1900 3216 posse’con-

248 3216 400 3282 ﬁdit,
430 3216 547 3288 qui
572 3216 683 3273 sibi
736 3218 892 3274 male
922 3218 1157 3285 iuravit.
1192 3221 1255 3274 Et
1284 3234 1421 3273 cum
1460 3220 1686 3274 sanitas
1716 3234 1895 3288 exop-

251 3292 374 3343 tata
400 3293 459 3343 et
502 3289 665 3345 bona
708 3289 984 3345 valetudo
1029 3290 1204 3345 fuerit
1233 3296 1574 3353 consecuta,
1606 3290 1899 3346 divinitati

251 3359 455 3434 gratiae
484 3360 837 3434 referuntur.
874 3364 935 3416 Et
965 3377 1104 3434 cum
1134 3360 1336 3434 aliqua
1366 3360 1669 3417 decidente
1707 3366 1899 3434 mate-

248 3430 338 3502 ria
382 3447 557 3486 casus
600 3433 910 3502 proximus
964 3432 1183 3487 illassus
1212 3430 1486 3497 evaserit,
1521 3434 1674 3488 Deus
1704 3433 1899 3487 bonus

252 3501 467 3557 dicitur
495 3501 856 3573 praestitisse.
889 3506 952 3559 Et
980 3520 1116 3559 cum
1138 3503 1387 3559 adverso
1414 3511 1722 3560 ventorum
1754 3504 1901 3558 ﬂatu

249 3573 533 3628 commoti
563 3575 818 3644 aequoris
846 3575 1058 3631 ﬂuctus
1089 3575 1422 3644 insurgunt,
1449 3582 1503 3631 et
1528 3577 1694 3631 navis
1726 3575 1900 3629 undi-

246 3659 365 3716 que
391 3660 539 3700 caesa
556 3650 896 3717 quassatur.
920 3647 1333 3715 navigantium
1364 3646 1552 3702 turbae
1579 3647 1652 3701 ad
1680 3647 1901 3701 omium

252 3732 470 3771 manus
503 3717 849 3789 extendunt,
877 3720 1056 3789 Deum
1107 3733 1251 3773 voce
1282 3717 1533 3789 supplici
1562 3717 1901 3789 deprecan-

249 3792 362 3859 tur,
388 3788 735 3859 etexaudiri
758 3805 821 3842 se
842 3794 899 3842 et
921 3788 1155 3843 liberari
1179 3788 1709 3859 posseconfidunt.
1737 3788 1901 3843 Unde

247 3858 376 3914 haec
416 3858 463 3912 si
507 3861 616 3913 Deo
657 3859 821 3915 nulla
853 3860 1036 3915 nostri
1071 3864 1157 3914 est
1184 3858 1347 3924 cura,
1381 3861 1428 3914 si
1467 3860 1613 3930 quid
1645 3874 1899 3926 agamus

244 3930 536 4012 ignorati
583 3931 780 4012 Inanis
828 3931 1269 4012 estigiturism
1315 3932 1650 4012 persuasio.
1685 3931 1900 4012 Omnia

247 3999 371 4057 Deo
395 4002 802 4071 suntcognita.
835 4001 1038 4058 Nullus
1061 4002 1174 4057 sibi
1206 4002 1280 4057 de
1312 3999 1667 4073 impunitate
1684 4002 1898 4057 comis-

246 4088 453 4127 sorum
496 4073 786 4128 scelerum
825 4074 1184 4129 blandiatur.
1226 4076 1401 4129 Bonae
1433 4072 1565 4128 vitae
1599 4073 1897 4128 maximus

243 4142 474 4216 fructns
497 4149 603 4207 est,
640 4144 812 4216 malm
844 4150 1130 4216 perpetua
1155 4161 1334 4215 paena
1355 4151 1409 4200 et
1444 4147 1645 4199 aeterni
1670 4145 1899 4199 crucia-

243 4219 361 4270 tus.
387 4215 571 4287 lgitur
594 4215 772 4271 nobis
800 4215 902 4287 qui
922 4216 1338 4287 Deumomnia
1364 4232 1540 4270 nosse
1572 4216 1894 4287 credimus,

243 4286 363 4368 qui
378 4286 593 4368 devote
625 4288 701 4341 ad
727 4286 1079 4368 martyrium
1112 4286 1487 4368 festinamus,
1516 4286 1899 4368 inaestimabi-

242 4357 315 4412 lis
336 4358 583 4429 fructus,
608 4364 897 4429 perpetua
918 4360 1036 4413 vita
1066 4358 1449 4429 praestabitur
1477 4373 1488 4411 :
1516 4358 1717 4428 impiis
1737 4374 1895 4424 vero,

241 4428 348 4499 qui
384 4431 565 4484 Deum
600 4428 853 4486 scelerat
894 4446 1025 4493 sua,
1055 4428 1496 4499 eriminumque
1537 4431 1761 4484 nescire
1793 4430 1893 4483 do-

243 4506 495 4555 cuerunt
526 4515 769 4563 arcana,
803 4502 959 4570 ignis
1000 4500 1249 4556 ﬂamma
1280 4516 1664 4563 consumens,
1700 4501 1899 4555 incen-

240 4570 533 4643 diumque
564 4588 801 4643 semper
828 4572 1176 4627 indeﬁciens
1207 4572 1652 4627 ministrabitur.

319 4645 361 4716 ll
381 4642 488 4716 _(a).
521 4673 590 4682 —
618 4642 711 4699 An
735 4644 986 4716 Spiritus
1014 4644 1117 4716 qui
1149 4659 1328 4716 super
1356 4659 1548 4716 aquas
1574 4642 1895 4716 ferebatur,

244 4713 491 4797 Spiritus
522 4719 762 4797 sanctius
790 4713 1190 4797 intelligatur;
1223 4715 1373 4797 quia
1389 4713 1751 4797 dictumuest,
1779 4714 1898 4785 Spi-

240 4785 388 4841 ritus
414 4786 640 4841 Domini
669 4785 949 4856 ferebatur
970 4803 1136 4856 super
1165 4785 1330 4856 aquas
1357 4786 1510 4856 (Gen.
1547 4804 1582 4850 ι,
1603 4787 1660 4856 2)
1689 4786 1719 4839 ‘?

315 4858 368 4929 Si
396 4856 531 4912 ideo
556 4872 590 4911 a
625 4856 993 4929 quibusdam
1046 4857 1296 4929 Spiritus
1335 4863 1581 4912 sanctus
1629 4861 1891 4927 putatur,

239 4928 386 4998 quia
415 4929 514 4983 Dei
540 4943 671 4983 esse
699 4928 941 4999 spiritus
966 4928 1197 4999 legitur.
1232 4933 1342 4983 etc.

311 4999 382 5054 III
407 4999 503 5071 (b).
534 5031 605 5041 —
626 5000 679 5055 Si
703 4998 892 5055 Adam
922 4998 1110 5055 factus
1132 5017 1166 5054 a
1196 5000 1312 5054 Deo
1334 5003 1390 5071 et
1419 4998 1742 5063 animatus,
1770 4998 1895 5071 Spi-

238 5069 426 5144 ritum
443 5069 724 5144 sanctum
756 5072 977 5144 accepit
1021 5087 1034 5137 ;
1066 5071 1210 5144 quia
1242 5070 1535 5144 scriptum,
1560 5076 1664 5144 est,
1709 5069 1895 5144 Inspi-

238 5143 387 5197 ravit
430 5142 573 5198 Deus
606 5143 667 5196 in
693 5144 883 5212 faciem
898 5141 1028 5213 _ejus
1059 5141 1323 5213 spiritum
1355 5142 1485 5197 vitae
1519 5142 1673 5211 (Gen.
1703 5154 1764 5205 Il,
1803 5141 1883 5211 7).

312 5216 439 5269 Non
470 5219 596 5269 erat
619 5214 847 5269 ordinis
880 5222 941 5269 ut
965 5216 1256 5285 acciperet
1278 5213 1558 5284 Spiritum
1577 5219 1849 5285 sanctum
1876 5227 1890 5275 ;

236 5285 383 5366 quia
407 5285 611 5367 hocin
633 5291 963 5368 ‘posterum
1002 5282 1371 5368 reservatum
1403 5288 1489 5339 est
1515 5298 1554 5364 _a
1577 5283 1729 5368 Deo,
1753 5288 1810 5337 ut
1832 5282 1891 5336 in

241 5354 589 5411 novissimis
614 5354 828 5412 diebus
857 5372 994 5411 cum
1036 5355 1386 5427 mysterium
1430 5354 1605 5409 unius
1634 5354 1730 5408 Dei
1766 5368 1895 5409 ma-

301 5474 313 5500 ¹
340 5470 505 5535 Editi,
523 5472 817 5535 _vanitatum
846 5485 861 5531 ;
894 5475 946 5521 et
970 5470 1130 5535 paulo
1166 5473 1305 5535 post,
1339 5468 1431 5535 Dei
1454 5471 1625 5529 jussus
1672 5467 1898 5535 auctori-

241 5538 359 5582 tate.
396 5535 460 5582 At
491 5533 634 5590 Mss.,
662 5549 763 5582 van
794 5532 1051 5593 tantiuin;
1076 5536 1144 5587 et.
1172 5532 1348 5579 divini
1364 5546 1537 5579 sensus
1567 5532 1891 5578 auctoritate-

298 5598 368 5661 (ᾳ)
396 5596 811 5661 ﬂabeuwsupra
822 5598 960 5645 inter
972 5598 1144 5659 primo
1160 5594 1421 5661 vulgatae,
1439 5594 1595 5661 juxta
1609 5596 1796 5661 quaest.
1810 5594 1867 5661 ti
1878 5620 1889 5632 -

298 5656 366 5718 (ὁ)
393 5658 540 5709 Idem
565 5656 942 5721 argumentum
969 5656 1226 5721 tractatur
1246 5658 1299 5705 in
1324 5656 1447 5705 Mss.
1471 5656 1629 5719 primi
1660 5656 1889 5719 generis,

232 5724 427 5785 quaest.
464 5723 575 5779 123,
608 5720 702 5773 sed
735 5721 845 5773 alia
870 5734 1090 5787 prorsus
1120 5720 1345 5771 ratione.

1753 175 2144 232 APPENDIX.

3514 178 3585 234 23
3597 175 3669 234 9’s

2009 300 2349 374 nifestatum
2402 305 2508 367 est,
2568 300 3239 374 dareturcredentibus.
3291 301 3657 374 Aprincipio

2006 372 2252 444 quidem
2284 374 2604 444 praedicata
2625 378 2710 427 est
2740 373 3012 436 Trinitas,
3031 372 3135 427 sed
3162 373 3335 444 quasi
3367 372 3480 429 sub
3502 372 3657 431 vela-

2008 443 2168 498 mine
2198 443 2323 499 erat
2362 444 2747 513 intelligentia
2785 445 2937 514 ejus.
2982 444 3080 498 Dei
3124 443 3286 515 enim
3320 444 3499 499 Patris
3540 446 3658 515 pri-

2009 531 2173 569 mum
2206 532 2463 586 persona
2482 516 2609 569 sine
2636 517 3009 570 cunctatione
3030 520 3087 570 et
3110 514 3305 584 ﬁgura
3334 514 3657 584 praedicata

2008 594 2063 640 et
2092 587 2467 641 manifestata
2507 593 2613 651 est,
2641 588 2784 657 quia
2817 586 2895 641 ab
2925 588 3052 656 ipso
3102 592 3237 641 sunt
3277 586 3499 641 omnia.
3537 588 3655 642 Filii

2007 664 2205 712 autem
2248 658 2393 729 ejus,
2428 658 2662 713 Domini
2705 657 2888 712 nostri
2913 658 3052 711 Jesu
3084 657 3289 711 Christi
3321 665 3376 712 et
3405 657 3656 728 Spiritus

2008 729 2198 783 sancti
2230 744 2496 799 personae
2523 744 2643 784 non
2687 729 3059 791 tacebantur,
3090 729 3193 782 sed
3238 744 3431 799 neque
3464 729 3658 784 mani-

2005 799 2394 871 festabantur.
2428 800 2689 871 Denique
2710 801 2783 854 de
2813 801 3063 855 Domino
3084 799 3141 853 fit
3159 816 3193 853 a
3212 800 3450 871 perﬁdis
3467 816 3660 871 qums-

2008 870 2107 939 tio,
2142 878 2197 925 et
2225 872 2300 926 de
2332 872 2547 941 Spiritu
2583 870 2811 926 sancto.
2854 872 3107 936 Quidam
3157 872 3317 924 enim
3350 870 3657 927 dementes

2007 943 2292 1013 Spiritum
2318 948 2585 997 sanctum
2630 944 2833 1013 ipsum
2896 946 3120 997 Patrem
3168 941 3393 1013 dicunt,
3427 942 3578 997 sicut
3600 948 3658 998 et

2007 1012 2295 1068 Sabellius
2328 1014 2529 1083 ipsum
2577 1012 2717 1068 dicit
2750 1014 2976 1069 Patrem
3014 1028 3194 1084 quem
3228 1018 3284 1067 et
3317 1012 3546 1067 Filium.
3578 1015 3655 1068 De

2008 1085 2108 1138 Dci
2129 1089 2329 1139 autem
2355 1085 2533 1155 Patris
2563 1100 2819 1155 persona
2850 1100 3026 1139 nemo
3054 1084 3307 1138 dubitat.
3340 1084 3656 1155 Cumergo

2004 1155 2299 1210 Trinitatis
2346 1154 2412 1210 ﬁt
2462 1154 2876 1219 manifestatio,
2915 1160 3055 1210 tunc
3103 1155 3350 1209 demum
3407 1154 3656 1224 Spiritus

2008 1232 2252 1281 sanctus
2288 1227 2464 1281 datur
2495 1227 2875 1281 credentibus
2904 1233 2965 1281 ut
2994 1234 3048 1281 et
3078 1241 3335 1295 persona
3365 1225 3493 1294 ejus
3525 1240 3657 1280 ma-

2005 1297 2217 1368 nifesta
2244 1299 2337 1362 sit,
2373 1302 2430 1352 et
2462 1297 2818 1368 accipientes
2864 1298 3052 1364 illum,
3086 1298 3323 1366 signum
3371 1296 3654 1361 habeant,

2004 1369 2148 1449 quia
2170 1367 2269 1449 ﬁlii
2297 1375 2434 1422 sunt
2463 1367 2705 1449 D‘ei,’per
2726 1369 2787 1449 id
2808 1368 2970 1449 quod
2997 1369 3284 1449 Spiritum
3298 1368 3430 1448 .Dei',
3454 1368 3555 1439 qui
3577 1367 3657 1449 de

2008 1438 2124 1494 Deo
2177 1440 2376 1510 utique
2424 1444 2530 1505 est,
2565 1438 2785 1495 habent
2827 1438 2885 1494 in
2938 1454 3019 1493 se.
3069 1439 3447 1494 Perfectionis
3486 1438 3655 1493 enim

2006 1511 2363 1579 significatio
2396 1510 2521 1565 haec
2552 1516 2658 1578 est,
2685 1526 2821 1565 cum
2856 1511 3035 1565 scitur
3060 1517 3113 1565 et
3142 1510 3310 1565 Pater
3334 1522 3461 1563 esse
3488 1514 3545 1564 et
3576 1510 3657 1564 Fi-

2004 1584 2117 1636 lius
2165 1589 2220 1636 et
2266 1581 2517 1651 Spiritus
2544 1587 2805 1636 sanctus.
2842 1584 2972 1635 Haec
3000 1580 3280 1651 perfectio
3312 1581 3425 1635 hoc
3456 1580 3659 1635 tribuit

2006 1654 2254 1708 donum.
2291 1650 2625 1706 Adveniens
2658 1654 2815 1707 enim
2851 1650 3027 1707 Filius
3061 1651 3173 1706 Dei.
3212 1657 3266 1722 et
3295 1650 3423 1705 llth
3444 1652 3662 1722 adape-

2006 1724 2164 1778 riens
2195 1739 2265 1778 ac
2298 1724 2707 1787 manifestans,
2752 1724 2886 1793 plus
2916 1723 3144 1793 aliquid
3174 1721 3380 1777 debuit
3420 1721 3583 1787 dare,
3609 1726 3666 1778 et

2007 1796 2258 1863 dignum
2290 1794 2397 1849 fuit
2428 1794 2676 1849 tribuere
2726 1794 3149 1864 perfectionem
3181 1793 3337 1849 hanc
3369 1793 3661 1849 credenti-

2010 1868 2122 1920 bus
2151 1881 2164 1931 ;
2197 1866 2339 1937 quia
2369 1881 2476 1919 nec
2506 1866 2563 1919 in
2600 1865 2757 1929 Filio,
2801 1880 2908 1937 nec
2934 1866 2994 1918 in
3026 1865 3190 1919 Patre
3222 1864 3357 1937 solo
3378 1864 3658 1937 perfectio

2007 1946 2093 2015 est
2117 1934 2424 2015 vel—salus,
2452 1937 2550 2015 sed
2579 1938 2638 2015 in
2667 1936 2909 2015 nomine
2942 1937 3126 1991 Patris
3152 1940 3205 1989 et
3400 1940 3455 1988 et
3478 1934 3664 2015 Spiri-

2010 2014 2101 2063 tus
2132 2009 2337 2062 sancti.
2376 2007 2539 2062 Unde
2568 2008 2711 2062 dicit
2738 2007 3000 2062 Joannes
3030 2006 3570 2076 evangelista,quia
3600 2006 3663 2060 de

2006 2079 2349 2150 plenitudine
2369 2079 2483 2149 ejus
2502 2095 2598 2134 nos
2618 2096 2794 2134 omnes
2810 2080 3124 2148 accepimus,
3150 2079 3391 2148 gratiam
3408 2094 3515 2148 pro
3529 2094 3662 2147 gra-

2011 2149 2134 2204 tia:
2165 2152 2294 2221 quia
2341 2151 2457 2205 Lea:
2504 2167 2599 2221 per
2628 2149 2840 2221 Moysen
2873 2151 3001 2204 data
3043 2157 3139 2213 est,
3171 2149 3358 2218 gratia
3397 2154 3577 2203 autem
3606 2153 3663 2221 et

2008 2219 2213 2276 veritas
2246 2238 2349 2292 per
2371 2219 2552 2276 Jesum
2584 2219 2858 2277 Christum
2892 2222 3038 2292 facta
3059 2227 3133 2275 est
3154 2221 3332 2292 (Joan.
3366 2239 3401 2285 ι,
3436 2221 3522 2292 to,
3547 2219 3659 2291 17).

2008 2290 2286 2364 Apertum
2318 2299 2426 2357 est,
2475 2293 2834 2364 adveniente
2874 2290 3177 2347 Salvatore
3229 2290 3663 2364 plenitudinem

2011 2362 2229 2419 factam
2262 2365 2541 2419 veritatis.
2573 2366 2713 2429 Quae
2745 2363 2904 2418 enim
2940 2364 3219 2427 latebant,
3253 2368 3309 2419 et
3338 2362 3500 2433 quod
3528 2378 3665 2433 pro-

2012 2436 2263 2490 missum
2300 2440 2389 2489 est
2419 2436 2565 2489 dum
2592 2435 2906 2499 revelatur,
2938 2442 2995 2490 et
3026 2432 3456 2499 manifestatur,
3479 2432 3666 2503 pleni-

2009 2506 2151 2560 tudo
2195 2508 2255 2559 tit
2288 2506 2549 2560 veritatis
2583 2521 2594 2561 :
2649 2513 2786 2561 tunc
2824 2506 3131 2560 credentes
3172 2512 3418 2575 accepto
3447 2505 3666 2575 Spiritu

2006 2583 2212 2631 sancto
2246 2577 2397 2631 ﬁunt
2444 2577 2543 2631 ﬁlii
2591 2578 2705 2632 Dei.
2754 2580 2892 2633 Nam
2924 2576 3236 2647 inspiratio
3281 2576 3666 2647 quaerdicitur

2006 2648 2160 2702 facta
2191 2663 2226 2701 a
2254 2649 2373 2702 Deo
2400 2649 2459 2702 in
2487 2648 2700 2717 Adam,
2729 2649 2948 2703 animai
2982 2645 3217 2703 traditio
3248 2645 3333 2701 εει
3360 2663 3372 2701 :
3407 2645 3663 2717 Spiritus

2003 2719 2162 2773 enim
2193 2718 2528 2789 frequenter
2553 2734 2662 2789 pro
2695 2720 2900 2773 anima
2924 2720 3185 2789 ponitur,
3213 2718 3444 2773 dicente
3478 2720 3664 2773 Evan-

2004 2790 2158 2871 gelio
2190 2792 2338 2871 inter
2368 2794 2606 2871 cmiera,
2640 2791 2715 2844 Et
2760 2806 3013 2871 reversus
3043 2794 3142 2871 est,
3169 2789 3402 2871 inquit,"
3432 2789 3665 2871 spiritus

2006 2861 2119 2931 ejus
2140 2860 2213 2914 ad
2242 2860 2569 2932 illam(Luc.
2606 2877 2724 2927 vm,
2759 2860 2868 2932 55).
2895 2863 2957 2915 Et
2973 2862 3029 2932 in
3053 2860 3289 2932 Psalmo
3319 2876 3331 2914 :
3365 2860 3661 2932 Spiritum,

2007 2929 2110 2999 ait,
2136 2929 2577 2996 contribulatum,
2602 2940 2651 2986 et
2676 2948 2766 2987 cor
2787 2929 3241 2995 cbntribulatum,
3269 2938 3318 2985 et
3349 2946 3442 2985 cor
3465 2929 3665 2985 contri-

2008 3007 2121 3056 tum
2145 3002 2284 3057 Deus
2299 3019 2405 3074 non
2432 3004 2646 3071 spernit
2672 3004 2842 3074 (Psal.
2868 3020 2919 3068 L,
2956 3003 3061 3072 19).
3089 3006 3445 3074 Frequenter
3463 3006 3665 3058 tamen

2009 3074 2192 3144 aliqui
2219 3073 2455 3144 codices
2478 3088 2597 3144 non
2626 3074 2708 3127 sic
2735 3073 2977 3138 habent,
3001 3075 3144 3144 quia
3172 3073 3469 3143 inspiravit
3486 3074 3663 3137 Deus;

2010 3144 2138 3208 sed,
2164 3143 2453 3214 insufﬂauit
2499 3143 2642 3197 Deus
2670 3144 2731 3197 in
2759 3144 2951 3213 [aciem
3002 3143 3116 3213 ejus
3144 3144 3407 3213 spiritum
3436 3144 3586 3209 vitae,
3614 3148 3666 3198 et

2008 3217 2185 3287 factus
2215 3222 2288 3269 est
2313 3215 2463 3269 homo
2484 3215 2544 3287 in
2573 3215 2813 3269 animam
2846 3215 3126 3269 viventem.
3163 3216 3288 3268 Non
3308 3215 3463 3287 quia
3492 3214 3643 3287 dixit

2005 3284 2261 3357 spiritum
2292 3288 2438 3349 vitae,
2474 3286 2607 3341 ideo
2639 3287 2920 3357 Spiritum
2949 3291 3225 3357 sanctum
3274 3284 3653 3357 signiﬁcavit.

2009 3355 2155 3437 Nam
2176 3364 2243 3437 et
2263 3358 2337 3412 de
2367 3355 2835 3437 animalibusita
2854 3358 2954 3417 ait,
2972 3357 3041 3437 ζη
3069 3355 3260 3437 quibus
3282 3361 3400 3410 erat
3427 3355 3662 3437 spiritus

2008 3431 2135 3485 vitae
2167 3430 2324 3501 (Gen.
2362 3446 2456 3494 vu,
2495 3431 2606 3501 22).
2651 3429 2903 3500 Spiritus
2936 3425 3328 3491 vitta—dicitur,
3361 3425 3505 3498 quia
3533 3425 3663 3481 ani-

2012 3507 2136 3556 mat
2164 3500 2415 3571 corpora
2440 3500 2517 3555 ad
2549 3502 2755 3557 vitam.

2081 3574 2145 3627 ιν
2177 3567 2367 3643 (α).ί-
2398 3574 2512 3627 Cur
2546 3572 2736 3627 Adam
2775 3570 2834 3625 in
2879 3570 3108 3626 mundo
3146 3568 3379 3643 positus
3412 3567 3668 3624 manda-

2011 3647 2137 3698 tum
2165 3641 2252 3697 vel
2280 3642 2466 3711 legem
2502 3643 2747 3714 accepit,
2778 3658 2916 3697 cum
2956 3643 3082 3714 ipse
3126 3641 3464 3695 dominium
3495 3643 3667 3695 caete-

2010 3730 2216 3770 rorum
2251 3714 2515 3767 haberet.

2084 3786 2368 3850 Quamvis
2407 3786 2466 3839 in
2500 3784 2727 3839 mundo
2757 3784 3039 3840 dominus
3070 3783 3299 3855 positus
3331 3781 3423 3855 sit,
3448 3781 3665 3855 Adam,

2010 3856 2392 3928 tamenquia
2425 3871 2545 3911 non
2597 3856 2800 3928 utique
2840 3872 2911 3928 ex
2940 3871 3021 3910 se.
3055 3853 3161 3909 sed
3206 3870 3241 3910 a
3275 3856 3385 3928 Deo
3412 3853 3471 3908 id
3499 3867 3663 3928 acce-

2008 3929 2113 3999 pit,
2143 3924 2351 3999 debuit
2382 3926 2561 3999 hujus
2606 3924 3217 3999 rei—signiﬁcationem
3252 3940 3322 3999 ex
3354 3924 3483 3995 lege
3514 3924 3666 3999 acci-

2007 3995 2147 4081 pere
2178 4015 2190 4063 ;
2222 4004 2284 4079 ut
2312 3995 2866 4081 ipsequidominus
2898 3998 3145 4081 videtur,
3180 4013 3286 4081 per
3307 3996 3497 4081 legem
3525 3995 3666 4081 sub:

2004 4069 2194 4140 jectus
2225 4070 2275 4123 ei
2303 4074 2454 4124 esset
2480 4070 2579 4140 qui
2612 4069 2691 4125 illi
2718 4070 2872 4126 hanc
2903 4070 3145 4125 dederet
3174 4072 3526 4140 potestatem
3557 4086 3573 4137 ;
3602 4070 3667 4122 ut

2009 4139 2331 4217 auctoritas
2377 4139 2675 4217 _Creatoris
2729 4142 3119 4217 reverentiam
3160 4139 3520 4217 illi___faceret
3554 4153 3667 4217 per

2008 4213 2228 4281 legem,
2261 4228 2333 4266 ne
2357 4211 2689 4268 dominatio
2731 4218 2895 4267 tanta
2920 4211 3221 4266 extolleret
3249 4209 3437 4273 illum,
3470 4212 3526 4262 et
3552 4209 3666 4261 im-

2008 4298 2246 4339 memor
2278 4283 2445 4338 ﬁeret
2471 4284 2565 4338 Dei
2598 4283 2923 4338 conditoris
2953 4283 3065 4335 sui.

2082 4357 2120 4407 V
2161 4354 2256 4425 (b).
2282 4385 2348 4394 —
2372 4357 2487 4411 Cur
2520 4358 2669 4409 Deus
2693 4353 2873 4417 dicat,
2915 4354 3037 4406 Non
3069 4350 3397 4421 permanebit
3418 4349 3662 4425 Spiritus

2004 4442 2149 4481 meus
2173 4421 2239 4480 in
2271 4425 2575 4479 hominibus
2602 4425 2744 4489 istis,
2778 4425 2907 4494 quia
2935 4430 3059 4477 sunt
3088 4424 3403 4485 caro;anni
3433 4421 3662 4478 illorum

2006 4502 2223 4553 centum
2254 4497 2474 4566 viginti,
2503 4501 2612 4550 etc.
2648 4496 2801 4566 (Gen.
2838 4512 2915 4559 v1,
2943 4496 3019 4566 37).

2079 4571 2225 4624 Cum
2266 4564 2536 4637 gigantes
2575 4564 2773 4621 essent
2804 4566 2913 4620 illis
2955 4564 3171 4637 diebus
3199 4578 3382 4635 super
3420 4567 3659 4637 terram,

2007 4634 2363 4707 pestiferi'et
2394 4638 2657 4707 superbi,
2691 4653 2727 4693 a
2776 4635 3209 4705 magnitudinis
3248 4634 3474 4691 statura
3502 4634 3659 4700 elati,

2006 4714 2143 4781 post
2186 4709 2484 4781 desideria
2514 4709 2708 4764 carnis
2750 4707 3139 4781 euntes,_nati
3178 4710 3489 4781 apostatee,
3521 4710 3663 4761 tunc

2004 4778 2142 4835 cum
2193 4780 2529 4851 displiceret
2568 4781 2704 4840 Deo;
2762 4779 3030 4851 promisit
3079 4793 3269 4847 genus
3320 4778 3661 4851 humanum

2002 4852 2225 4907 diluvio
2255 4848 2611 4914 deletur-um,
2656 4856 2711 4906 et
2763 4848 3004 4921 tempus
3036 4852 3287 4915 statuit;
3340 4849 3481 4921 utsi
3524 4848 3660 4921 quis

2004 4923 2149 4978 forte
2175 4924 2263 4979 ira
2291 4924 2389 4977 Dei
2423 4922 2620 4979 audita
2643 4928 2702 4977 et
2730 4919 3160 4993 indignatione,
3198 4937 3377 4993 super
3404 4920 3521 4993 hoc
3544 4919 3659 4975 vel-

2001 4994 2078 5050 let
2109 5010 2170 5048 se
2199 4995 2517 5063 corrigere,
2550 4993 2797 5065 haberet
2845 4990 3103 5065 spatium
3160 4990 3526 5065 emendandi
3576 5006 3659 5065 se.

2001 5066 2266 5142 _Denique
2292 5060 2532 5121 centum
2555 5064 2731 5120 annis
2761 5060 2901 5121 arca
2928 5065 3299 5142 hac_ratione
3322 5060 3659 5142 videturfaj

2000 5134 2250 5192 bricata.
2298 5142 2443 5192 Ante
2495 5152 2647 5191 arcae
2691 5142 2889 5191 autem
2948 5134 3390 5191 inchoationem
3450 5134 3659 5201 viginti

2000 5208 2141 5264 anni
2172 5208 2351 5263 fuisse
2385 5207 2795 5277 perhibentur.
2847 5207 2963 5263 Sed
3001 5207 3261 5263 narratio
3294 5204 3467 5277 istud
3492 5203 3661 5277 quod

2000 5285 2317 5352 postquam
2344 5274 2419 5352 de
2444 5294 2697 5352 numero
2722 5293 3019 5352 annorum
3052 5280 3170 5333 Noe
3187 5276 3349 5352 dixit,
3379 5274 3657 5352 subjecit,

2000 5349 2325 5408 obscurare
2374 5350 2619 5406 videtur.
2654 5352 2801 5405 Nam
2841 5349 2968 5404 haec
3007 5349 3298 5403 sententia
3328 5351 3657 5417 antequam

1998 5422 2463 5493 quingentorum
2487 5436 2785 5493 annorum
2804 5419 3105 5493 essetNoe,
3123 5419 3497 5493 dignoscitur
3513 5417 3653 5493 lata.

2002 5490 2156 5559 Ouid
2183 5494 2341 5548 enim
2385 5493 2527 5547 dicit
2559 5491 2589 5546 τ
2634 5491 2755 5546 Nod
2784 5491 3112 5561 permanebit
3139 5490 3373 5561 spiritus
3401 5503 3571 5561 meus“
3594 5490 3656 5543 in

1999 5564 2300 5620 hominibus
2329 5565 2449 5619 istis
2478 5581 2497 5618 :
2531 5560 2846 5635 propterea
2874 5568 2931 5617 et
2956 5560 3233 5631 subjecit,
3262 5562 3404 5631 Quia
3442 5560 3658 5617 malitia

2063 5654 2135 5777 (ai
2166 5654 2321 5702 Deest
2351 5654 2405 5701 in
2424 5652 2547 5701 Mss.
2576 5652 2733 5714 primi
2758 5652 2986 5715 generis.

2064 5716 2113 5777 (ὁ
2166 5715 2322 5767 Deest
2349 5716 2404 5766 in
2437 5714 2635 5765 iisdem
2661 5714 2783 5765 Mss.

2064 5714 2135 5778 (ὁ)
2166 5715 2322 5767 Deest
2349 5716 2404 5766 in
2437 5714 2635 5765 iisdem
2661 5714 2783 5765 Mss.
