4140 6208
528 154 672 211 2399

532 278 839 335 Abraham
866 292 1061 349 usque
1092 277 1169 333 ad
1220 276 1406 333 David
1456 278 1747 333 distinxit.
1777 278 1977 334 Prima
2017 277 2177 333 enim

530 366 669 423 pars
692 366 889 423 causa;
912 350 988 405 ab
1012 349 1319 423 Abraham
1345 365 1535 423 usque
1567 351 1643 423 ad
1672 349 1856 405 David
1882 353 2014 423 est:
2039 351 2181 423 quia

533 420 838 477 'Abraham
870 426 1037 492 pater
1067 420 1203 492 fidei
1226 426 1332 481 est,
1357 421 1617 475 etDavid
1634 425 1797 491 pater
1823 422 2010 488 regni.
2041 421 2180 476 Salii

534 494 694 548 enim
727 490 1008 563 indiguus
1040 490 1305 559 effectus,
1332 490 1800 563 seipsumregno
1832 492 2104 563 privavit.
2135 494 2179 545 A

536 565 723 621 David
756 562 892 619 vero
934 578 1121 633 usque
1149 563 1224 617 ad
1253 562 1849 631 transmigrationem’
1870 564 1987 618 alia
2043 579 2180 632 pars

536 652 753 698 causae,
788 637 845 689 in
872 650 994 705 qua
1017 649 1269 705 regnum
1298 634 1624 688 amiserunt
1647 634 1781 689 facti
1809 634 2045 705 reprobi
2071 635 2178 689 Ju-

535 706 669 763 daei.
707 706 843 760 Post
868 704 1451 777 transmigrationem
1490 712 1689 777 autem
1725 704 2044 777 Babylonis
2080 722 2179 759 us-

535 794 652 850 que
680 778 755 831 ad
784 776 1284 850 Christnmmtertia
1310 791 1449 850 pars
1489 776 1932 850 lamentationis
1978 782 2032 832 et
2077 778 2182 831 mi-

536 846 722 911 serias,
782 846 1137 912 captivitatis
1186 852 1251 919 et,
1288 847 1678 917 dispersionis
1710 846 1985 903 illorum:
2038 850 2182 919 quia

536 919 814 991 quamvis
846 923 980 989 post
1010 918 1597 987 transmigrationem
1621 919 1939 991 Babylonis
1966 922 2023 972 et
2052 918 2181 991 seps

537 989 805 1062 tnaginta
827 1005 1124 1062 annorum
1155 996 1408 1060 tempus,
1442 990 1686 1062 quando
1712 1007 1747 1045 a
1773 992 1925 1061 Cyro
1948 989 2181 1045 dimissi

533 1060 757 1132 reversi
790 1066 927 1132 sunt
950 1060 1027 1115 ad
1058 1076 1187 1123 sua,
1211 1060 1523 1132 nunquam
1553 1067 1751 1116 tamen
1772 1060 2019 1117 causam
2048 1065 2063 1098 ¹
2093 1062 2181 1117 vel

534 1130 804 1203 requiem
832 1131 1188 1213 habuerunt.
1227 1130 1427 1213 ᾕρει-ῥεῖ
1450 1133 1607 1187 enim
1640 1138 1846 1213 postea
1866 1134 2070 1189 Iudaea
2096 1149 2183 1213 re-

581 1202 721 1258 nare
751 1202 963 1272 potuit,
999 1202 1103 1256 sed
1155 1202 1385 1258 solliciti
1418 1202 1653 1274 semper
1684 1209 1739 1259 et
1791 1210 2182 1276 pervagantes

536 1220 721 1329 gnara
751 1220 963 1272 poruu,
999 1220 1103 1256 seu
1155 1220 1385 1258 SOIIICIII
1418 1220 1653 1274 semper
1684 1220 1739 1259 et
1791 1220 2182 1276 pervagantes

539 1279 795 1357 perunt.
825 1275 1187 1357 Nam‘utique
1202 1280 1467 1357 tempore
1482 1276 1800 1357 nativitatis
1818 1276 2027 1331 Christi
2047 1292 2185 1357 cap:

536 1345 636 1401 tivi
673 1345 927 1417 fuerunt,
955 1345 1249 1401 dicentes:
1299 1346 1430 1413 Nos,
1458 1363 1564 1399 non
1596 1346 1843 1401 habemus
1873 1364 2047 1417 regem
2072 1345 2183 1400 nisi

540 1418 811 1472 Caesarem
838 1416 1018 1487 (Joan.
1048 1433 1167 1481 XIX,
1203 1422 1307 1483 15).
1346 1420 1463 1471 Hac
1494 1433 1635 1486 ergo
1666 1434 1845 1472 causa
1879 1416 2183 1473 Matthaaus

541 1493 657 1543 tres
689 1488 911 1556 gradus
944 1487 1075 1543 fecit
1098 1488 1517 1557 generationis,
1551 1494 1611 1542 ut
1632 1489 1805 1543 etiam
1838 1489 2181 1544 meritorum

543 1564 931 1630 etcausarum
962 1559 1319 1630 mutationes
1341 1559 1679 1614 ostenderet
1702 1576 1736 1615 a
1787 1560 2182 1630 promissione

544 1628 702 1684 facta
733 1644 923 1702 usque
954 1629 1031 1702 ad
1059 1630 1371 1693 Christum,
1408 1631 1546 1684 anni
1579 1628 2067 1702 autem’tempora
2088 1648 2184 1687 us—

542 1716 659 1772 que
681 1699 757 1772 ad
779 1699 961 1755 ﬁnem
994 1701 1049 1754 in
1075 1716 1254 1756 unam
1288 1702 1539 1772 gratiam
1564 1699 1930 1769 permanere;

612 1772 657 1826 V
684 1770 781 1842 (a).
809 1801 876 1812 —
903 1772 1094 1843 Quare
1115 1787 1251 1843 cum
1280 1770 1679 1843 quadraginta
1714 1779 1769 1827 et
1800 1790 1919 1829 una
1949 1773 2065 1829 sint
2091 1789 2185 1842 ge-

541 1843 901 1915 nerationes,
940 1842 1311 1915 Evangelista
1350 1844 1751 1915 quadraginta
1779 1844 1930 1899 duas
1978 1860 2181 1899 nume-

541 1928 704 1968 rasse
735 1912 969 1967 videtur
996 1914 1214 1983 (Matth.
1250 1912 1397 1983 1,47)
1426 1916 1453 1969 ‘P
1481 1918 1586 1970 Ter
1625 1916 1785 1970 enim
1817 1916 2181 1984 quatuorde-

543 1985 681 2048 cim,
714 1984 814 2055 qui
840 1984 1087 2057 faciunt,
1118 1985 1231 2039 nisi
1258 1987 1658 2057 quadraginta
1679 1986 1795 2041 duo
1822 1987 1851 2039 εἰ

617 2056 958 2111 Secundum
974 2056 1310 2121 numerum,
1326 2058 1724 2128 quadraginta
1740 2064 1793 2113 et
1807 2074 1923 2112 una
1941 2072 2185 2127 genera-

542 2127 733 2201 tiones
770 2133 1161 2201 numerantur
1190 2146 1203 2194 ;
1231 2127 1400 2199 juxta
1451 2130 1742 2201 rationem
1777 2135 1997 2201 autem,
2039 2144 2182 2201 qua~

540 2197 962 2267 dragintaduaa
981 2197 1328 2268 probantur.
1352 2200 1667 2255 Jechonias
1690 2206 1887 2256 autem
1912 2200 1969 2255 in
1996 2197 2179 2254 trans-

545 2270 893 2337 migratione
926 2270 1180 2337 genitus,
1220 2272 1270 2325 id
1300 2276 1387 2325 est
1417 2288 1517 2326 rex
1550 2271 1762 2337 factus,
1800 2272 1952 2326 sicut
1994 2272 2181 2326 conti-

544 2341 793 2396 neturin
812 2341 1324 2411 Paralipomenon,
1350 2342 1973 2398 ﬁnemfecitsecundae
1999 2342 2180 2412 parti:

543 2416 599 2467 et
626 2412 770 2483 quia
802 2418 936 2481 post
966 2415 1547 2484 transmigrationem
1596 2416 1879 2469 remansit
1909 2416 1967 2468 in
2000 2429 2184 2481 regno

543 2484 916 2556 permittente
945 2500 1079 2553 rege
1108 2485 1680 2553 Nabuchodonosor,
1717 2486 1793 2540 ab
1826 2487 1956 2556 ipso
1984 2486 2185 2555 incipit

542 2554 715 2628 tertia
741 2570 900 2625 pars.
932 2572 1065 2627 qure
1089 2557 1244 2611 venit
1270 2557 1556 2628 usquead
1586 2554 1902 2612 Christum.
1931 2554 2185 2627 Ideoque

542 2626 637 2681 bis
652 2626 1049 2698 computatur.
1070 2632 1130 2681 ut
1152 2626 1540 2683 etconc'ludat
1570 2629 1897 2682 secundam
1930 2633 2183 2698 partem,

543 2702 599 2751 et
624 2697 811 2752 initiet
836 2699 1062 2753 tertiam
1113 2698 1454 2753 Jechonias.
1506 2699 1597 2752 Sic
1637 2700 1797 2753 enim
1827 2697 2054 2753 habet:
2114 2700 2185 2753 Et

540 2774 664 2839 post
691 2770 1227 2840 transmigrationem
1256 2768 1568 2836 Babylonis.
1591 2769 1851 2824 Jeohonas
1874 2770 2063 2840 genuit
2092 2768 2188 2824 Sa-

546 2840 735 2894 lathiel
750 2840 978 2908 (Matth.
1004 2857 1037 2894 l.
1057 2840 1169 2908 12).
1188 2838 1385 2910 Usque
1400 2840 1475 2894 ad
1491 2841 1665 2895 istum
1680 2838 1889 2896 autem
1908 2840 2187 2897 Salathiel

542 2915 948 2983 regnaverunt
970 2910 1072 2981 qui
1106 2916 1243 2983 sunt
1267 2927 1338 2965 ex
1377 2912 1549 2979 Juda,
1584 2911 1805 2967 scilicet
1828 2928 2088 2983 quorum
2117 2928 2190 2968 ex

542 2980 1055 3054 radicanascitur
1101 2982 1346 3053 Joseph.
1386 2984 1532 3038 Nam
1576 2980 1894 3039 Jechonias
1926 2985 2189 3054 primum

542 3050 732 3107 ﬁlium
756 3051 975 3126 habuit
1006 3056 1185 3126 Assur
1217 3050 1474 3126 nomine.
1507 3055 1619 3111 Sed
1654 3050 1943 3126 quoniam
1969 3055 2190 3126 Joseph

542 3138 647 3196 per
665 3122 931 3196 radicem
957 3123 1235 3196 Salathiel
1255 3126 1546 3193 originem
1568 3122 1762 3189 trahit,
1791 3122 2189 3196 prmtermisso

540 3193 727 3249 Assur
753 3193 1039 3267 Salathiel
1062 3196 1360 3252 Jechonize
1388 3197 1539 3267 patri
1564 3214 1669 3251 suo
1699 3193 2057 3267 subjnnctus
2080 3202 2188 3263 est,

540 3271 606 3320 ut
632 3264 929 3338 veniretur
968 3266 1045 3321 ad
1074 3268 1315 3337 Joseph.
1358 3264 1450 3322 cui
1478 3274 1602 3323 erat
1627 3264 1992 3338 desponsata
2023 3270 2191 3337 virgo

541 3337 737 3419 Maria.
772 3338 922 3421 Na-m
947 3343 1003 3421 et
1020 3345 1152 3420 post
1178 3337 2192 3421 Josiam'Jechoniassequitur._Sed

541 3408 685 3480 quia
709 3424 816 3480 per
843 3409 1114 3465 Joachim
1142 3416 1371 3480 patrem
1403 3410 1701 3466 Jechoniaa
1734 3408 1967 3465 venitur
1990 3412 2066 3465 ad
2097 3414 2195 3466 Jo-

544 3479 1257 3550 seph,’praatermisso’eo,
1296 3482 1357 3537 id
1402 3486 1490 3536 est
1519 3482 1810 3548 Joachim,
1844 3482 2191 3538 Jechoniam

540 3551 765 3622 posuit,
806 3556 865 3624 ut
897 3568 1217 3608 numerum
1250 3553 1702 3624 quatuordecim
1736 3554 2192 3622 generationum

539 3637 669 3696 non
687 3623 1083 3696 egrederetur.
1125 3630 1181 3679 et
1206 3623 1348 3696 quia
1375 3630 1508 3694 post
1534 3625 1881 3680 Jechoniam
1915 3625 2195 3682 Salathiel

541 3699 597 3749 et
612 3693 776 3767 [ilius
804 3693 931 3764 ejus
957 3710 1060 3767 per
1090 3693 1269 3765 quem
1297 3693 1479 3751 oritur
1503 3696 1753 3767 Joseph.

613 3710 770 3748 nuus
804 3710 931 3764 (ηυξ
999 3710 1060 3748 er
1090 3711 1269 3765 quem
1297 3710 1479 3751 oritur
1503 3710 1753 3767 Josepn.

613 3765 685 3839 VI
706 3765 812 3839 (b).
851 3796 915 3806 —
947 3710 1141 3839 auare
1164 3767 1219 3821 in
1255 3768 1524 3839 Matthaao
1556 3775 1723 3839 pater
1748 3768 1968 3837 Joseph
2003 3767 2193 3822 Jacob

542 3836 836 3909 scribitur,
866 3840 921 3909 et
954 3838 1008 3891 in
1044 3837 1199 3892 Luca
1242 3838 1361 3892 Heli
1389 3855 1401 3903 ;
1437 3844 1498 3892 ut
1530 3836 1631 3894 aut
1671 3840 1825 3894 duos
1851 3836 2051 3909 patres
2085 3839 2198 3893 ha-

541 3904 683 3982 bere
714 3906 989 3982 imperite
1038 3908 1374 3982 descriptus
1434 3910 1529 3973 sit,
1567 3915 1672 3965 aut
1722 3904 1878 3966 certe
1925 3910 2030 3982 qui
2059 3926 2196 3966 vere

544 3981 713 4047 pater
740 3976 811 4031 sit
833 3978 1129 4032 nesciatur
1148 3978 1176 4031 ?

615 4050 741 4122 N_on
772 4052 859 4122 est
889 4048 1240 4122 ambiguum
1271 4055 1504 4122 patrem
1532 4051 1753 4122 Joseph
1788 4051 1963 4106 Iacob
1996 4051 2197 4107 fuisse.

544 4118 704 4175 Ordo
719 4120 880 4174 enim
912 4136 947 4175 a
970 4118 1158 4175 David
1174 4136 1275 4192 per
1298 4118 1688 4177 Salomonem'
1705 4123 2003 4178 tramitem
2024 4140 2199 4177 suum

544 4193 771 4263 tenens,
814 4195 977 4248 recto
1012 4208 1187 4247 cursu
1225 4192 1493 4263 pervenit
1523 4193 1597 4248 ad
1638 4194 1844 4258 Jacob,
1887 4200 2002 4250 etc.

617 4262 712 4335 ΥΠ
751 4264 852 4331 (e).
880 4294 958 4335 7-7—-
986 4262 1385 4335 AManifeStum
1416 4264 1561 4335 quia
1596 4271 1768 4319 natus
1799 4264 2073 4320 Salvator
2106 4266 2201 4320 Dei

548 4331 721 4407 Filius
761 4338 817 4387 et
862 4333 1129 4390 Christus
1180 4331 1514 4407 appellatus
1545 4341 1676 4391 est:
1732 4352 1840 4392 cur
1877 4352 2020 4405 ergo
2069 4341 2205 4407 post

546 4404 919 4475 baptismum
966 4404 1232 4462 accessit
1259 4406 1335 4461 ad
1377 4422 1514 4461 eum
1567 4413 1840 4474 tentator,
1882 4404 2113 4474 dicens,
2148 4407 2206 4462 Si

545 4476 739 4548 Filius
773 4476 877 4531 Dei
905 4494 956 4531 es
986 4478 1013 4533 ‘I
1043 4483 1151 4533 etc.
1179 4478 1395 4545 (Matth.
1424 4494 1499 4542 1v,
1530 4481 1607 4548 3).

621 4547 717 4603 Sic
748 4553 923 4602 natus
954 4548 1224 4604 Salvator
1254 4565 1323 4604 ex
1357 4550 1593 4619 Virgine
1624 4555 1733 4615 est,
1768 4554 1910 4606 utet
1938 4550 2204 4605 Christus

547 4618 967 4675 essetetFilius
985 4620 1103 4685 Dei,
1133 4636 1254 4675 non
1285 4618 1534 4686 factura,
1560 4620 1667 4676 sed
1694 4627 1845 4676 ortu.
1882 4622 2089 4676 Adhuc
2103 4637 2207 4676 au-

547 4692 667 4744 tem
685 4691 743 4745 in
775 4690 989 4745 minori
1014 4696 1185 4747 aetate
1209 4693 1536 4759 potentiam
1558 4708 1731 4748 suam
1749 4709 2072 4757 evacuans,
2093 4692 2206 4748 hoc

546 4764 702 4835 esta
736 4765 1031 4830 potestate
1046 4779 1157 4817 sua
1185 4763 1599 4828 dissimulans,
1622 4764 2062 4835 impudentiam
2085 4763 2209 4819 dia-

549 4830 674 4905 boli
705 4835 1218 4905 nonmpirovocavit.
1243 4835 1579 4905 Baptizatus
1594 4830 1789 4889 autem
1805 4836 2209 4891 descendente

551 4901 610 4957 in
649 4918 711 4977 se
747 4902 968 4977 Spiritu
999 4910 1229 4968 sancto,
1262 4901 1403 4961 cum
1433 4907 1816 4977 apparuisset
1859 4907 2209 4962 hominibus

546 4974 893 5030 testimonio
936 4977 1032 5029 Dei
1084 4977 1287 5042 Patris,
1320 4974 1699 5032 remnlatione
1739 4978 1843 5032 zeli
1873 4978 2089 5033 ductus
2119 4984 2211 5033 est

548 5045 854 5118 inimicus,
885 5045 962 5101 ad
1000 5046 1328 5118 Ainjuriam,
1382 5048 1594 5103 videns
1641 5049 1757 5104 hoc
1814 5049 2039 5105 factum
2098 5049 2210 5105 sibi

544 5116 758 5192 obesse
800 5134 812 5173 :
844 5116 1133 5192 intellexit
1165 5118 1325 5174 enim
1355 5119 1799 5176 ordinationem
1835 5121 2211 5192 baptismatis

549 5188 919 5265 adisaiuﬂtem
955 5190 1707 5265 hominumprocuratam.
1747 5188 2002 5265 Ideoque
2048 5207 2213 5248 acce-

556 5258 643 5316 dit
680 5259 757 5316 ad
786 5260 1155 5317 Salvatorem
1186 5258 1366 5333 hujus
1392 5263 1470 5317 rei
1506 5258 1999 5334 principem,rion
2032 5268 2213 5336 utap-

618 5385 827 5454 {Morel
883 5386 1470 5454 aifirmatdegendum,
1510 5404 1742 5453 pausam,
1778 5390 1895 5439 Vid.
1951 5391 2210 5442 Element.

561 5446 736 5514 critic;
748 5486 759 5504 ,
786 5463 907 5514 pag.
926 5450 1031 5501 321.
1100 5451 1169 5499 Μ.

616 5510 687 5567 (al
708 5510 941 5561 Deest—in
968 5514 1156 5563 iisdem
1179 5515 1302 5565 Mss.

616 5569 686 5630 (δ)
717 5574 915 5644 Eadem
953 5580 1037 5644 est
1061 5590 1185 5644 eum
1220 5591 1283 5627 ea
1311 5592 1435 5643 qua:
1469 5578 1609 5629 inter
1640 5577 1814 5643 prima
1846 5579 2092 5644 vulgatos
2118 5593 2219 5629 nus

562 5637 801 5697 mer_at_ur
829 5642 1021 5697 quiest.
1060 5639 1137 5689 56.

625 5695 689 5758 (ο)
722 5694 880 5746 Deest
908 5697 961 5745 in
992 5700 1120 5749 Mss.
1158 5702 1316 5766 primi
1339 5704 1567 5766 generis.

1398 152 1875 221 QUAESTIONUM
1917 154 2007 209 EX
2047 151 2240 209 ΝΟνο
2281 149 2477 207 ΤΕ8Τ.
2522 149 2711 206 PARS
2754 149 3101 206 SECUNDA.

3754 159 3861 214 2400

2290 276 2521 349 probet,
2556 275 2661 331 sed
2710 279 2770 349 ut
2797 275 3000 349 locum
3032 274 3304 349 inveniat
3333 275 3630 349 evertendi.
3654 280 3861 339 Tentatio

2290 346 2447 403 enim
2471 347 2796 420 aliquando
2821 346 2895 401 ad
2917 348 3333 420 probationem
3355 346 3435 412 ﬁt,
3468 348 3758 420 aliquando
3776 355 3858 409 sub

2289 419 2429 494 dolo
2460 420 2535 474 ad
2570 417 3051 494 :subversionem.
3095 417 3544 494 Arbitratusest
3563 417 3706 475 enim
3729 428 3863 494 quasi

2293 490 2579 545 Salvatori
2625 490 2921 543 elicuisset
2976 489 3312 544 secundum
3355 488 3551 544 dolum
3600 488 3862 551 voluntatis

2291 578 2415 617 suae
2459 576 2840 632 responsum.
2878 565 2939 613 ut
2968 576 3221 627 regnum
3247 576 3423 614 suum
3469 566 3644 616 totum
3674 562 3865 621 haberet

2292 631 2568 699 securus,
2590 631 2757 705 quod
2785 632 2940 705 duce
2980 632 3303 705 Salvatoris
3336 632 3609 687 doctrinae
3639 635 3865 705 subjecto,

2291 720 2470 760 nemo
2508 702 2761 758 mortem
2794 704 2922 774 ejus
2970 702 3276 759 evaderet.

2364 776 2476 829 VIII
2505 776 2600 846 (a).
2634 805 2702 814 —
2739 778 2852 828 Cur
2885 774 3152 846 Salvator
3194 774 3516 846 tentantise
3546 774 3756 830 diabolo
3778 794 3865 833 non

2292 846 2459 929 aliter
2476 844 2657 929 quam
2677 845 2972 929 exemplis
2993 844 3393 929 Legis‘resist‘it
3411 845 3620 929 (Matth.
3635 862 3701 909 iv,
3723 850 3868 929 HQ)?

2364 912 2625 973 Salvator
2659 932 2779 971 non
2813 912 3015 971 solum
3062 912 3305 971 diabolo
3338 912 3575 988 tentanti
3605 912 3866 988 respondit,

2293 990 2399 1044 sed
2434 994 2487 1043 et
2510 988 2733 1042 Judaais
2748 1003 2852 1059 per
2867 1004 3023 1059 quos
3044 987 3412 1043 crudelitatis
3427 1003 3545 1042 suae
3571 987 3867 1057 impietatem

2292 1062 2409 1132 egit
2460 1062 2516 1114 in
2548 1059 2939 1132 Salvatorem.
2990 1060 3246 1132 Praecius
3278 1059 3438 1113 enim
3464 1059 3687 1132 Judaaos
3714 1076 3765 1115 se
3788 1062 3866 1116 ini-

2293 1130 2512 1212 micum
2539 1131 2710 1212 Legis
2732 1131 3018 1212 dicturos,
3048 1131 3232 1212 patris
3263 1146 3471 1212 eorum
3502 1130 3868 1212 impudentiam

2290 1202 2534 1268 diaboli,
2567 1201 3101 1271 testimoniisLegis
3125 1201 3494 1272 compressit,
3530 1208 3588 1256 ut
3613 1206 3806 1273 patrem
3829 1204 3871 1258 in

2291 1274 2459 1335 filios,
2492 1279 2546 1329 et
2568 1273 2798 1329 ﬁliosin
2833 1279 3064 1343 patrem
3103 1272 3547 1329 condemnaret.

2363 1345 2429 1399 IX
2461 1345 2559 1417 (b).
2590 1375 2656 1417 -έ
2683 1345 2908 1417 Πίῳιὶᾀ
2934 1345 3204 1417 Salvator
3232 1348 3368 1414 post
3397 1343 3874 1417 baptismumqua

2290 1414 2564 1485 draginta
2595 1414 2808 1470 diebus
2833 1416 3145 1487 jejunavit,
3175 1420 3384 1487 postea
3406 1414 3875 1487 esuriit(Matth.’iv,

2289 1489 2343 1559 2)
2375 1487 2403 1542 ‘t
2434 1488 2539 1553 Qui
2585 1488 2741 1543 enim
2783 1486 3187 1558 quadraginta
3224 1486 3445 1541 diebus
3478 1486 3761 1556 jejunavit,
3801 1502 3879 1557 po-

2292 1560 2399 1614 tuit
2425 1560 2556 1628 jam
2579 1574 2698 1614 non
2734 1560 2976 1613 esurire.

2363 1627 2659 1700 Scriptum
2687 1635 2792 1696 est,
2828 1629 2963 1693 Fili,
2996 1628 3241 1683 accedens
3273 1627 3345 1682 ad
3373 1629 3673 1681 servitutem
3701 1627 3800 1700 Dei,
3819 1633 3879 1681 sta

2290 1702 2347 1756 in
2358 1698 2581 1773 justitia
2592 1709 2639 1755 et
2654 1701 2872 1773 timore,
2897 1708 2943 1754 et
2968 1717 3228 1771 praepara
3243 1700 3488 1773 animam
3509 1706 3648 1773 tuam
3671 1698 3880 1753 adtenta-

2289 1770 2485 1853 tionem
2509 1772 2702 1853 (Eccli.
2728 1788 2785 1835 ιι,
2814 1770 3451 1853 1),Ideoqiie_Salvator
3472 1778 3532 1823 ut
3549 1770 3780 1851 formam
3798 1786 3883 1851 no-

2292 1844 2383 1923 bis
2398 1842 2585 1923 daret,
2598 1844 2674 1915 jej
2688 1842 2891 1923 unavit
2909 1866 2919 1906 ;
2939 1851 2996 1897 ut
3023 1842 3521 1923 simili‘modo'nos
3535 1842 3880 1923 quoquejeju-

2291 1916 2405 1970 niis
2436 1911 2800 1979 insistentes,
2825 1930 3068 1969 omnem
3098 1918 3331 1969 motum
3354 1911 3575 1968 diaboli
3597 1911 3779 1967 contra
3798 1927 3882 1967 nos

2292 1987 2771 2067 oppositu_m,Dei
2785 1985 3649 2067 auxiliosuperemns,scien_t_es
3662 1983 3884 2067 exemplo

2293 2055 2618 2114 salvatoris
2642 2064 2780 2112 tunc
2802 2058 2990 2127 magis
3008 2055 3255 2111 insidias
3275 2056 3598 2111 adversarii
3622 2055 3881 2127 cavendas,

2292 2146 2428 2185 cum
2446 2130 2522 2184 ad
2542 2128 2640 2184 Dei
2657 2126 2929 2184 timorem
2943 2128 3306 2183 accedimus.
3330 2126 3655 2182 Doletenim
3671 2126 3809 2198 quod
3820 2141 3882 2180 re-

2291 2203 2644 2256 cesserimus
2676 2201 2754 2255 ab
2787 2199 2884 2255 illo
2912 2216 2925 2265 ;
2957 2200 3087 2253 ideo
3119 2199 3253 2270 plus
3277 2200 3444 2254 saevit
3475 2199 3879 2253 adversumnos.

2295 2276 2411 2328 Hoc
2440 2273 2612 2327 nobis
2647 2272 2831 2340 gessit
2875 2269 3169 2338 Salvator,
3219 2286 3337 2324 non
3386 2270 3533 2324 sibi.
3581 2269 3821 2324 Similiter
3843 2272 3882 2340 et

2290 2345 2452 2415 quod
2466 2338 2687 2408 esuriit,
2710 2359 2829 2398 non
2850 2358 2961 2398 sua
2985 2357 3189 2415 causa,
3207 2341 3306 2395 sed
3328 2347 3533 2415 nostra
3562 2346 3665 2395 est.
3686 2338 3883 2415 ieiuniis

2291 2410 2448 2471 enim
2500 2431 2638 2469 cum
2679 2421 2970 2485 superatm
3021 2413 3270 2468 fuissent
3311 2414 3662 2485 tentationes
3689 2410 3881 2485 diaboli,

2292 2502 2427 2557 quae
2458 2486 2591 2541 ideo
2610 2481 2840 2557 scriptae
2854 2501 2973 2541 non
3002 2491 3159 2551 sunt,
3188 2486 3330 2555 quia
3347 2486 3420 2539 ad
3451 2483 3767 2556 profectum
3783 2481 3885 2557 doc-

2294 2554 2463 2613 trinae
2492 2573 2611 2612 non
2642 2554 2933 2627 pertinent
2960 2574 2972 2621 ;
3005 2554 3235 2627 postea,
3265 2556 3318 2609 id
3365 2554 3475 2621 est,
3525 2561 3655 2627 post
3685 2554 3888 2627 quadra—

2294 2630 2457 2699 ginta
2488 2629 2617 2683 dies
2653 2629 2941 2699 permisit,
2976 2634 3039 2682 ut
3068 2627 3256 2699 (quod
3292 2628 3555 2682 hominis
3595 2627 3731 2695 erat)
3748 2630 3885 2699 pate-

2294 2695 2452 2755 retur
2486 2695 2709 2755 famem
2738 2716 2750 2753 :
2787 2704 2847 2753 ut
2874 2695 3086 2753 videns
3117 2695 3417 2762 diabolus,
3446 2698 3547 2766 qui
3578 2699 3696 2768 jam
3743 2695 3888 2751 fuerat

2295 2776 2631 2841 superatus,
2649 2770 3123 2825 infirmitatemin
3140 2785 3209 2824 eo
3236 2770 3437 2831 famis,
3469 2770 3890 2824 incitareturrur-

2293 2859 2425 2897 sum
2457 2842 2535 2897 ad
2576 2841 2951 2905 tentandum,
2980 2841 3186 2895 videns
3227 2841 3538 2895 hominem
3570 2855 3691 2893 esse
3728 2855 3759 2892 a
3800 2850 3891 2906 quo

2296 2914 2790 2969 vincebatur.tioc
2821 2914 2980 2967 enim
3009 2911 3115 2967 fuit
3148 2912 3507 2983 mysterium
3528 2908 3894 2983 Salvatoris,ut

2295 2986 2437 3057 quia
2466 2984 2695 3040 homini
2731 2984 2881 3039 victo
2910 2977 3235 3057 insultabajt
3266 2988 3321 3037 et
3367 2982 3794 3057 dominabatur,
3836 2977 3893 3032 ab

2294 3054 2537 3111 homine
2566 3057 2920 3119 vinceretur,
2953 3060 3013 3109 ut
3038 3054 3136 3109 Dei
3169 3054 3355 3108 virtus
3386 3054 3618 3109 homini
3640 3056 3889 3106 victoriam

2297 3129 2629 3201 acquireret
2657 3144 2669 3182 :
2699 3135 2764 3201 et
2800 3128 2883 3180 sic
2914 3125 3105 3201 magis
3135 3123 3547 3201 vrilis‘effectus
3572 3131 3655 3180 est
3683 3127 3893 3201 satanas.

2297 3196 2434 3254 cum
2462 3204 2519 3254 et
2548 3198 2855 3253 hominem
2884 3200 3092 3262 cernit,
3130 3200 3188 3251 et
3233 3196 3514 3252 virtutem
3550 3211 3665 3251 non
3690 3196 3896 3262 hominis

2297 3270 2586 3339 intelligit.
2612 3268 2926 3325 Mirabatur
2954 3259 3113 3323 enim
3146 3274 3385 3339 stupore
3418 3268 3746 3330 hebetatus,
3773 3259 3899 3335 quod

2300 3338 2650 3414 mysterium
2683 3342 2898 3414 inesset
2920 3341 3080 3414 quod
3098 3356 3163 3414 se
3184 3338 3414 3395 lateret:
3454 3338 3900 3414 utpotestasesset

2300 3408 2646 3478 accedendi,
2663 3408 3167 3467 circumveniendi
3192 3426 3311 3465 non
3325 3417 3508 3465 esset.
3532 3408 3759 3464 Duabus
3780 3408 3897 3461 enim

2296 3500 2366 3540 ex
2400 3484 2597 3539 causis
2632 3484 3045 3553 torquebatur.
3088 3482 3310 3536 Videns
3339 3483 3503 3536 enim
3526 3480 3898 3553 inﬁrmitatem,

2300 3554 2642 3617 accedebat,
2660 3549 3388 3616 etinveniebatvirtntem;
3417 3558 3483 3607 ut
3510 3549 3902 3606 cernenshomi-

2302 3644 2437 3683 nem
2470 3632 2783 3696 suspectus
2823 3630 2979 3679 esset
3009 3625 3082 3679 de
3118 3624 3211 3678 Dei
3262 3626 3515 3678 virtute.
3562 3624 3643 3696 Ad
3672 3623 3773 3677 hoc
3797 3632 3901 3685 ergo

2301 3697 2523 3760 esuriit,
2559 3694 2907 3752 utilluderet
2935 3696 3215 3751 astutiam
3234 3700 3487 3749 satanas.
3518 3694 3729 3749 Idcirco
3752 3697 3903 3746 autem

2303 3786 2422 3825 non
2440 3767 3019 3840 amplinsjejunavit.
3038 3771 3098 3821 ut
3120 3767 3525 3840 concordaret
3543 3765 3772 3840 Moysiet
3788 3762 3904 3840 Elite.

2375 3844 2413 3897 Χ
2440 3842 2527 3910 (6)-
2549 3836 2617 3881 --
2649 3836 2800 3905 Οἷιὶἱι
2846 3844 2934 3911 est
2960 3844 3020 3892 ut
3054 3854 3190 3911 cum
3214 3838 3392 3911 prius
3415 3839 3678 3911 Joannes
3696 3836 3905 3911 Baptista

2304 3904 2711 3968 testimonium
2737 3909 3104 3980 perhibuerit
3131 3904 3454 3973 Salvatori,
3484 3915 3689 3979 postea
3722 3904 3908 3959 dubita-

2304 3984 2454 4040 verit
2479 3984 2683 4038 dicens
2702 3998 2805 4052 per
2833 3980 3161 4051 discipulos
3197 3996 3210 4033 :
3237 3981 3316 4035 Tu
3334 3996 3385 4034 es
3411 3982 3513 4052 qui
3539 3985 3906 4035 ventur-mem!

2304 4056 2483 4111 alium
2513 4050 2879 4124 exspectamus
2908 4050 3128 4123 (Matth.
3166 4069 3245 4117 xu,
3280 4050 3486 4124 33-10)?

2378 4116 2793 4191 QuiJoa'nnem
2821 4116 3375 4187 putantdubitasse,
3420 4116 3910 4177 detrahuntSalva-

2309 4190 2441 4253 tori.
2468 4202 2578 4252 Aut
2607 4197 2767 4251 enim
2800 4195 2967 4251 illum
2998 4201 3151 4251 recte
3185 4200 3471 4249 asserunt
3501 4193 3803 4251 dubitasse,
3836 4190 3910 4239 aut

2308 4274 2463 4324 certe
2492 4268 2807 4338 imperitiae
2826 4272 3081 4338 arguunt
3104 4265 3479 4338 Salvatorem
3498 4265 3668 4338 ;quia
3693 4263 3912 4338 sicutpgj

2312 4346 2460 4403 tant,
2491 4327 2644 4393 male
2667 4340 2741 4392 de
2770 4354 2833 4393 se
2862 4327 3209 4393 sentientem
3243 4327 3661 4391 laudavit.'Sed
3684 4327 3910 4405 quialalli

2315 4402 2682 4465 Salvatorem
2730 4408 3095 4481 impossibile
3135 4414 3241 4481 est,
3277 4412 3433 4462 recte
3464 4402 3748 4481 laudatus
3768 4402 3831 4481 ab
3862 4411 3912 4481 eo

2309 4483 2578 4536 Joannes
2614 4486 2721 4535 est.
2759 4474 2999 4536 Si'recte
3033 4480 3311 4534 laudatus
3359 4483 3471 4541 est,
3509 4493 3627 4532 non
3655 4474 3910 4541 dubitavit

2313 4553 2445 4624 Ipso
2473 4554 2633 4625 enim
2659 4558 2927 4625 tempore
2954 4550 3261 4625 quomisit
3285 4550 3362 4603 ad
3386 4551 3437 4625 J_
3426 4539 3599 4604 esum
3625 4550 3846 4625 Joannes
3860 4539 3912 4593 de

2313 4621 2902 4697 carcerediscipulos
2920 4621 3324 4697 suos,‘dicens_
3344 4644 3356 4673 :
3391 4621 3473 4675 Tu
3504 4638 3556 4675 es
3593 4621 3684 4691 qui
3712 4622 3913 4697 uestiit”

2312 4713 2385 4761 es,
2412 4714 2483 4750 an
2512 4695 2684 4750 alium
2711 4685 3112 4764 exspectamus?
3136 4698 3273 4765 tunc
3301 4694 3473 4765 lesus
3507 4685 3913 4765 responditdis:

2316 4757 2528 4839 cipulis
2558 4768 2686 4839 ejus
2718 4757 2924 4839 dicens
2957 4785 2969 4819 :
2997 4765 3092 4828 Ite,
3118 4763 3293 4839 dicite
3311 4763 3532 4839 Ἰοαηηὶ
3555 4757 3855 4839 qumvidetis
3881 4757 3914 4803 rt

2312 4826 2539 4893 auditis.
2583 4826 2727 4893 Caeci
2764 4836 2972 4901 vident,
2998 4826 3157 4890 surdi
3184 4834 3443 4899 audiunt,
3484 4826 3914 4906 lep'rosimundqg-

2317 4915 2429 4972 tur,
2458 4908 2641 4964 claudi
2665 4895 2968 4970 ambulant,
2996 4907 3209 4961 mortui
3250 4895 3568 4977 resurguni,
3595 4911 3645 4959 et
3675 4895 3913 4977 beatusqillt

2315 4981 2410 5052 qui
2428 4998 2530 5035 non
2554 4980 2725 5051 fuerit
2747 4978 3215 5052 scandalizatusin
3238 4994 3343 5052 me:
3357 4976 3737 5052 Abeuntibus
3752 4976 3909 5052 autent

2317 5036 2847 5135 nuntiis'ioannis,
2878 5050 3060 5135 cmpit
3081 5052 3259 5135 Iesus
3309 5049 3511 5135 dicere
3557 5048 3631 5135 ad
3664 5036 3911 5135 turbas}:

2312 5126 2539 5179 Joanne
2568 5113 2871 5194 Baptista:
2913 5113 3060 5187 Quid
3090 5121 3282 5194 existis
3320 5122 3377 5194 in
3415 5120 3683 5194 desertum
3730 5113 3907 5194 οἱδιζζεξ

2316 5178 2641 5250 arundinem
2658 5178 2821 5248 ‘vento
2841 5178 3066 5257 moberi,
3091 5192 3467 5263 authominem
3485 5178 3911 5263 mollibusautibﬂ

2317 5266 2569 5322 indutum
2598 5265 2627 5320 ?
2657 5265 2790 5320 Ecce
2838 5266 2941 5333 qui
2977 5252 3225 5319 mollibus
3261 5262 3593 5324 vestiuntur,
3618 5260 3701 5333 fin

2318 5355 2504 5406 regum
2534 5345 2679 5391 sunt.
2707 5335 2814 5392 Sed
2833 5323 2966 5406 quid
2994 5337 3181 5390 existis
3210 5334 3389 5388 videre
3416 5335 3445 5388 Υ
3473 5332 3788 5458 ρνοῆζιειαπι.
3816 5323 3909 5377 Dico

2318 5410 2468 5458 vobis
2503 5408 2758 5458 aimniam
2814 5407 2935 5458 alus
2977 5423 3141 5458 auam
3186 5405 3523 5458 nronhetam.
3612 5421 3657 5457 sc
3685 5398 3909 5458 utdel?“

2316 5398 2468 5464 vobis
2503 5408 2758 5480 quoniam
2814 5398 2935 5476 plus
2977 5423 3141 5480 quam
3185 5398 3523 5480 prophetam.
3561 5398 3657 5458 Hic
3685 5398 3911 5480 eadem

2318 5464 2580 5552 scriptum
2605 5486 2701 5545 est,
2737 5464 2870 5534 Eo'ce
2909 5464 3001 5548 ego
3038 5464 3197 5533 mitto
3233 5464 3495 5547 angelum
3526 5491 3691 5530 meum
3729 5476 3830 5525 ante
3852 5464 3911 5531 [a-

2381 5579 2453 5641 (a)
2488 5578 2715 5627 Deestin
2745 5577 2933 5641 iisdem
2961 5576 3086 5641 Mss.

2384 5639 2452 5702 (ω
2488 5641 2644 5690 Deest
2674 5642 2727 5688 in
2763 5639 2952 5688 iisdem
2989 5640 3113 5691 Mss.

2390 5704 2453 5766 (e)
2487 5702 2647 5753 Deest
2668 5703 2724 5752 in
2761 5702 2884 5752 Mss.
2920 5702 3078 5767 primi
3112 5702 3346 5766 generis.
