  <div class='ocr_page' id='page_1' title='image "/cluster/home/n/w/nwhite01/storage/ocr_20150623/35/hvd.32044054170956/550.png"; bbox 0 0 4140 6208; ppageno 0'>
   <div class='ocr_carea' id='block_1_1' title="bbox 3368 28 3757 37">
    <p class='ocr_par' dir='ltr' id='par_1_1' title="bbox 3368 28 3757 37">
     <span class='ocr_line' id='line_1_1' title="bbox 3368 28 3757 37; baseline -0.005 -2"><span class='ocrx_word' id='word_1_1' title='bbox 3368 28 3619 37; x_wconf 37' lang='grc' dir='ltr'>γπιι-Ϋν-υ-φλν</span> <span class='ocrx_word' id='word_1_2' title='bbox 3648 28 3757 36; x_wconf 66' lang='lat'>--.</span> 
     </span>
    </p>
   </div>
   <div class='ocr_carea' id='block_1_2' title="bbox 109 27 3975 71">
    <p class='ocr_par' dir='ltr' id='par_1_2' title="bbox 109 27 3975 71">
     <span class='ocr_line' id='line_1_2' title="bbox 109 27 3757 61; baseline -0.006 -7"><span class='ocrx_word' id='word_1_3' title='bbox 109 27 3619 61; x_wconf 33' lang='lat' dir='ltr'>mar</span> <span class='ocrx_word' id='word_1_4' title='bbox 3648 28 3721 36; x_wconf 69' lang='lat'>_-</span> <span class='ocrx_word' id='word_1_5' title='bbox 3754 30 3757 33; x_wconf 69' lang='grc'><strong>,</strong></span> 
     </span>
     <span class='ocr_line' id='line_1_3' title="bbox 714 52 3975 71; baseline -0.002 -2"><span class='ocrx_word' id='word_1_6' title='bbox 714 64 779 67; x_wconf 36' lang='grc' dir='ltr'>-ᾜκ</span> <span class='ocrx_word' id='word_1_7' title='bbox 818 66 829 67; x_wconf 38' lang='grc' dir='ltr'><em>κ</em></span> <span class='ocrx_word' id='word_1_8' title='bbox 862 66 865 67; x_wconf 48' lang='grc' dir='ltr'><em>ν</em></span> <span class='ocrx_word' id='word_1_9' title='bbox 896 64 1197 69; x_wconf 36' lang='grc' dir='ltr'>Ὕ-κῨκ--νιΗ,-</span> <span class='ocrx_word' id='word_1_10' title='bbox 1224 64 1251 67; x_wconf 51' lang='grc' dir='ltr'><strong><em>μ</em></strong></span> <span class='ocrx_word' id='word_1_11' title='bbox 1272 62 1543 69; x_wconf 46' lang='grc' dir='ltr'>η--κ-Ἡν</span> <span class='ocrx_word' id='word_1_12' title='bbox 1562 64 1579 65; x_wconf 56' lang='grc' dir='ltr'>η</span> <span class='ocrx_word' id='word_1_13' title='bbox 1714 60 1747 65; x_wconf 58' lang='grc' dir='ltr'>νι-</span> <span class='ocrx_word' id='word_1_14' title='bbox 1766 60 1777 63; x_wconf 45' lang='grc' dir='ltr'><em>Α</em></span> <span class='ocrx_word' id='word_1_15' title='bbox 2514 68 2523 71; x_wconf 45' lang='grc' dir='ltr'><strong>ν</strong></span> <span class='ocrx_word' id='word_1_16' title='bbox 2638 68 2643 69; x_wconf 29' lang='grc' dir='ltr'><em>γ</em></span> <span class='ocrx_word' id='word_1_17' title='bbox 3350 60 3351 63; x_wconf 61' lang='grc' dir='ltr'><strong>η</strong></span> <span class='ocrx_word' id='word_1_18' title='bbox 3386 58 3401 63; x_wconf 56' lang='grc' dir='ltr'>λν</span> <span class='ocrx_word' id='word_1_19' title='bbox 3444 58 3461 63; x_wconf 75' lang='lat'><strong><em>—</em></strong></span> <span class='ocrx_word' id='word_1_20' title='bbox 3490 52 3639 67; x_wconf 57' lang='grc' dir='ltr'>-.ψη</span> <span class='ocrx_word' id='word_1_21' title='bbox 3664 58 3677 65; x_wconf 64' lang='grc' dir='ltr'>υ</span> <span class='ocrx_word' id='word_1_22' title='bbox 3698 52 3737 69; x_wconf 59' lang='lat' dir='ltr'>-r‘.</span> <span class='ocrx_word' id='word_1_23' title='bbox 3770 58 3807 67; x_wconf 40' lang='grc' dir='ltr'>γι,</span> <span class='ocrx_word' id='word_1_24' title='bbox 3876 60 3887 69; x_wconf 29' lang='grc' dir='ltr'>.η</span> <span class='ocrx_word' id='word_1_25' title='bbox 3960 62 3975 69; x_wconf 62' lang='grc' dir='ltr'><em>Γ</em></span> 
     </span>
    </p>
   </div>
   <div class='ocr_carea' id='block_1_3' title="bbox 1826 88 1832 95">
    <p class='ocr_par' dir='ltr' id='par_1_3' title="bbox 1826 88 1832 95">
     <span class='ocr_line' id='line_1_4' title="bbox 1826 88 1832 95; baseline 0 0"><span class='ocrx_word' id='word_1_26' title='bbox 1826 88 1832 95; x_wconf 71' lang='grc' dir='ltr'>ι</span> 
     </span>
    </p>
   </div>
   <div class='ocr_carea' id='block_1_4' title="bbox 714 60 1747 69">
    <p class='ocr_par' dir='ltr' id='par_1_4' title="bbox 714 60 1747 69">
     <span class='ocr_line' id='line_1_5' title="bbox 714 60 1747 69; baseline -0.003 0"><span class='ocrx_word' id='word_1_27' title='bbox 714 64 779 67; x_wconf 38' lang='grc' dir='ltr'>-ή-ικ</span> <span class='ocrx_word' id='word_1_28' title='bbox 818 66 829 67; x_wconf 41' lang='grc' dir='ltr'><em>γ</em></span> <span class='ocrx_word' id='word_1_29' title='bbox 862 66 865 67; x_wconf 46' lang='grc' dir='ltr'><em>ν</em></span> <span class='ocrx_word' id='word_1_30' title='bbox 896 64 1197 69; x_wconf 35' lang='grc' dir='ltr'>Ὕ-κῨῨ-.νιΗ,-</span> <span class='ocrx_word' id='word_1_31' title='bbox 1224 64 1251 67; x_wconf 49' lang='grc' dir='ltr'><strong><em>μ</em></strong></span> <span class='ocrx_word' id='word_1_32' title='bbox 1272 62 1543 69; x_wconf 46' lang='grc' dir='ltr'>...ψ-Ἢν</span> <span class='ocrx_word' id='word_1_33' title='bbox 1562 64 1579 65; x_wconf 51' lang='grc' dir='ltr'>η</span> <span class='ocrx_word' id='word_1_34' title='bbox 1714 60 1747 65; x_wconf 58' lang='grc' dir='ltr'>νι-</span> 
     </span>
    </p>
   </div>
   <div class='ocr_carea' id='block_1_5' title="bbox 264 236 395 295">
    <p class='ocr_par' dir='ltr' id='par_1_5' title="bbox 264 236 395 295">
     <span class='ocr_line' id='line_1_6' title="bbox 264 236 395 295; baseline -0.008 0"><span class='ocrx_word' id='word_1_35' title='bbox 264 236 395 295; x_wconf 70' lang='grc'>2401</span> 
     </span>
    </p>
   </div>
   <div class='ocr_carea' id='block_1_6' title="bbox 260 360 1902 434">
    <p class='ocr_par' dir='ltr' id='par_1_6' title="bbox 260 360 1902 434">
     <span class='ocr_line' id='line_1_7' title="bbox 260 360 1902 434; baseline 0.001 -16"><span class='ocrx_word' id='word_1_36' title='bbox 260 363 394 418; x_wconf 83' lang='lat' dir='ltr'>ciem</span> <span class='ocrx_word' id='word_1_37' title='bbox 419 368 590 425; x_wconf 85' lang='lat' dir='ltr'>tuam,</span> <span class='ocrx_word' id='word_1_38' title='bbox 619 360 1015 434; x_wconf 70' lang='lat' dir='ltr'>qui_praeparet</span> <span class='ocrx_word' id='word_1_39' title='bbox 1042 360 1187 434; x_wconf 81' lang='lat' dir='ltr'>viam</span> <span class='ocrx_word' id='word_1_40' title='bbox 1208 366 1380 434; x_wconf 86' lang='lat' dir='ltr'>tuam.</span> <span class='ocrx_word' id='word_1_41' title='bbox 1405 361 1567 417; x_wconf 90' lang='lat' dir='ltr'>Tunc</span> <span class='ocrx_word' id='word_1_42' title='bbox 1595 361 1902 434; x_wconf 89' lang='lat' dir='ltr'>publicani</span> 
     </span>
    </p>
   </div>
   <div class='ocr_carea' id='block_1_7' title="bbox 260 432 1899 505">
    <p class='ocr_par' dir='ltr' id='par_1_7' title="bbox 260 432 1899 505">
     <span class='ocr_line' id='line_1_8' title="bbox 260 432 1899 505; baseline -0.002 -16"><span class='ocrx_word' id='word_1_43' title='bbox 260 434 653 489; x_wconf 91' lang='lat' dir='ltr'>laudaverunt</span> <span class='ocrx_word' id='word_1_44' title='bbox 705 432 911 505; x_wconf 80' lang='lat' dir='ltr'>Deum,</span> <span class='ocrx_word' id='word_1_45' title='bbox 964 432 1232 505; x_wconf 84' lang='lat' dir='ltr'>baptizati</span> <span class='ocrx_word' id='word_1_46' title='bbox 1278 432 1899 505; x_wconf 52' lang='lat' dir='ltr'>baptismo&#39;Joannis.</span> 
     </span>
    </p>
   </div>
   <div class='ocr_carea' id='block_1_8' title="bbox 259 501 1904 575">
    <p class='ocr_par' dir='ltr' id='par_1_8' title="bbox 259 501 1904 575">
     <span class='ocr_line' id='line_1_9' title="bbox 259 501 1904 575; baseline 0.001 -16"><span class='ocrx_word' id='word_1_47' title='bbox 259 507 494 569; x_wconf 90' lang='lat' dir='ltr'>Quanta</span> <span class='ocrx_word' id='word_1_48' title='bbox 541 508 741 558; x_wconf 91' lang='lat' dir='ltr'>autem</span> <span class='ocrx_word' id='word_1_49' title='bbox 782 501 915 557; x_wconf 90' lang='lat' dir='ltr'>laus</span> <span class='ocrx_word' id='word_1_50' title='bbox 944 501 1087 575; x_wconf 85' lang='lat' dir='ltr'>data</span> <span class='ocrx_word' id='word_1_51' title='bbox 1123 504 1339 560; x_wconf 88' lang='lat' dir='ltr'>Joanni</span> <span class='ocrx_word' id='word_1_52' title='bbox 1363 501 1476 569; x_wconf 54' lang='lat' dir='ltr'>&#39;est,</span> <span class='ocrx_word' id='word_1_53' title='bbox 1503 511 1562 560; x_wconf 93' lang='lat' dir='ltr'>ut</span> <span class='ocrx_word' id='word_1_54' title='bbox 1592 505 1721 575; x_wconf 86' lang='lat' dir='ltr'>plus</span> <span class='ocrx_word' id='word_1_55' title='bbox 1751 506 1904 561; x_wconf 90' lang='lat' dir='ltr'>dice-</span> 
     </span>
    </p>
   </div>
   <div class='ocr_carea' id='block_1_9' title="bbox 256 573 1906 646">
    <p class='ocr_par' dir='ltr' id='par_1_9' title="bbox 256 573 1906 646">
     <span class='ocr_line' id='line_1_10' title="bbox 256 573 1906 646; baseline 0 -14"><span class='ocrx_word' id='word_1_56' title='bbox 256 583 414 632; x_wconf 82' lang='lat' dir='ltr'><strong>retur</strong></span> <span class='ocrx_word' id='word_1_57' title='bbox 446 590 575 630; x_wconf 88' lang='lat' dir='ltr'>esse</span> <span class='ocrx_word' id='word_1_58' title='bbox 605 590 792 645; x_wconf 89' lang='lat' dir='ltr'>quam</span> <span class='ocrx_word' id='word_1_59' title='bbox 821 573 1199 646; x_wconf 84' lang='lat' dir='ltr'>propheta.et</span> <span class='ocrx_word' id='word_1_60' title='bbox 1227 575 1469 631; x_wconf 88' lang='lat' dir='ltr'>beatum</span> <span class='ocrx_word' id='word_1_61' title='bbox 1508 573 1677 631; x_wconf 81' lang='lat' dir='ltr'>vocat</span> <span class='ocrx_word' id='word_1_62' title='bbox 1697 577 1906 632; x_wconf 87' lang='lat' dir='ltr'>Salva-</span> 
     </span>
    </p>
   </div>
   <div class='ocr_carea' id='block_1_10' title="bbox 260 646 1903 719">
    <p class='ocr_par' dir='ltr' id='par_1_10' title="bbox 260 646 1903 719">
     <span class='ocr_line' id='line_1_11' title="bbox 260 646 1903 719; baseline 0.001 -16"><span class='ocrx_word' id='word_1_63' title='bbox 260 654 347 703; x_wconf 94' lang='lat' dir='ltr'>tor</span> <span class='ocrx_word' id='word_1_64' title='bbox 376 663 515 719; x_wconf 88' lang='lat' dir='ltr'>eum</span> <span class='ocrx_word' id='word_1_65' title='bbox 561 648 663 719; x_wconf 95' lang='lat' dir='ltr'>qui</span> <span class='ocrx_word' id='word_1_66' title='bbox 708 661 829 700; x_wconf 92' lang='lat' dir='ltr'>non</span> <span class='ocrx_word' id='word_1_67' title='bbox 881 647 1314 719; x_wconf 85' lang='lat' dir='ltr'>scandalizatur</span> <span class='ocrx_word' id='word_1_68' title='bbox 1340 648 1399 702; x_wconf 91' lang='lat' dir='ltr'>in</span> <span class='ocrx_word' id='word_1_69' title='bbox 1450 646 1563 703; x_wconf 81' lang='lat' dir='ltr'>se?</span> <span class='ocrx_word' id='word_1_70' title='bbox 1593 649 1903 719; x_wconf 85' lang='lat' dir='ltr'>quomodo</span> 
     </span>
    </p>
   </div>
   <div class='ocr_carea' id='block_1_11' title="bbox 259 717 1905 788">
    <p class='ocr_par' dir='ltr' id='par_1_11' title="bbox 259 717 1905 788">
     <span class='ocr_line' id='line_1_12' title="bbox 259 717 1905 788; baseline 0.001 -13"><span class='ocrx_word' id='word_1_71' title='bbox 259 718 537 775; x_wconf 78' lang='lat' dir='ltr'>laudatur</span> <span class='ocrx_word' id='word_1_72' title='bbox 560 718 819 772; x_wconf 80' lang='lat' dir='ltr'>Joannes</span> <span class='ocrx_word' id='word_1_73' title='bbox 841 717 944 788; x_wconf 90' lang='lat' dir='ltr'>qui</span> <span class='ocrx_word' id='word_1_74' title='bbox 967 717 1303 774; x_wconf 90' lang='lat' dir='ltr'>dubitando</span> <span class='ocrx_word' id='word_1_75' title='bbox 1326 717 1760 775; x_wconf 84' lang='lat' dir='ltr'>scandaliiatus</span> <span class='ocrx_word' id='word_1_76' title='bbox 1781 721 1905 776; x_wconf 84' lang='lat' dir='ltr'>est?</span> 
     </span>
    </p>
   </div>
   <div class='ocr_carea' id='block_1_12' title="bbox 259 788 1904 859">
    <p class='ocr_par' dir='ltr' id='par_1_12' title="bbox 259 788 1904 859">
     <span class='ocr_line' id='line_1_13' title="bbox 259 788 1904 859; baseline -0.001 -12"><span class='ocrx_word' id='word_1_77' title='bbox 259 790 373 847; x_wconf 86' lang='lat' dir='ltr'>Sed</span> <span class='ocrx_word' id='word_1_78' title='bbox 400 805 520 844; x_wconf 91' lang='lat' dir='ltr'>non</span> <span class='ocrx_word' id='word_1_79' title='bbox 543 790 742 859; x_wconf 90' lang='lat' dir='ltr'>utique</span> <span class='ocrx_word' id='word_1_80' title='bbox 765 788 1081 844; x_wconf 88' lang='lat' dir='ltr'>dubitavit.</span> <span class='ocrx_word' id='word_1_81' title='bbox 1110 790 1260 845; x_wconf 89' lang='lat' dir='ltr'>Laus</span> <span class='ocrx_word' id='word_1_82' title='bbox 1283 792 1439 845; x_wconf 91' lang='lat' dir='ltr'>enim</span> <span class='ocrx_word' id='word_1_83' title='bbox 1470 792 1709 847; x_wconf 91' lang='lat' dir='ltr'>beatum</span> <span class='ocrx_word' id='word_1_84' title='bbox 1738 791 1904 846; x_wconf 91' lang='lat' dir='ltr'>illum</span> 
     </span>
    </p>
   </div>
   <div class='ocr_carea' id='block_1_13' title="bbox 258 860 1904 935">
    <p class='ocr_par' dir='ltr' id='par_1_13' title="bbox 258 860 1904 935">
     <span class='ocr_line' id='line_1_14' title="bbox 258 860 1904 935; baseline 0 -18"><span class='ocrx_word' id='word_1_85' title='bbox 258 862 493 935; x_wconf 86' lang='lat' dir='ltr'>probat,</span> <span class='ocrx_word' id='word_1_86' title='bbox 525 862 669 935; x_wconf 86' lang='lat' dir='ltr'>quia</span> <span class='ocrx_word' id='word_1_87' title='bbox 700 876 818 915; x_wconf 91' lang='lat' dir='ltr'>non</span> <span class='ocrx_word' id='word_1_88' title='bbox 842 867 929 914; x_wconf 90' lang='lat' dir='ltr'>est</span> <span class='ocrx_word' id='word_1_89' title='bbox 960 860 1421 935; x_wconf 64' lang='lat' dir='ltr'>scandalizatus.</span> <span class='ocrx_word' id='word_1_90' title='bbox 1443 864 1594 918; x_wconf 88' lang='lat' dir='ltr'>Nam</span> <span class='ocrx_word' id='word_1_91' title='bbox 1623 868 1678 935; x_wconf 90' lang='lat' dir='ltr'>et</span> <span class='ocrx_word' id='word_1_92' title='bbox 1710 863 1904 917; x_wconf 88' lang='lat' dir='ltr'>Salva-</span> 
     </span>
    </p>
   </div>
   <div class='ocr_carea' id='block_1_14' title="bbox 260 932 1903 1005">
    <p class='ocr_par' dir='ltr' id='par_1_14' title="bbox 260 932 1903 1005">
     <span class='ocr_line' id='line_1_15' title="bbox 260 932 1903 1005; baseline -0.001 -15"><span class='ocrx_word' id='word_1_93' title='bbox 260 932 346 990; x_wconf 82' lang='lat' dir='ltr'>tor</span> <span class='ocrx_word' id='word_1_94' title='bbox 376 932 591 993; x_wconf 88' lang='lat' dir='ltr'>idcirco</span> <span class='ocrx_word' id='word_1_95' title='bbox 620 932 750 1005; x_wconf 80' lang='lat' dir='ltr'>ipso</span> <span class='ocrx_word' id='word_1_96' title='bbox 775 936 1040 1003; x_wconf 85' lang='lat' dir='ltr'>tempore</span> <span class='ocrx_word' id='word_1_97' title='bbox 1071 932 1399 1005; x_wconf 17' lang='lat' dir='ltr'>inqlaudem</span> <span class='ocrx_word' id='word_1_98' title='bbox 1420 934 1668 989; x_wconf 85' lang='lat' dir='ltr'>Joannis</span> <span class='ocrx_word' id='word_1_99' title='bbox 1696 950 1903 1005; x_wconf 87' lang='lat' dir='ltr'>proru-</span> 
     </span>
    </p>
   </div>
   <div class='ocr_carea' id='block_1_15' title="bbox 260 1002 1905 1077">
    <p class='ocr_par' dir='ltr' id='par_1_15' title="bbox 260 1002 1905 1077">
     <span class='ocr_line' id='line_1_16' title="bbox 260 1002 1905 1077; baseline 0 -18"><span class='ocrx_word' id='word_1_100' title='bbox 260 1006 364 1077; x_wconf 93' lang='lat' dir='ltr'>pit,</span> <span class='ocrx_word' id='word_1_101' title='bbox 401 1011 461 1057; x_wconf 90' lang='lat' dir='ltr'>ut</span> <span class='ocrx_word' id='word_1_102' title='bbox 489 1002 825 1077; x_wconf 83' lang='lat' dir='ltr'>ostenderet</span> <span class='ocrx_word' id='word_1_103' title='bbox 850 1002 1096 1077; x_wconf 81' lang='lat' dir='ltr'>sensum</span> <span class='ocrx_word' id='word_1_104' title='bbox 1122 1004 1372 1077; x_wconf 83' lang='lat' dir='ltr'>Joannis</span> <span class='ocrx_word' id='word_1_105' title='bbox 1414 1021 1544 1059; x_wconf 90' lang='lat' dir='ltr'>esse</span> <span class='ocrx_word' id='word_1_106' title='bbox 1572 1002 1825 1061; x_wconf 79' lang='lat' dir='ltr'>liberum</span> <span class='ocrx_word' id='word_1_107' title='bbox 1870 1020 1905 1059; x_wconf 92' lang='lat' dir='ltr'>a</span> 
     </span>
    </p>
   </div>
   <div class='ocr_carea' id='block_1_16' title="bbox 260 1073 1907 1146">
    <p class='ocr_par' dir='ltr' id='par_1_16' title="bbox 260 1073 1907 1146">
     <span class='ocr_line' id='line_1_17' title="bbox 260 1073 1907 1146; baseline 0 -15"><span class='ocrx_word' id='word_1_108' title='bbox 260 1073 689 1146; x_wconf 79' lang='lat' dir='ltr'>discipulorum</span> <span class='ocrx_word' id='word_1_109' title='bbox 725 1073 852 1146; x_wconf 84' lang='lat' dir='ltr'>ejus</span> <span class='ocrx_word' id='word_1_110' title='bbox 881 1073 1271 1146; x_wconf 66' lang='lat' dir='ltr'>dubitatione.</span> <span class='ocrx_word' id='word_1_111' title='bbox 1309 1076 1570 1131; x_wconf 85' lang='lat' dir='ltr'>Joannes</span> <span class='ocrx_word' id='word_1_112' title='bbox 1620 1078 1777 1132; x_wconf 90' lang='lat' dir='ltr'>enim</span> <span class='ocrx_word' id='word_1_113' title='bbox 1811 1092 1907 1131; x_wconf 93' lang='lat' dir='ltr'>vo-</span> 
     </span>
    </p>
   </div>
   <div class='ocr_carea' id='block_1_17' title="bbox 258 1144 1904 1215">
    <p class='ocr_par' dir='ltr' id='par_1_17' title="bbox 258 1144 1904 1215">
     <span class='ocr_line' id='line_1_18' title="bbox 258 1144 1904 1215; baseline -0.002 -11"><span class='ocrx_word' id='word_1_114' title='bbox 258 1147 387 1204; x_wconf 89' lang='lat' dir='ltr'>lens</span> <span class='ocrx_word' id='word_1_115' title='bbox 415 1144 713 1200; x_wconf 56' lang='lat' dir='ltr'>&#39;mirantes</span> <span class='ocrx_word' id='word_1_116' title='bbox 739 1144 1062 1215; x_wconf 87' lang='lat' dir='ltr'>discipulos</span> <span class='ocrx_word' id='word_1_117' title='bbox 1092 1162 1234 1200; x_wconf 90' lang='lat' dir='ltr'>suos</span> <span class='ocrx_word' id='word_1_118' title='bbox 1267 1147 1655 1203; x_wconf 89' lang='lat' dir='ltr'>corroborare</span> <span class='ocrx_word' id='word_1_119' title='bbox 1703 1150 1761 1203; x_wconf 92' lang='lat' dir='ltr'>in</span> <span class='ocrx_word' id='word_1_120' title='bbox 1790 1147 1904 1201; x_wconf 88' lang='lat' dir='ltr'>ﬁde</span> 
     </span>
    </p>
   </div>
   <div class='ocr_carea' id='block_1_18' title="bbox 263 1216 1905 1292">
    <p class='ocr_par' dir='ltr' id='par_1_18' title="bbox 263 1216 1905 1292">
     <span class='ocr_line' id='line_1_19' title="bbox 263 1216 1905 1292; baseline 0 -19"><span class='ocrx_word' id='word_1_121' title='bbox 263 1218 604 1292; x_wconf 79' lang='lat' dir='ltr'>Salvatoris,</span> <span class='ocrx_word' id='word_1_122' title='bbox 657 1216 851 1292; x_wconf 76' lang='lat' dir='ltr'>sciens</span> <span class='ocrx_word' id='word_1_123' title='bbox 878 1217 1101 1292; x_wconf 86' lang='lat' dir='ltr'>exitum</span> <span class='ocrx_word' id='word_1_124' title='bbox 1134 1217 1245 1292; x_wconf 83' lang='lat' dir='ltr'>sibi</span> <span class='ocrx_word' id='word_1_125' title='bbox 1272 1220 1627 1292; x_wconf 73' lang='lat' dir='ltr'>imminere,</span> <span class='ocrx_word' id='word_1_126' title='bbox 1671 1236 1740 1275; x_wconf 91' lang='lat' dir='ltr'>ea</span> <span class='ocrx_word' id='word_1_127' title='bbox 1769 1235 1905 1292; x_wconf 68' lang='lat' dir='ltr'>quas</span> 
     </span>
    </p>
   </div>
   <div class='ocr_carea' id='block_1_19' title="bbox 261 1287 1905 1360">
    <p class='ocr_par' dir='ltr' id='par_1_19' title="bbox 261 1287 1905 1360">
     <span class='ocr_line' id='line_1_20' title="bbox 261 1287 1905 1360; baseline 0 -15"><span class='ocrx_word' id='word_1_128' title='bbox 261 1291 332 1345; x_wconf 91' lang='lat' dir='ltr'>de</span> <span class='ocrx_word' id='word_1_129' title='bbox 387 1290 517 1360; x_wconf 92' lang='lat' dir='ltr'>ipso</span> <span class='ocrx_word' id='word_1_130' title='bbox 548 1287 804 1360; x_wconf 76' lang='lat' dir='ltr'>dicebat,</span> <span class='ocrx_word' id='word_1_131' title='bbox 839 1302 938 1341; x_wconf 92' lang='lat' dir='ltr'>ore</span> <span class='ocrx_word' id='word_1_132' title='bbox 976 1288 1101 1358; x_wconf 89' lang='lat' dir='ltr'>ejus</span> <span class='ocrx_word' id='word_1_133' title='bbox 1128 1288 1309 1343; x_wconf 87' lang='lat' dir='ltr'>voluit</span> <span class='ocrx_word' id='word_1_134' title='bbox 1339 1291 1681 1345; x_wconf 90' lang='lat' dir='ltr'>conﬁrmari</span> <span class='ocrx_word' id='word_1_135' title='bbox 1718 1308 1730 1343; x_wconf 87' lang='lat'><strong>:</strong></span> <span class='ocrx_word' id='word_1_136' title='bbox 1769 1287 1905 1345; x_wconf 72' lang='lat' dir='ltr'>ideo</span> 
     </span>
    </p>
   </div>
   <div class='ocr_carea' id='block_1_20' title="bbox 263 1358 1901 1432">
    <p class='ocr_par' dir='ltr' id='par_1_20' title="bbox 263 1358 1901 1432">
     <span class='ocr_line' id='line_1_21' title="bbox 263 1358 1901 1432; baseline 0.001 -16"><span class='ocrx_word' id='word_1_137' title='bbox 263 1368 322 1416; x_wconf 94' lang='lat' dir='ltr'>ut</span> <span class='ocrx_word' id='word_1_138' title='bbox 353 1358 511 1415; x_wconf 82' lang='lat' dir='ltr'>testis</span> <span class='ocrx_word' id='word_1_139' title='bbox 539 1375 710 1413; x_wconf 90' lang='lat' dir='ltr'>verus</span> <span class='ocrx_word' id='word_1_140' title='bbox 754 1358 1284 1432; x_wconf 76' lang='lat' dir='ltr'>sit,_testiuionium</span> <span class='ocrx_word' id='word_1_141' title='bbox 1326 1362 1571 1431; x_wconf 87' lang='lat' dir='ltr'>potioris</span> <span class='ocrx_word' id='word_1_142' title='bbox 1602 1363 1901 1432; x_wconf 89' lang='lat' dir='ltr'>implorat,</span> 
     </span>
    </p>
   </div>
   <div class='ocr_carea' id='block_1_21' title="bbox 260 1430 1901 1503">
    <p class='ocr_par' dir='ltr' id='par_1_21' title="bbox 260 1430 1901 1503">
     <span class='ocr_line' id='line_1_22' title="bbox 260 1430 1901 1503; baseline -0.001 -15"><span class='ocrx_word' id='word_1_143' title='bbox 260 1439 318 1488; x_wconf 91' lang='lat' dir='ltr'>ut</span> <span class='ocrx_word' id='word_1_144' title='bbox 354 1447 562 1487; x_wconf 91' lang='lat' dir='ltr'>eorum</span> <span class='ocrx_word' id='word_1_145' title='bbox 590 1430 912 1485; x_wconf 87' lang='lat' dir='ltr'>concordia</span> <span class='ocrx_word' id='word_1_146' title='bbox 932 1431 1135 1503; x_wconf 79' lang='lat' dir='ltr'>omnis</span> <span class='ocrx_word' id='word_1_147' title='bbox 1163 1430 1522 1503; x_wconf 78' lang='lat' dir='ltr'>ambiguitas</span> <span class='ocrx_word' id='word_1_148' title='bbox 1552 1430 1901 1488; x_wconf 77' lang='lat' dir='ltr'>auferretur.</span> 
     </span>
    </p>
   </div>
   <div class='ocr_carea' id='block_1_22' title="bbox 263 1501 1906 1568">
    <p class='ocr_par' dir='ltr' id='par_1_22' title="bbox 263 1501 1906 1568">
     <span class='ocr_line' id='line_1_23' title="bbox 263 1501 1906 1568; baseline -0.001 -8"><span class='ocrx_word' id='word_1_149' title='bbox 263 1504 393 1561; x_wconf 92' lang='lat' dir='ltr'>Hoc</span> <span class='ocrx_word' id='word_1_150' title='bbox 442 1505 851 1557; x_wconf 90' lang='lat' dir='ltr'>commentum</span> <span class='ocrx_word' id='word_1_151' title='bbox 922 1501 1169 1556; x_wconf 89' lang='lat' dir='ltr'>Joannis</span> <span class='ocrx_word' id='word_1_152' title='bbox 1226 1501 1358 1568; x_wconf 53' lang='lat' dir='ltr'>est;</span> <span class='ocrx_word' id='word_1_153' title='bbox 1399 1512 1460 1558; x_wconf 90' lang='lat' dir='ltr'>ut</span> <span class='ocrx_word' id='word_1_154' title='bbox 1514 1504 1731 1559; x_wconf 90' lang='lat' dir='ltr'>dubios</span> <span class='ocrx_word' id='word_1_155' title='bbox 1784 1504 1906 1558; x_wconf 91' lang='lat' dir='ltr'>suis</span> 
     </span>
    </p>
   </div>
   <div class='ocr_carea' id='block_1_23' title="bbox 260 1572 1908 1647">
    <p class='ocr_par' dir='ltr' id='par_1_23' title="bbox 260 1572 1908 1647">
     <span class='ocr_line' id='line_1_24' title="bbox 260 1572 1908 1647; baseline 0 -18"><span class='ocrx_word' id='word_1_156' title='bbox 260 1574 433 1647; x_wconf 90' lang='lat' dir='ltr'>quasi</span> <span class='ocrx_word' id='word_1_157' title='bbox 462 1572 654 1627; x_wconf 91' lang='lat' dir='ltr'>verbis</span> <span class='ocrx_word' id='word_1_158' title='bbox 672 1575 947 1647; x_wconf 78' lang='lat' dir='ltr'>mitteret,</span> <span class='ocrx_word' id='word_1_159' title='bbox 982 1578 1046 1647; x_wconf 86' lang='lat' dir='ltr'>ut</span> <span class='ocrx_word' id='word_1_160' title='bbox 1077 1573 1286 1647; x_wconf 87' lang='lat' dir='ltr'>eadem</span> <span class='ocrx_word' id='word_1_161' title='bbox 1316 1576 1619 1630; x_wconf 87' lang='lat' dir='ltr'>audientes</span> <span class='ocrx_word' id='word_1_162' title='bbox 1649 1592 1685 1631; x_wconf 92' lang='lat' dir='ltr'>a</span> <span class='ocrx_word' id='word_1_163' title='bbox 1710 1575 1908 1630; x_wconf 88' lang='lat' dir='ltr'>Salva-</span> 
     </span>
    </p>
   </div>
   <div class='ocr_carea' id='block_1_24' title="bbox 264 1644 1907 1725">
    <p class='ocr_par' dir='ltr' id='par_1_24' title="bbox 264 1644 1907 1725">
     <span class='ocr_line' id='line_1_25' title="bbox 264 1644 1907 1725; baseline 0 -25"><span class='ocrx_word' id='word_1_164' title='bbox 264 1644 385 1725; x_wconf 73' lang='lat' dir='ltr'>tore</span> <span class='ocrx_word' id='word_1_165' title='bbox 412 1660 546 1725; x_wconf 66' lang='lat' dir='ltr'>quae</span> <span class='ocrx_word' id='word_1_166' title='bbox 569 1644 883 1724; x_wconf 84' lang='lat' dir='ltr'>audierant</span> <span class='ocrx_word' id='word_1_167' title='bbox 902 1660 941 1725; x_wconf 20' lang='lat' dir='ltr'>ai</span> <span class='ocrx_word' id='word_1_168' title='bbox 965 1646 1214 1725; x_wconf 39' lang='lat' dir='ltr'>.i‘oanne,</span> <span class='ocrx_word' id='word_1_169' title='bbox 1234 1646 1633 1725; x_wconf 67' lang='lat' dir='ltr'>ﬁrmarentur,</span> <span class='ocrx_word' id='word_1_170' title='bbox 1654 1647 1907 1725; x_wconf 85' lang='lat' dir='ltr'>scientes</span> 
     </span>
    </p>
   </div>
   <div class='ocr_carea' id='block_1_25' title="bbox 262 1715 1905 1786">
    <p class='ocr_par' dir='ltr' id='par_1_25' title="bbox 262 1715 1905 1786">
     <span class='ocr_line' id='line_1_26' title="bbox 262 1715 1905 1786; baseline -0.001 -13"><span class='ocrx_word' id='word_1_171' title='bbox 262 1715 461 1773; x_wconf 81' lang='lat' dir='ltr'>idonei</span> <span class='ocrx_word' id='word_1_172' title='bbox 479 1716 877 1786; x_wconf 86' lang='lat' dir='ltr'>procuratoris</span> <span class='ocrx_word' id='word_1_173' title='bbox 892 1721 946 1769; x_wconf 91' lang='lat' dir='ltr'>et</span> <span class='ocrx_word' id='word_1_174' title='bbox 974 1715 1206 1770; x_wconf 90' lang='lat' dir='ltr'>Domini</span> <span class='ocrx_word' id='word_1_175' title='bbox 1230 1718 1483 1772; x_wconf 78' lang='lat' dir='ltr'>ccelestis</span> <span class='ocrx_word' id='word_1_176' title='bbox 1500 1718 1905 1773; x_wconf 90' lang='lat' dir='ltr'>testimonium</span> 
     </span>
    </p>
   </div>
   <div class='ocr_carea' id='block_1_26' title="bbox 261 1788 1909 1857">
    <p class='ocr_par' dir='ltr' id='par_1_26' title="bbox 261 1788 1909 1857">
     <span class='ocr_line' id='line_1_27' title="bbox 261 1788 1909 1857; baseline -0.001 -13"><span class='ocrx_word' id='word_1_177' title='bbox 261 1791 318 1844; x_wconf 94' lang='lat' dir='ltr'>in</span> <span class='ocrx_word' id='word_1_178' title='bbox 351 1788 604 1842; x_wconf 89' lang='lat' dir='ltr'>dubium</span> <span class='ocrx_word' id='word_1_179' title='bbox 641 1788 839 1841; x_wconf 89' lang='lat' dir='ltr'>vocari</span> <span class='ocrx_word' id='word_1_180' title='bbox 883 1802 1003 1840; x_wconf 90' lang='lat' dir='ltr'>non</span> <span class='ocrx_word' id='word_1_181' title='bbox 1049 1803 1245 1857; x_wconf 71' lang='lat' dir='ltr'>posse.</span> <span class='ocrx_word' id='word_1_182' title='bbox 1280 1788 1502 1843; x_wconf 89' lang='lat' dir='ltr'>Idcirco</span> <span class='ocrx_word' id='word_1_183' title='bbox 1533 1796 1587 1843; x_wconf 91' lang='lat' dir='ltr'>et</span> <span class='ocrx_word' id='word_1_184' title='bbox 1634 1790 1909 1845; x_wconf 87' lang='lat' dir='ltr'>Salvator</span> 
     </span>
    </p>
   </div>
   <div class='ocr_carea' id='block_1_27' title="bbox 261 1857 1909 1931">
    <p class='ocr_par' dir='ltr' id='par_1_27' title="bbox 261 1857 1909 1931">
     <span class='ocr_line' id='line_1_28' title="bbox 261 1857 1909 1931; baseline 0 -16"><span class='ocrx_word' id='word_1_185' title='bbox 261 1860 429 1931; x_wconf 91' lang='lat' dir='ltr'>quasi</span> <span class='ocrx_word' id='word_1_186' title='bbox 442 1858 654 1914; x_wconf 90' lang='lat' dir='ltr'>Joanni</span> <span class='ocrx_word' id='word_1_187' title='bbox 670 1857 1063 1928; x_wconf 89' lang='lat' dir='ltr'>respondit,ut</span> <span class='ocrx_word' id='word_1_188' title='bbox 1078 1860 1527 1915; x_wconf 89' lang='lat' dir='ltr'>interJoannem</span> <span class='ocrx_word' id='word_1_189' title='bbox 1541 1862 1909 1929; x_wconf 88' lang='lat' dir='ltr'>interrogan-</span> 
     </span>
    </p>
   </div>
   <div class='ocr_carea' id='block_1_28' title="bbox 263 1930 1905 1999">
    <p class='ocr_par' dir='ltr' id='par_1_28' title="bbox 263 1930 1905 1999">
     <span class='ocr_line' id='line_1_29' title="bbox 263 1930 1905 1999; baseline 0.001 -14"><span class='ocrx_word' id='word_1_190' title='bbox 263 1930 378 1986; x_wconf 79' lang='lat' dir='ltr'>tem</span> <span class='ocrx_word' id='word_1_191' title='bbox 396 1936 449 1985; x_wconf 89' lang='lat' dir='ltr'>et</span> <span class='ocrx_word' id='word_1_192' title='bbox 465 1930 819 1985; x_wconf 87' lang='lat' dir='ltr'>Salvatorem</span> <span class='ocrx_word' id='word_1_193' title='bbox 834 1931 1277 1999; x_wconf 83' lang='lat' dir='ltr'>respondentem</span> <span class='ocrx_word' id='word_1_194' title='bbox 1290 1932 1580 1985; x_wconf 86' lang='lat' dir='ltr'>discerent</span> <span class='ocrx_word' id='word_1_195' title='bbox 1597 1932 1905 1987; x_wconf 86' lang='lat' dir='ltr'>veritatem.</span> 
     </span>
    </p>
   </div>
   <div class='ocr_carea' id='block_1_29' title="bbox 338 2001 1908 2072">
    <p class='ocr_par' dir='ltr' id='par_1_29' title="bbox 338 2001 1908 2072">
     <span class='ocr_line' id='line_1_30' title="bbox 338 2001 1908 2072; baseline 0.001 -16"><span class='ocrx_word' id='word_1_196' title='bbox 338 2002 401 2057; x_wconf 76' lang='lat' dir='ltr'>XI</span> <span class='ocrx_word' id='word_1_197' title='bbox 427 2001 537 2071; x_wconf 90' lang='lat' dir='ltr'>(a).</span> <span class='ocrx_word' id='word_1_198' title='bbox 571 2032 637 2040; x_wconf 95' lang='lat'><strong>—</strong></span> <span class='ocrx_word' id='word_1_199' title='bbox 668 2001 816 2072; x_wconf 87' lang='lat' dir='ltr'>Quid</span> <span class='ocrx_word' id='word_1_200' title='bbox 846 2001 1105 2072; x_wconf 87' lang='lat' dir='ltr'>estquod</span> <span class='ocrx_word' id='word_1_201' title='bbox 1137 2003 1410 2072; x_wconf 88' lang='lat' dir='ltr'>superius</span> <span class='ocrx_word' id='word_1_202' title='bbox 1439 2003 1729 2057; x_wconf 86' lang='lat' dir='ltr'>Herodem</span> <span class='ocrx_word' id='word_1_203' title='bbox 1755 2019 1908 2058; x_wconf 90' lang='lat' dir='ltr'>mor-</span> 
     </span>
    </p>
   </div>
   <div class='ocr_carea' id='block_1_30' title="bbox 266 2071 1910 2146">
    <p class='ocr_par' dir='ltr' id='par_1_30' title="bbox 266 2071 1910 2146">
     <span class='ocr_line' id='line_1_31' title="bbox 266 2071 1910 2146; baseline -0.001 -16"><span class='ocrx_word' id='word_1_204' title='bbox 266 2078 433 2146; x_wconf 89' lang='lat' dir='ltr'>tuum</span> <span class='ocrx_word' id='word_1_205' title='bbox 486 2071 992 2146; x_wconf 74' lang='lat' dir='ltr'>legimus_(Ma_ttli.</span> <span class='ocrx_word' id='word_1_206' title='bbox 1033 2088 1093 2146; x_wconf 73' lang='grc' dir='ltr'><strong>ιι,</strong></span> <span class='ocrx_word' id='word_1_207' title='bbox 1132 2071 1237 2142; x_wconf 78' lang='lat' dir='ltr'>l9),</span> <span class='ocrx_word' id='word_1_208' title='bbox 1268 2076 1417 2128; x_wconf 89' lang='lat' dir='ltr'>infra</span> <span class='ocrx_word' id='word_1_209' title='bbox 1455 2081 1657 2129; x_wconf 89' lang='lat' dir='ltr'>autem</span> <span class='ocrx_word' id='word_1_210' title='bbox 1696 2082 1751 2129; x_wconf 91' lang='lat' dir='ltr'>et</span> <span class='ocrx_word' id='word_1_211' title='bbox 1779 2079 1910 2146; x_wconf 92' lang='lat' dir='ltr'>post</span> 
     </span>
    </p>
   </div>
   <div class='ocr_carea' id='block_1_31' title="bbox 267 2144 1905 2216">
    <p class='ocr_par' dir='ltr' id='par_1_31' title="bbox 267 2144 1905 2216">
     <span class='ocr_line' id='line_1_32' title="bbox 267 2144 1905 2216; baseline -0.001 -17"><span class='ocrx_word' id='word_1_212' title='bbox 267 2145 487 2199; x_wconf 91' lang='lat' dir='ltr'>multos</span> <span class='ocrx_word' id='word_1_213' title='bbox 503 2159 697 2199; x_wconf 88' lang='lat' dir='ltr'>annos</span> <span class='ocrx_word' id='word_1_214' title='bbox 714 2144 1004 2198; x_wconf 83' lang='lat' dir='ltr'>Herodem</span> <span class='ocrx_word' id='word_1_215' title='bbox 1034 2144 1325 2199; x_wconf 89' lang='lat' dir='ltr'>Joannem</span> <span class='ocrx_word' id='word_1_216' title='bbox 1345 2146 1635 2216; x_wconf 89' lang='lat' dir='ltr'>occidisse</span> <span class='ocrx_word' id='word_1_217' title='bbox 1649 2145 1759 2216; x_wconf 81' lang='lat' dir='ltr'>(Id.</span> <span class='ocrx_word' id='word_1_218' title='bbox 1780 2144 1905 2211; x_wconf 75' lang='lat' dir='ltr'>&#39;m,</span> 
     </span>
    </p>
   </div>
   <div class='ocr_carea' id='block_1_32' title="bbox 269 2215 1910 2339">
    <p class='ocr_par' dir='ltr' id='par_1_32' title="bbox 269 2215 1910 2339">
     <span class='ocr_line' id='line_1_33' title="bbox 269 2215 1910 2339; baseline 0.001 -69"><span class='ocrx_word' id='word_1_219' title='bbox 269 2216 433 2295; x_wconf 39' lang='lat' dir='ltr'>Ml),</span> <span class='ocrx_word' id='word_1_220' title='bbox 470 2232 625 2339; x_wconf 69' lang='lat' dir='ltr'>cum?</span> <span class='ocrx_word' id='word_1_221' title='bbox 663 2216 931 2286; x_wconf 89' lang='lat' dir='ltr'>superius</span> <span class='ocrx_word' id='word_1_222' title='bbox 971 2221 1205 2270; x_wconf 92' lang='lat' dir='ltr'>mortuo</span> <span class='ocrx_word' id='word_1_223' title='bbox 1256 2215 1480 2272; x_wconf 88' lang='lat' dir='ltr'>Herode</span> <span class='ocrx_word' id='word_1_224' title='bbox 1513 2215 1774 2272; x_wconf 86' lang='lat' dir='ltr'>Joannes</span> <span class='ocrx_word' id='word_1_225' title='bbox 1816 2234 1910 2272; x_wconf 91' lang='lat' dir='ltr'>su-</span> 
     </span>
     <span class='ocr_line' id='line_1_34' title="bbox 269 2293 575 2339; baseline 0 0"><span class='ocrx_word' id='word_1_226' title='bbox 269 2293 575 2339; x_wconf 79' lang='lat' dir='ltr'>nerVIxerit</span> 
     </span>
    </p>
   </div>
   <div class='ocr_carea' id='block_1_33' title="bbox 304 2288 575 2343">
    <p class='ocr_par' dir='ltr' id='par_1_33' title="bbox 304 2288 575 2343">
     <span class='ocr_line' id='line_1_35' title="bbox 304 2288 575 2343; baseline -0.011 0"><span class='ocrx_word' id='word_1_227' title='bbox 304 2288 575 2343; x_wconf 87' lang='lat' dir='ltr'>ervixerit</span> 
     </span>
    </p>
   </div>
   <div class='ocr_carea' id='block_1_34' title="bbox 268 2305 1909 2430">
    <p class='ocr_par' dir='ltr' id='par_1_34' title="bbox 268 2305 1909 2430">
     <span class='ocr_line' id='line_1_36' title="bbox 268 2305 1909 2430; baseline 0 -17"><span class='ocrx_word' id='word_1_228' title='bbox 268 2305 723 2413; x_wconf 44' lang='lat' dir='ltr'>peil‘eliftfdrgsrrex</span> <span class='ocrx_word' id='word_1_229' title='bbox 738 2356 842 2411; x_wconf 84' lang='lat' dir='ltr'>fuit</span> <span class='ocrx_word' id='word_1_230' title='bbox 857 2358 882 2430; x_wconf 82' lang='lat' dir='ltr'>J</span> <span class='ocrx_word' id='word_1_231' title='bbox 892 2356 1106 2430; x_wconf 60' lang='lat' dir='ltr'>udaem;</span> <span class='ocrx_word' id='word_1_232' title='bbox 1119 2356 1215 2430; x_wconf 86' lang='lat' dir='ltr'>hic</span> <span class='ocrx_word' id='word_1_233' title='bbox 1236 2356 1611 2413; x_wconf 89' lang='lat' dir='ltr'>habuitﬁlios</span> <span class='ocrx_word' id='word_1_234' title='bbox 1631 2364 1909 2430; x_wconf 86' lang='lat' dir='ltr'>quatuor,</span> 
     </span>
    </p>
   </div>
   <div class='ocr_carea' id='block_1_35' title="bbox 264 2428 1906 2501">
    <p class='ocr_par' dir='ltr' id='par_1_35' title="bbox 264 2428 1906 2501">
     <span class='ocr_line' id='line_1_37' title="bbox 264 2428 1906 2501; baseline 0 -16"><span class='ocrx_word' id='word_1_235' title='bbox 264 2428 994 2501; x_wconf 32' lang='lat' dir='ltr'>Archelaumtilerodem,</span> <span class='ocrx_word' id='word_1_236' title='bbox 1036 2428 1393 2499; x_wconf 88' lang='lat' dir='ltr'>Philippum,</span> <span class='ocrx_word' id='word_1_237' title='bbox 1440 2436 1496 2485; x_wconf 92' lang='lat' dir='ltr'>et</span> <span class='ocrx_word' id='word_1_238' title='bbox 1529 2428 1843 2501; x_wconf 80' lang='lat' dir='ltr'>Lysaniam</span> <span class='ocrx_word' id='word_1_239' title='bbox 1896 2448 1906 2484; x_wconf 88' lang='lat'><strong>:</strong></span> 
     </span>
    </p>
   </div>
   <div class='ocr_carea' id='block_1_36' title="bbox 264 2499 1909 2569">
    <p class='ocr_par' dir='ltr' id='par_1_36' title="bbox 264 2499 1909 2569">
     <span class='ocr_line' id='line_1_38' title="bbox 264 2499 1909 2569; baseline 0.001 -14"><span class='ocrx_word' id='word_1_240' title='bbox 264 2502 368 2556; x_wconf 90' lang='lat' dir='ltr'>sed</span> <span class='ocrx_word' id='word_1_241' title='bbox 404 2508 637 2556; x_wconf 89' lang='lat' dir='ltr'>mortuo</span> <span class='ocrx_word' id='word_1_242' title='bbox 660 2499 887 2553; x_wconf 87' lang='lat' dir='ltr'>Herode</span> <span class='ocrx_word' id='word_1_243' title='bbox 923 2505 1089 2569; x_wconf 87' lang='lat' dir='ltr'>patre</span> <span class='ocrx_word' id='word_1_244' title='bbox 1121 2516 1349 2563; x_wconf 91' lang='lat' dir='ltr'>eorum,</span> <span class='ocrx_word' id='word_1_245' title='bbox 1383 2499 1664 2556; x_wconf 81' lang='lat' dir='ltr'>successit</span> <span class='ocrx_word' id='word_1_246' title='bbox 1695 2503 1909 2556; x_wconf 81' lang='lat' dir='ltr'>Arche-</span> 
     </span>
    </p>
   </div>
   <div class='ocr_carea' id='block_1_37' title="bbox 266 2571 1911 2644">
    <p class='ocr_par' dir='ltr' id='par_1_37' title="bbox 266 2571 1911 2644">
     <span class='ocr_line' id='line_1_39' title="bbox 266 2571 1911 2644; baseline 0.001 -17"><span class='ocrx_word' id='word_1_247' title='bbox 266 2573 419 2636; x_wconf 86' lang='lat' dir='ltr'>laus,</span> <span class='ocrx_word' id='word_1_248' title='bbox 452 2588 573 2644; x_wconf 92' lang='lat' dir='ltr'>quo</span> <span class='ocrx_word' id='word_1_249' title='bbox 604 2578 860 2644; x_wconf 86' lang='lat' dir='ltr'>mortuo,</span> <span class='ocrx_word' id='word_1_250' title='bbox 894 2571 1242 2644; x_wconf 26' lang='lat' dir='ltr'>iniquaiuor</span> <span class='ocrx_word' id='word_1_251' title='bbox 1283 2579 1478 2642; x_wconf 89' lang='lat' dir='ltr'>partes</span> <span class='ocrx_word' id='word_1_252' title='bbox 1530 2572 1791 2628; x_wconf 88' lang='lat' dir='ltr'>divisum</span> <span class='ocrx_word' id='word_1_253' title='bbox 1822 2579 1911 2629; x_wconf 90' lang='lat' dir='ltr'>est</span> 
     </span>
    </p>
   </div>
   <div class='ocr_carea' id='block_1_38' title="bbox 266 2641 1912 2716">
    <p class='ocr_par' dir='ltr' id='par_1_38' title="bbox 266 2641 1912 2716">
     <span class='ocr_line' id='line_1_40' title="bbox 266 2641 1912 2716; baseline 0 -17"><span class='ocrx_word' id='word_1_254' title='bbox 266 2641 519 2711; x_wconf 80' lang='lat' dir='ltr'>regnum</span> <span class='ocrx_word' id='word_1_255' title='bbox 556 2658 734 2716; x_wconf 80' lang='lat' dir='ltr'>supra</span> <span class='ocrx_word' id='word_1_256' title='bbox 765 2641 907 2696; x_wconf 90' lang='lat' dir='ltr'>dicti</span> <span class='ocrx_word' id='word_1_257' title='bbox 937 2641 1205 2716; x_wconf 67' lang='lat' dir='ltr'>Herodis,</span> <span class='ocrx_word' id='word_1_258' title='bbox 1241 2641 1321 2697; x_wconf 84' lang='lat' dir='ltr'>ita</span> <span class='ocrx_word' id='word_1_259' title='bbox 1355 2651 1415 2696; x_wconf 93' lang='lat' dir='ltr'>ut</span> <span class='ocrx_word' id='word_1_260' title='bbox 1447 2644 1662 2699; x_wconf 89' lang='lat' dir='ltr'>Pilatus</span> <span class='ocrx_word' id='word_1_261' title='bbox 1694 2646 1751 2699; x_wconf 92' lang='lat' dir='ltr'>in</span> <span class='ocrx_word' id='word_1_262' title='bbox 1780 2660 1912 2716; x_wconf 91' lang='lat' dir='ltr'>par-</span> 
     </span>
    </p>
   </div>
   <div class='ocr_carea' id='block_1_39' title="bbox 268 2712 1913 2786">
    <p class='ocr_par' dir='ltr' id='par_1_39' title="bbox 268 2712 1913 2786">
     <span class='ocr_line' id='line_1_41' title="bbox 268 2712 1913 2786; baseline 0.001 -16"><span class='ocrx_word' id='word_1_263' title='bbox 268 2722 386 2770; x_wconf 88' lang='lat' dir='ltr'>tem</span> <span class='ocrx_word' id='word_1_264' title='bbox 416 2713 872 2786; x_wconf 86' lang='lat' dir='ltr'>regniquarlam</span> <span class='ocrx_word' id='word_1_265' title='bbox 896 2712 1325 2786; x_wconf 85' lang='lat' dir='ltr'>admitteretur,</span> <span class='ocrx_word' id='word_1_266' title='bbox 1344 2720 1514 2784; x_wconf 87' lang='lat' dir='ltr'>quasi</span> <span class='ocrx_word' id='word_1_267' title='bbox 1537 2712 1913 2785; x_wconf 52' lang='lat' dir='ltr'>praesesfnon</span> 
     </span>
    </p>
   </div>
   <div class='ocr_carea' id='block_1_40' title="bbox 266 2785 1911 2858">
    <p class='ocr_par' dir='ltr' id='par_1_40' title="bbox 266 2785 1911 2858">
     <span class='ocr_line' id='line_1_42' title="bbox 266 2785 1911 2858; baseline 0.001 -18"><span class='ocrx_word' id='word_1_268' title='bbox 266 2786 452 2858; x_wconf 15' lang='lat' dir='ltr'>quasi,</span> <span class='ocrx_word' id='word_1_269' title='bbox 484 2801 583 2840; x_wconf 91' lang='lat' dir='ltr'>rex</span> <span class='ocrx_word' id='word_1_270' title='bbox 615 2785 837 2858; x_wconf 80' lang='lat' dir='ltr'>(Matth.</span> <span class='ocrx_word' id='word_1_271' title='bbox 871 2799 928 2842; x_wconf 87' lang='grc' dir='ltr'><strong>ιι.</strong></span> <span class='ocrx_word' id='word_1_272' title='bbox 963 2785 1051 2850; x_wconf 75' lang='grc'>22,</span> <span class='ocrx_word' id='word_1_273' title='bbox 1081 2785 1298 2858; x_wconf 27' lang='lat' dir='ltr'>etiLuc.</span> <span class='ocrx_word' id='word_1_274' title='bbox 1335 2801 1415 2847; x_wconf 85' lang='lat' dir='ltr'>in,</span> <span class='ocrx_word' id='word_1_275' title='bbox 1454 2786 1500 2856; x_wconf 87' lang='lat' dir='ltr'>l)</span> <span class='ocrx_word' id='word_1_276' title='bbox 1530 2804 1543 2849; x_wconf 87' lang='lat'><strong>;</strong></span> <span class='ocrx_word' id='word_1_277' title='bbox 1578 2787 1681 2841; x_wconf 89' lang='lat' dir='ltr'>ﬁlii</span> <span class='ocrx_word' id='word_1_278' title='bbox 1712 2794 1911 2842; x_wconf 89' lang='lat' dir='ltr'>autem</span> 
     </span>
    </p>
   </div>
   <div class='ocr_carea' id='block_1_41' title="bbox 268 2856 1911 2928">
    <p class='ocr_par' dir='ltr' id='par_1_41' title="bbox 268 2856 1911 2928">
     <span class='ocr_line' id='line_1_43' title="bbox 268 2856 1911 2928; baseline 0.001 -16"><span class='ocrx_word' id='word_1_279' title='bbox 268 2856 513 2928; x_wconf 82' lang='lat' dir='ltr'>Herodis</span> <span class='ocrx_word' id='word_1_280' title='bbox 544 2871 711 2925; x_wconf 90' lang='lat' dir='ltr'>reges</span> <span class='ocrx_word' id='word_1_281' title='bbox 738 2857 1097 2928; x_wconf 87' lang='lat' dir='ltr'>dicerentur.</span> <span class='ocrx_word' id='word_1_282' title='bbox 1140 2856 1402 2928; x_wconf 87' lang='lat' dir='ltr'>Denique</span> <span class='ocrx_word' id='word_1_283' title='bbox 1435 2865 1669 2913; x_wconf 90' lang='lat' dir='ltr'>mortuo</span> <span class='ocrx_word' id='word_1_284' title='bbox 1695 2860 1911 2914; x_wconf 87' lang='lat' dir='ltr'>iterum</span> 
     </span>
    </p>
   </div>
   <div class='ocr_carea' id='block_1_42' title="bbox 266 2927 1910 2999">
    <p class='ocr_par' dir='ltr' id='par_1_42' title="bbox 266 2927 1910 2999">
     <span class='ocr_line' id='line_1_44' title="bbox 266 2927 1910 2999; baseline 0 -16"><span class='ocrx_word' id='word_1_285' title='bbox 266 2927 555 2999; x_wconf 89' lang='lat' dir='ltr'>Philippo,</span> <span class='ocrx_word' id='word_1_286' title='bbox 584 2927 809 2998; x_wconf 90' lang='lat' dir='ltr'>accepit</span> <span class='ocrx_word' id='word_1_287' title='bbox 836 2943 1075 2982; x_wconf 87' lang='lat' dir='ltr'>uxorem</span> <span class='ocrx_word' id='word_1_288' title='bbox 1104 2928 1252 2981; x_wconf 86' lang='lat' dir='ltr'>illius</span> <span class='ocrx_word' id='word_1_289' title='bbox 1272 2927 1527 2983; x_wconf 42' lang='lat' dir='ltr'>Il&#39;erodes</span> <span class='ocrx_word' id='word_1_290' title='bbox 1560 2929 1735 2985; x_wconf 83' lang='lat' dir='ltr'>frater</span> <span class='ocrx_word' id='word_1_291' title='bbox 1760 2931 1910 2999; x_wconf 89' lang='lat' dir='ltr'>ejus,</span> 
     </span>
    </p>
   </div>
   <div class='ocr_carea' id='block_1_43' title="bbox 264 2999 1913 3071">
    <p class='ocr_par' dir='ltr' id='par_1_43' title="bbox 264 2999 1913 3071">
     <span class='ocr_line' id='line_1_45' title="bbox 264 2999 1913 3071; baseline 0.001 -16"><span class='ocrx_word' id='word_1_292' title='bbox 264 2999 341 3055; x_wconf 91' lang='lat' dir='ltr'>de</span> <span class='ocrx_word' id='word_1_293' title='bbox 372 3016 495 3069; x_wconf 90' lang='lat' dir='ltr'>qua</span> <span class='ocrx_word' id='word_1_294' title='bbox 522 2999 885 3071; x_wconf 83' lang='lat' dir='ltr'>arguebatur</span> <span class='ocrx_word' id='word_1_295' title='bbox 915 3015 951 3054; x_wconf 92' lang='lat' dir='ltr'>a</span> <span class='ocrx_word' id='word_1_296' title='bbox 986 2999 1214 3071; x_wconf 79' lang='lat' dir='ltr'>Joanne</span> <span class='ocrx_word' id='word_1_297' title='bbox 1249 3000 1525 3069; x_wconf 91' lang='lat' dir='ltr'>Baptista,</span> <span class='ocrx_word' id='word_1_298' title='bbox 1566 3016 1688 3071; x_wconf 91' lang='lat' dir='ltr'>qua</span> <span class='ocrx_word' id='word_1_299' title='bbox 1735 3017 1913 3057; x_wconf 88' lang='lat' dir='ltr'>causa</span> 
     </span>
    </p>
   </div>
   <div class='ocr_carea' id='block_1_44' title="bbox 266 3069 1911 3140">
    <p class='ocr_par' dir='ltr' id='par_1_44' title="bbox 266 3069 1911 3140">
     <span class='ocr_line' id='line_1_46' title="bbox 266 3069 1911 3140; baseline 0.001 -14"><span class='ocrx_word' id='word_1_300' title='bbox 266 3071 491 3128; x_wconf 87' lang='lat' dir='ltr'>occidit</span> <span class='ocrx_word' id='word_1_301' title='bbox 516 3086 653 3124; x_wconf 90' lang='lat' dir='ltr'>cum</span> <span class='ocrx_word' id='word_1_302' title='bbox 691 3070 949 3125; x_wconf 85' lang='lat' dir='ltr'>Herodes</span> <span class='ocrx_word' id='word_1_303' title='bbox 980 3069 1140 3124; x_wconf 87' lang='lat' dir='ltr'>ﬁlius</span> <span class='ocrx_word' id='word_1_304' title='bbox 1170 3086 1353 3140; x_wconf 91' lang='lat' dir='ltr'>supra</span> <span class='ocrx_word' id='word_1_305' title='bbox 1384 3069 1695 3126; x_wconf 79' lang='lat' dir='ltr'>memorati</span> <span class='ocrx_word' id='word_1_306' title='bbox 1733 3074 1911 3127; x_wconf 87' lang='lat' dir='ltr'>Hero-</span> 
     </span>
    </p>
   </div>
   <div class='ocr_carea' id='block_1_45' title="bbox 266 3140 1912 3213">
    <p class='ocr_par' dir='ltr' id='par_1_45' title="bbox 266 3140 1912 3213">
     <span class='ocr_line' id='line_1_47' title="bbox 266 3140 1912 3213; baseline 0.001 -16"><span class='ocrx_word' id='word_1_307' title='bbox 266 3143 381 3198; x_wconf 89' lang='lat' dir='ltr'>dis.</span> <span class='ocrx_word' id='word_1_308' title='bbox 416 3143 566 3208; x_wconf 90' lang='lat' dir='ltr'>Quid</span> <span class='ocrx_word' id='word_1_309' title='bbox 607 3143 765 3197; x_wconf 88' lang='lat' dir='ltr'>enim</span> <span class='ocrx_word' id='word_1_310' title='bbox 791 3142 932 3197; x_wconf 87' lang='lat' dir='ltr'>dicit</span> <span class='ocrx_word' id='word_1_311' title='bbox 955 3140 1486 3213; x_wconf 22' lang='lat' dir='ltr'>?Herodes,iinquit,</span> <span class='ocrx_word' id='word_1_312' title='bbox 1522 3143 1912 3208; x_wconf 85' lang='lat' dir='ltr'>tetrarcha;id</span> 
     </span>
    </p>
   </div>
   <div class='ocr_carea' id='block_1_46' title="bbox 267 3212 1913 3285">
    <p class='ocr_par' dir='ltr' id='par_1_46' title="bbox 267 3212 1913 3285">
     <span class='ocr_line' id='line_1_48' title="bbox 267 3212 1913 3285; baseline 0 -15"><span class='ocrx_word' id='word_1_313' title='bbox 267 3218 377 3277; x_wconf 88' lang='lat' dir='ltr'>est,</span> <span class='ocrx_word' id='word_1_314' title='bbox 411 3214 470 3269; x_wconf 93' lang='lat' dir='ltr'>in</span> <span class='ocrx_word' id='word_1_315' title='bbox 512 3220 676 3284; x_wconf 89' lang='lat' dir='ltr'>parte</span> <span class='ocrx_word' id='word_1_316' title='bbox 705 3220 920 3285; x_wconf 86' lang='lat' dir='ltr'>quarta</span> <span class='ocrx_word' id='word_1_317' title='bbox 944 3214 1109 3282; x_wconf 85' lang='lat' dir='ltr'>regni</span> <span class='ocrx_word' id='word_1_318' title='bbox 1138 3212 1373 3285; x_wconf 83' lang='lat' dir='ltr'>positus</span> <span class='ocrx_word' id='word_1_319' title='bbox 1404 3216 1493 3268; x_wconf 93' lang='lat' dir='ltr'>sui</span> <span class='ocrx_word' id='word_1_320' title='bbox 1526 3216 1707 3285; x_wconf 90' lang='lat' dir='ltr'>patris</span> <span class='ocrx_word' id='word_1_321' title='bbox 1739 3216 1913 3270; x_wconf 86' lang='lat' dir='ltr'>Hero-</span> 
     </span>
    </p>
   </div>
   <div class='ocr_carea' id='block_1_47' title="bbox 264 3284 1911 3357">
    <p class='ocr_par' dir='ltr' id='par_1_47' title="bbox 264 3284 1911 3357">
     <span class='ocr_line' id='line_1_49' title="bbox 264 3284 1911 3357; baseline 0.001 -17"><span class='ocrx_word' id='word_1_322' title='bbox 264 3285 380 3340; x_wconf 91' lang='lat' dir='ltr'>dis.</span> <span class='ocrx_word' id='word_1_323' title='bbox 415 3285 565 3351; x_wconf 87' lang='lat' dir='ltr'>Quid</span> <span class='ocrx_word' id='word_1_324' title='bbox 597 3300 737 3357; x_wconf 88' lang='lat' dir='ltr'>ergo</span> <span class='ocrx_word' id='word_1_325' title='bbox 768 3284 1111 3357; x_wconf 82' lang='lat' dir='ltr'>ambigitur</span> <span class='ocrx_word' id='word_1_326' title='bbox 1146 3284 1393 3357; x_wconf 88' lang='lat' dir='ltr'>quando</span> <span class='ocrx_word' id='word_1_327' title='bbox 1424 3284 1777 3354; x_wconf 82' lang='lat' dir='ltr'>signiﬁcatio</span> <span class='ocrx_word' id='word_1_328' title='bbox 1812 3286 1911 3341; x_wconf 84' lang='lat' dir='ltr'>ad-</span> 
     </span>
    </p>
   </div>
   <div class='ocr_carea' id='block_1_48' title="bbox 262 3355 1913 3428">
    <p class='ocr_par' dir='ltr' id='par_1_48' title="bbox 262 3355 1913 3428">
     <span class='ocr_line' id='line_1_50' title="bbox 262 3355 1913 3428; baseline 0.002 -18"><span class='ocrx_word' id='word_1_329' title='bbox 262 3356 404 3428; x_wconf 93' lang='lat' dir='ltr'>jecti</span> <span class='ocrx_word' id='word_1_330' title='bbox 436 3355 830 3428; x_wconf 81' lang='lat' dir='ltr'>cognominis</span> <span class='ocrx_word' id='word_1_331' title='bbox 852 3355 1113 3411; x_wconf 83' lang='lat' dir='ltr'>ostendit</span> <span class='ocrx_word' id='word_1_332' title='bbox 1143 3356 1329 3428; x_wconf 84' lang='lat' dir='ltr'>alium</span> <span class='ocrx_word' id='word_1_333' title='bbox 1377 3357 1537 3412; x_wconf 91' lang='lat' dir='ltr'>hunc</span> <span class='ocrx_word' id='word_1_334' title='bbox 1572 3373 1700 3412; x_wconf 91' lang='lat' dir='ltr'>esse</span> <span class='ocrx_word' id='word_1_335' title='bbox 1743 3361 1913 3413; x_wconf 86' lang='lat' dir='ltr'>Hero-</span> 
     </span>
    </p>
   </div>
   <div class='ocr_carea' id='block_1_49' title="bbox 268 3426 1909 3498">
    <p class='ocr_par' dir='ltr' id='par_1_49' title="bbox 268 3426 1909 3498">
     <span class='ocr_line' id='line_1_51' title="bbox 268 3426 1909 3498; baseline 0.001 -15"><span class='ocrx_word' id='word_1_336' title='bbox 268 3426 410 3484; x_wconf 86' lang='lat' dir='ltr'>dem</span> <span class='ocrx_word' id='word_1_337' title='bbox 426 3428 453 3483; x_wconf 85' lang='lat'><strong>?</strong></span> <span class='ocrx_word' id='word_1_338' title='bbox 482 3433 613 3498; x_wconf 87' lang='lat' dir='ltr'>Ipse</span> <span class='ocrx_word' id='word_1_339' title='bbox 634 3434 721 3482; x_wconf 90' lang='lat' dir='ltr'>est</span> <span class='ocrx_word' id='word_1_340' title='bbox 740 3426 901 3482; x_wconf 90' lang='lat' dir='ltr'>enim</span> <span class='ocrx_word' id='word_1_341' title='bbox 921 3428 1023 3498; x_wconf 92' lang='lat' dir='ltr'>qui</span> <span class='ocrx_word' id='word_1_342' title='bbox 1051 3432 1106 3482; x_wconf 91' lang='lat' dir='ltr'>et</span> <span class='ocrx_word' id='word_1_343' title='bbox 1130 3427 1417 3483; x_wconf 87' lang='lat' dir='ltr'>Jacobum</span> <span class='ocrx_word' id='word_1_344' title='bbox 1445 3429 1660 3483; x_wconf 90' lang='lat' dir='ltr'>occidit</span> <span class='ocrx_word' id='word_1_345' title='bbox 1685 3428 1909 3497; x_wconf 88' lang='lat' dir='ltr'>gladio,</span> 
     </span>
    </p>
   </div>
   <div class='ocr_carea' id='block_1_50' title="bbox 269 3498 1912 3571">
    <p class='ocr_par' dir='ltr' id='par_1_50' title="bbox 269 3498 1912 3571">
     <span class='ocr_line' id='line_1_52' title="bbox 269 3498 1912 3571; baseline 0.001 -17"><span class='ocrx_word' id='word_1_346' title='bbox 269 3498 514 3571; x_wconf 84' lang='lat' dir='ltr'>fratrem</span> <span class='ocrx_word' id='word_1_347' title='bbox 563 3499 965 3571; x_wconf 21' lang='lat' dir='ltr'>Joannis,iqui</span> <span class='ocrx_word' id='word_1_348' title='bbox 998 3505 1205 3569; x_wconf 90' lang='lat' dir='ltr'>postea</span> <span class='ocrx_word' id='word_1_349' title='bbox 1234 3515 1559 3570; x_wconf 90' lang='lat' dir='ltr'>percussus</span> <span class='ocrx_word' id='word_1_350' title='bbox 1591 3500 1669 3555; x_wconf 91' lang='lat' dir='ltr'>ab</span> <span class='ocrx_word' id='word_1_351' title='bbox 1698 3500 1912 3571; x_wconf 90' lang='lat' dir='ltr'>angelo</span> 
     </span>
    </p>
   </div>
   <div class='ocr_carea' id='block_1_51' title="bbox 278 3569 1334 3640">
    <p class='ocr_par' dir='ltr' id='par_1_51' title="bbox 278 3569 1334 3640">
     <span class='ocr_line' id='line_1_53' title="bbox 278 3569 1334 3640; baseline 0.001 -14"><span class='ocrx_word' id='word_1_352' title='bbox 278 3570 375 3626; x_wconf 87' lang='lat' dir='ltr'>Dei</span> <span class='ocrx_word' id='word_1_353' title='bbox 394 3576 627 3625; x_wconf 86' lang='lat' dir='ltr'>scatens</span> <span class='ocrx_word' id='word_1_354' title='bbox 654 3569 959 3625; x_wconf 86' lang='lat' dir='ltr'>vermibus</span> <span class='ocrx_word' id='word_1_355' title='bbox 987 3569 1334 3640; x_wconf 82' lang='lat' dir='ltr'>exspiravit.</span> 
     </span>
    </p>
   </div>
   <div class='ocr_carea' id='block_1_52' title="bbox 346 3640 1914 3713">
    <p class='ocr_par' dir='ltr' id='par_1_52' title="bbox 346 3640 1914 3713">
     <span class='ocr_line' id='line_1_54' title="bbox 346 3640 1914 3713; baseline 0.002 -17"><span class='ocrx_word' id='word_1_356' title='bbox 346 3642 433 3696; x_wconf 87' lang='lat' dir='ltr'>XII</span> <span class='ocrx_word' id='word_1_357' title='bbox 456 3641 550 3711; x_wconf 78' lang='grc' dir='ltr'><strong>(ὁ).</strong></span> <span class='ocrx_word' id='word_1_358' title='bbox 590 3672 653 3683; x_wconf 95' lang='lat'>-</span> <span class='ocrx_word' id='word_1_359' title='bbox 702 3640 1000 3698; x_wconf 90' lang='lat' dir='ltr'>Orandum</span> <span class='ocrx_word' id='word_1_360' title='bbox 1045 3643 1244 3713; x_wconf 90' lang='lat' dir='ltr'>utique</span> <span class='ocrx_word' id='word_1_361' title='bbox 1289 3658 1395 3713; x_wconf 89' lang='lat' dir='ltr'>pro</span> <span class='ocrx_word' id='word_1_362' title='bbox 1428 3641 1683 3698; x_wconf 89' lang='lat' dir='ltr'>inimicis</span> <span class='ocrx_word' id='word_1_363' title='bbox 1712 3643 1914 3699; x_wconf 92' lang='lat' dir='ltr'>docuit</span> 
     </span>
    </p>
   </div>
   <div class='ocr_carea' id='block_1_53' title="bbox 274 3713 1910 3783">
    <p class='ocr_par' dir='ltr' id='par_1_53' title="bbox 274 3713 1910 3783">
     <span class='ocr_line' id='line_1_55' title="bbox 274 3713 1910 3783; baseline 0.002 -18"><span class='ocrx_word' id='word_1_364' title='bbox 274 3713 595 3767; x_wconf 90' lang='lat' dir='ltr'>Dominus:</span> <span class='ocrx_word' id='word_1_365' title='bbox 624 3714 761 3783; x_wconf 90' lang='lat' dir='ltr'>quid</span> <span class='ocrx_word' id='word_1_366' title='bbox 777 3719 1015 3781; x_wconf 82' lang='lat' dir='ltr'>estergo</span> <span class='ocrx_word' id='word_1_367' title='bbox 1036 3723 1095 3767; x_wconf 87' lang='lat' dir='ltr'>ut</span> <span class='ocrx_word' id='word_1_368' title='bbox 1121 3719 1326 3768; x_wconf 89' lang='lat' dir='ltr'>contra</span> <span class='ocrx_word' id='word_1_369' title='bbox 1347 3714 1563 3769; x_wconf 67' lang='lat' dir='ltr'>animas</span> <span class='ocrx_word' id='word_1_370' title='bbox 1577 3715 1910 3769; x_wconf 86' lang='lat' dir='ltr'>occisorum</span> 
     </span>
    </p>
   </div>
   <div class='ocr_carea' id='block_1_54' title="bbox 272 3783 1913 3855">
    <p class='ocr_par' dir='ltr' id='par_1_54' title="bbox 272 3783 1913 3855">
     <span class='ocr_line' id='line_1_56' title="bbox 272 3783 1913 3855; baseline 0.001 -18"><span class='ocrx_word' id='word_1_371' title='bbox 272 3783 475 3838; x_wconf 90' lang='lat' dir='ltr'>ulcisci</span> <span class='ocrx_word' id='word_1_372' title='bbox 514 3789 738 3853; x_wconf 86' lang='lat' dir='ltr'>petant,</span> <span class='ocrx_word' id='word_1_373' title='bbox 771 3801 806 3838; x_wconf 90' lang='lat' dir='ltr'>a</span> <span class='ocrx_word' id='word_1_374' title='bbox 840 3784 1091 3839; x_wconf 92' lang='lat' dir='ltr'>Domino</span> <span class='ocrx_word' id='word_1_375' title='bbox 1128 3786 1493 3855; x_wconf 88' lang='lat' dir='ltr'>postulantes</span> <span class='ocrx_word' id='word_1_376' title='bbox 1535 3786 1856 3841; x_wconf 88' lang='lat' dir='ltr'>vindictam</span> <span class='ocrx_word' id='word_1_377' title='bbox 1886 3785 1913 3839; x_wconf 76' lang='lat' dir='ltr'>‘i’</span> 
     </span>
    </p>
   </div>
   <div class='ocr_carea' id='block_1_55' title="bbox 344 3855 1911 3927">
    <p class='ocr_par' dir='ltr' id='par_1_55' title="bbox 344 3855 1911 3927">
     <span class='ocr_line' id='line_1_57' title="bbox 344 3855 1911 3927; baseline 0.002 -18"><span class='ocrx_word' id='word_1_378' title='bbox 344 3855 732 3927; x_wconf 57' lang='lat' dir='ltr'>Apocalypsis</span> <span class='ocrx_word' id='word_1_379' title='bbox 775 3871 912 3927; x_wconf 87' lang='lat' dir='ltr'>cum</span> <span class='ocrx_word' id='word_1_380' title='bbox 960 3855 1157 3911; x_wconf 89' lang='lat' dir='ltr'>futura</span> <span class='ocrx_word' id='word_1_381' title='bbox 1212 3856 1373 3911; x_wconf 89' lang='lat' dir='ltr'>mala</span> <span class='ocrx_word' id='word_1_382' title='bbox 1410 3862 1465 3911; x_wconf 94' lang='lat' dir='ltr'>et</span> <span class='ocrx_word' id='word_1_383' title='bbox 1505 3856 1911 3912; x_wconf 90' lang='lat' dir='ltr'>tribulationes</span> 
     </span>
    </p>
   </div>
   <div class='ocr_carea' id='block_1_56' title="bbox 270 3924 1907 3983">
    <p class='ocr_par' dir='ltr' id='par_1_56' title="bbox 270 3924 1907 3983">
     <span class='ocr_line' id='line_1_58' title="bbox 270 3924 1907 3983; baseline 0.002 -3"><span class='ocrx_word' id='word_1_384' title='bbox 270 3924 706 3981; x_wconf 63' lang='lat' dir='ltr'>difﬁdentiaa&#39;et</span> <span class='ocrx_word' id='word_1_385' title='bbox 751 3926 923 3981; x_wconf 74' lang='lat' dir='ltr'>malae</span> <span class='ocrx_word' id='word_1_386' title='bbox 962 3926 1092 3981; x_wconf 69' lang='lat' dir='ltr'>vitae</span> <span class='ocrx_word' id='word_1_387' title='bbox 1123 3942 1339 3982; x_wconf 89' lang='lat' dir='ltr'>causas</span> <span class='ocrx_word' id='word_1_388' title='bbox 1374 3927 1490 3982; x_wconf 92' lang='lat' dir='ltr'>Deo</span> <span class='ocrx_word' id='word_1_389' title='bbox 1540 3928 1771 3983; x_wconf 87' lang='lat' dir='ltr'>vindice</span> <span class='ocrx_word' id='word_1_390' title='bbox 1804 3934 1907 3983; x_wconf 85' lang='lat' dir='ltr'>tes-</span> 
     </span>
    </p>
   </div>
   <div class='ocr_carea' id='block_1_57' title="bbox 269 4002 653 4053">
    <p class='ocr_par' dir='ltr' id='par_1_57' title="bbox 269 4002 653 4053">
     <span class='ocr_line' id='line_1_59' title="bbox 269 4002 653 4053; baseline 0.003 -1"><span class='ocrx_word' id='word_1_391' title='bbox 269 4002 510 4053; x_wconf 90' lang='lat' dir='ltr'>taretur.</span> <span class='ocrx_word' id='word_1_392' title='bbox 542 4003 653 4053; x_wconf 91' lang='lat' dir='ltr'>etc.</span> 
     </span>
    </p>
   </div>
   <div class='ocr_carea' id='block_1_58' title="bbox 340 4040 1910 4139">
    <p class='ocr_par' dir='ltr' id='par_1_58' title="bbox 340 4040 1910 4139">
     <span class='ocr_line' id='line_1_60' title="bbox 340 4040 1910 4139; baseline 0.001 -15"><span class='ocrx_word' id='word_1_393' title='bbox 340 4040 723 4139; x_wconf 45' lang='grc' dir='ltr'>ῐίιῖηώῖω-</span> <span class='ocrx_word' id='word_1_394' title='bbox 779 4068 834 4124; x_wconf 91' lang='lat' dir='ltr'>Si</span> <span class='ocrx_word' id='word_1_395' title='bbox 882 4068 1007 4137; x_wconf 86' lang='lat' dir='ltr'>jam</span> <span class='ocrx_word' id='word_1_396' title='bbox 1054 4068 1415 4139; x_wconf 64' lang='lat' dir='ltr'>praedicante</span> <span class='ocrx_word' id='word_1_397' title='bbox 1463 4066 1763 4125; x_wconf 91' lang='lat' dir='ltr'>Salvatore</span> <span class='ocrx_word' id='word_1_398' title='bbox 1819 4071 1910 4125; x_wconf 94' lang='lat' dir='ltr'>vel</span> 
     </span>
    </p>
   </div>
   <div class='ocr_carea' id='block_1_59' title="bbox 261 4138 1910 4210">
    <p class='ocr_par' dir='ltr' id='par_1_59' title="bbox 261 4138 1910 4210">
     <span class='ocr_line' id='line_1_61' title="bbox 261 4138 1910 4210; baseline 0.001 -15"><span class='ocrx_word' id='word_1_399' title='bbox 261 4141 493 4195; x_wconf 72' lang='lat' dir='ltr'>Joanne</span> <span class='ocrx_word' id='word_1_400' title='bbox 521 4138 650 4194; x_wconf 85' lang='lat' dir='ltr'>Lex</span> <span class='ocrx_word' id='word_1_401' title='bbox 686 4138 955 4203; x_wconf 90' lang='lat' dir='ltr'>cessavit,</span> <span class='ocrx_word' id='word_1_402' title='bbox 989 4140 1298 4210; x_wconf 88' lang='lat' dir='ltr'>quomodo</span> <span class='ocrx_word' id='word_1_403' title='bbox 1332 4140 1601 4197; x_wconf 89' lang='lat' dir='ltr'>Salvator</span> <span class='ocrx_word' id='word_1_404' title='bbox 1633 4142 1711 4196; x_wconf 90' lang='lat' dir='ltr'>ait</span> <span class='ocrx_word' id='word_1_405' title='bbox 1745 4157 1756 4194; x_wconf 89' lang='lat'><strong>:</strong></span> <span class='ocrx_word' id='word_1_406' title='bbox 1786 4142 1910 4197; x_wconf 88' lang='lat' dir='ltr'>Non</span> 
     </span>
    </p>
   </div>
   <div class='ocr_carea' id='block_1_60' title="bbox 263 4210 1908 4283">
    <p class='ocr_par' dir='ltr' id='par_1_60' title="bbox 263 4210 1908 4283">
     <span class='ocr_line' id='line_1_62' title="bbox 263 4210 1908 4283; baseline 0.002 -18"><span class='ocrx_word' id='word_1_407' title='bbox 263 4212 391 4265; x_wconf 81' lang='lat' dir='ltr'>veni</span> <span class='ocrx_word' id='word_1_408' title='bbox 416 4210 615 4265; x_wconf 80' lang='lat' dir='ltr'>solvere</span> <span class='ocrx_word' id='word_1_409' title='bbox 648 4212 827 4280; x_wconf 84' lang='lat' dir='ltr'>Legem</span> <span class='ocrx_word' id='word_1_410' title='bbox 873 4217 969 4265; x_wconf 89' lang='lat' dir='ltr'>aut</span> <span class='ocrx_word' id='word_1_411' title='bbox 1002 4211 1324 4283; x_wconf 75' lang='lat' dir='ltr'>Prophetas,</span> <span class='ocrx_word' id='word_1_412' title='bbox 1366 4211 1455 4266; x_wconf 80' lang='lat' dir='ltr'>sed</span> <span class='ocrx_word' id='word_1_413' title='bbox 1484 4211 1779 4283; x_wconf 77' lang='lat' dir='ltr'>adimplere</span> <span class='ocrx_word' id='word_1_414' title='bbox 1804 4218 1829 4267; x_wconf 74' lang='lat'>.9</span> <span class='ocrx_word' id='word_1_415' title='bbox 1852 4216 1908 4270; x_wconf 92' lang='lat' dir='ltr'>Si</span> 
     </span>
    </p>
   </div>
   <div class='ocr_carea' id='block_1_61' title="bbox 260 4280 1908 4353">
    <p class='ocr_par' dir='ltr' id='par_1_61' title="bbox 260 4280 1908 4353">
     <span class='ocr_line' id='line_1_63' title="bbox 260 4280 1908 4353; baseline 0.002 -17"><span class='ocrx_word' id='word_1_416' title='bbox 260 4283 424 4337; x_wconf 87' lang='lat' dir='ltr'>enim</span> <span class='ocrx_word' id='word_1_417' title='bbox 457 4283 724 4348; x_wconf 89' lang='lat' dir='ltr'>cessavit,</span> <span class='ocrx_word' id='word_1_418' title='bbox 755 4280 1061 4353; x_wconf 92' lang='lat' dir='ltr'>quomodo</span> <span class='ocrx_word' id='word_1_419' title='bbox 1106 4280 1226 4337; x_wconf 86' lang='lat' dir='ltr'>non</span> <span class='ocrx_word' id='word_1_420' title='bbox 1268 4284 1463 4338; x_wconf 91' lang='lat' dir='ltr'>soluta</span> <span class='ocrx_word' id='word_1_421' title='bbox 1498 4289 1604 4353; x_wconf 79' lang='lat' dir='ltr'>est,</span> <span class='ocrx_word' id='word_1_422' title='bbox 1631 4280 1733 4339; x_wconf 77' lang='lat' dir='ltr'>aut</span> <span class='ocrx_word' id='word_1_423' title='bbox 1766 4284 1908 4339; x_wconf 90' lang='lat' dir='ltr'>des-</span> 
     </span>
    </p>
   </div>
   <div class='ocr_carea' id='block_1_62' title="bbox 260 4352 1603 4425">
    <p class='ocr_par' dir='ltr' id='par_1_62' title="bbox 260 4352 1603 4425">
     <span class='ocr_line' id='line_1_64' title="bbox 260 4352 1603 4425; baseline -0.001 -17"><span class='ocrx_word' id='word_1_424' title='bbox 260 4358 474 4419; x_wconf 87' lang='lat' dir='ltr'>tructa,</span> <span class='ocrx_word' id='word_1_425' title='bbox 498 4370 632 4425; x_wconf 73' lang='lat' dir='ltr'>qum</span> <span class='ocrx_word' id='word_1_426' title='bbox 660 4353 878 4425; x_wconf 84' lang='lat' dir='ltr'>agendi</span> <span class='ocrx_word' id='word_1_427' title='bbox 909 4353 1106 4425; x_wconf 79' lang='lat' dir='ltr'>amisit</span> <span class='ocrx_word' id='word_1_428' title='bbox 1134 4354 1547 4425; x_wconf 89' lang='lat' dir='ltr'>auctoritatem</span> <span class='ocrx_word' id='word_1_429' title='bbox 1575 4352 1603 4407; x_wconf 73' lang='lat'><strong>7</strong></span> 
     </span>
    </p>
   </div>
   <div class='ocr_carea' id='block_1_63' title="bbox 335 4423 1910 4494">
    <p class='ocr_par' dir='ltr' id='par_1_63' title="bbox 335 4423 1910 4494">
     <span class='ocr_line' id='line_1_65' title="bbox 335 4423 1910 4494; baseline 0.001 -14"><span class='ocrx_word' id='word_1_430' title='bbox 335 4423 766 4494; x_wconf 75' lang='lat' dir='ltr'>Prophetarum</span> <span class='ocrx_word' id='word_1_431' title='bbox 813 4423 973 4479; x_wconf 90' lang='lat' dir='ltr'>dicta</span> <span class='ocrx_word' id='word_1_432' title='bbox 1010 4423 1085 4478; x_wconf 91' lang='lat' dir='ltr'>de</span> <span class='ocrx_word' id='word_1_433' title='bbox 1118 4424 1434 4481; x_wconf 91' lang='lat' dir='ltr'>Salvatoris</span> <span class='ocrx_word' id='word_1_434' title='bbox 1472 4425 1756 4494; x_wconf 90' lang='lat' dir='ltr'>adventu,</span> <span class='ocrx_word' id='word_1_435' title='bbox 1796 4426 1910 4482; x_wconf 92' lang='lat' dir='ltr'>im-</span> 
     </span>
    </p>
   </div>
   <div class='ocr_carea' id='block_1_64' title="bbox 256 4495 1112 4568">
    <p class='ocr_par' dir='ltr' id='par_1_64' title="bbox 256 4495 1112 4568">
     <span class='ocr_line' id='line_1_66' title="bbox 256 4495 1112 4568; baseline -0.001 -18"><span class='ocrx_word' id='word_1_436' title='bbox 256 4495 419 4568; x_wconf 77' lang='lat' dir='ltr'>pleta</span> <span class='ocrx_word' id='word_1_437' title='bbox 448 4503 585 4568; x_wconf 87' lang='lat' dir='ltr'>sunt</span> <span class='ocrx_word' id='word_1_438' title='bbox 626 4512 762 4568; x_wconf 88' lang='lat' dir='ltr'>cum</span> <span class='ocrx_word' id='word_1_439' title='bbox 796 4496 972 4561; x_wconf 85' lang='lat' dir='ltr'>venit,</span> <span class='ocrx_word' id='word_1_440' title='bbox 1002 4500 1112 4568; x_wconf 48' lang='lat' dir='ltr'>etc:</span> 
     </span>
    </p>
   </div>
   <div class='ocr_carea' id='block_1_65' title="bbox 333 4566 1907 4639">
    <p class='ocr_par' dir='ltr' id='par_1_65' title="bbox 333 4566 1907 4639">
     <span class='ocr_line' id='line_1_67' title="bbox 333 4566 1907 4639; baseline 0.001 -18"><span class='ocrx_word' id='word_1_441' title='bbox 333 4567 445 4621; x_wconf 89' lang='lat' dir='ltr'>XIV</span> <span class='ocrx_word' id='word_1_442' title='bbox 474 4567 572 4638; x_wconf 87' lang='lat' dir='ltr'>(d).</span> <span class='ocrx_word' id='word_1_443' title='bbox 607 4597 670 4608; x_wconf 88' lang='lat'><strong><em>—</em></strong></span> <span class='ocrx_word' id='word_1_444' title='bbox 702 4567 962 4639; x_wconf 88' lang='lat' dir='ltr'>Joannes</span> <span class='ocrx_word' id='word_1_445' title='bbox 990 4566 1065 4621; x_wconf 90' lang='lat' dir='ltr'>ad</span> <span class='ocrx_word' id='word_1_446' title='bbox 1099 4566 1435 4631; x_wconf 90' lang='lat' dir='ltr'>Dominum,</span> <span class='ocrx_word' id='word_1_447' title='bbox 1474 4569 1555 4623; x_wconf 88' lang='lat' dir='ltr'>Tu</span> <span class='ocrx_word' id='word_1_448' title='bbox 1583 4584 1635 4621; x_wconf 82' lang='lat' dir='ltr'>es</span> <span class='ocrx_word' id='word_1_449' title='bbox 1665 4568 1761 4639; x_wconf 90' lang='lat' dir='ltr'>qui</span> <span class='ocrx_word' id='word_1_450' title='bbox 1786 4585 1907 4623; x_wconf 83' lang='lat' dir='ltr'>ven-</span> 
     </span>
    </p>
   </div>
   <div class='ocr_carea' id='block_1_66' title="bbox 255 4638 1905 4710">
    <p class='ocr_par' dir='ltr' id='par_1_66' title="bbox 255 4638 1905 4710">
     <span class='ocr_line' id='line_1_68' title="bbox 255 4638 1905 4710; baseline 0.002 -17"><span class='ocrx_word' id='word_1_451' title='bbox 255 4646 426 4693; x_wconf 82' lang='lat' dir='ltr'>turus</span> <span class='ocrx_word' id='word_1_452' title='bbox 477 4654 550 4703; x_wconf 87' lang='lat' dir='ltr'>es,</span> <span class='ocrx_word' id='word_1_453' title='bbox 595 4656 664 4692; x_wconf 87' lang='lat' dir='ltr'>an</span> <span class='ocrx_word' id='word_1_454' title='bbox 711 4638 884 4692; x_wconf 81' lang='lat' dir='ltr'>alium</span> <span class='ocrx_word' id='word_1_455' title='bbox 930 4646 1293 4708; x_wconf 72' lang='lat' dir='ltr'>exspectamus</span> <span class='ocrx_word' id='word_1_456' title='bbox 1341 4639 1558 4709; x_wconf 82' lang='lat' dir='ltr'>(Matth.</span> <span class='ocrx_word' id='word_1_457' title='bbox 1601 4638 1685 4710; x_wconf 77' lang='lat' dir='ltr'>xi)</span> <span class='ocrx_word' id='word_1_458' title='bbox 1722 4642 1750 4693; x_wconf 72' lang='grc' dir='ltr'><strong>Υ</strong></span> <span class='ocrx_word' id='word_1_459' title='bbox 1784 4642 1905 4696; x_wconf 92' lang='lat' dir='ltr'>Sub</span> 
     </span>
    </p>
   </div>
   <div class='ocr_carea' id='block_1_67' title="bbox 254 4709 1901 4780">
    <p class='ocr_par' dir='ltr' id='par_1_67' title="bbox 254 4709 1901 4780">
     <span class='ocr_line' id='line_1_69' title="bbox 254 4709 1901 4780; baseline 0.001 -17"><span class='ocrx_word' id='word_1_460' title='bbox 254 4726 372 4765; x_wconf 88' lang='lat' dir='ltr'>sua</span> <span class='ocrx_word' id='word_1_461' title='bbox 408 4726 669 4780; x_wconf 90' lang='lat' dir='ltr'>persona</span> <span class='ocrx_word' id='word_1_462' title='bbox 700 4709 1129 4780; x_wconf 87' lang='lat' dir='ltr'>discipulorum</span> <span class='ocrx_word' id='word_1_463' title='bbox 1172 4726 1419 4765; x_wconf 91' lang='lat' dir='ltr'>suorum</span> <span class='ocrx_word' id='word_1_464' title='bbox 1466 4712 1587 4779; x_wconf 89' lang='lat' dir='ltr'>agit</span> <span class='ocrx_word' id='word_1_465' title='bbox 1630 4727 1901 4767; x_wconf 89' lang='lat' dir='ltr'>causam.</span> 
     </span>
    </p>
   </div>
   <div class='ocr_carea' id='block_1_68' title="bbox 251 4780 1904 4854">
    <p class='ocr_par' dir='ltr' id='par_1_68' title="bbox 251 4780 1904 4854">
     <span class='ocr_line' id='line_1_70' title="bbox 251 4780 1904 4854; baseline 0.002 -18"><span class='ocrx_word' id='word_1_466' title='bbox 251 4782 382 4836; x_wconf 89' lang='lat' dir='ltr'>Non</span> <span class='ocrx_word' id='word_1_467' title='bbox 416 4780 575 4854; x_wconf 81' lang='lat' dir='ltr'>enim</span> <span class='ocrx_word' id='word_1_468' title='bbox 619 4781 881 4854; x_wconf 86' lang='lat' dir='ltr'>Joannes</span> <span class='ocrx_word' id='word_1_469' title='bbox 919 4780 1265 4854; x_wconf 68' lang='lat' dir='ltr'>dubitabat,</span> <span class='ocrx_word' id='word_1_470' title='bbox 1312 4782 1413 4854; x_wconf 91' lang='lat' dir='ltr'>qui</span> <span class='ocrx_word' id='word_1_471' title='bbox 1445 4783 1685 4854; x_wconf 89' lang='lat' dir='ltr'>dixerat</span> <span class='ocrx_word' id='word_1_472' title='bbox 1727 4800 1738 4837; x_wconf 89' lang='lat'>:</span> <span class='ocrx_word' id='word_1_473' title='bbox 1769 4784 1904 4839; x_wconf 83' lang='lat' dir='ltr'>Ecce</span> 
     </span>
    </p>
   </div>
   <div class='ocr_carea' id='block_1_69' title="bbox 248 4852 1898 4924">
    <p class='ocr_par' dir='ltr' id='par_1_69' title="bbox 248 4852 1898 4924">
     <span class='ocr_line' id='line_1_71' title="bbox 248 4852 1898 4924; baseline 0.001 -17"><span class='ocrx_word' id='word_1_474' title='bbox 248 4869 428 4924; x_wconf 72' lang='lat' dir='ltr'>agnus</span> <span class='ocrx_word' id='word_1_475' title='bbox 455 4852 576 4916; x_wconf 88' lang='lat' dir='ltr'>Dei,</span> <span class='ocrx_word' id='word_1_476' title='bbox 606 4868 724 4924; x_wconf 83' lang='lat' dir='ltr'>ecce</span> <span class='ocrx_word' id='word_1_477' title='bbox 742 4852 837 4922; x_wconf 85' lang='lat' dir='ltr'>qui</span> <span class='ocrx_word' id='word_1_478' title='bbox 859 4852 999 4906; x_wconf 83' lang='lat' dir='ltr'>tollit</span> <span class='ocrx_word' id='word_1_479' title='bbox 1020 4859 1231 4924; x_wconf 83' lang='lat' dir='ltr'>peccata</span> <span class='ocrx_word' id='word_1_480' title='bbox 1261 4852 1452 4907; x_wconf 73' lang='lat' dir='ltr'>mundi</span> <span class='ocrx_word' id='word_1_481' title='bbox 1484 4854 1665 4924; x_wconf 84' lang='lat' dir='ltr'>(Joan.</span> <span class='ocrx_word' id='word_1_482' title='bbox 1696 4869 1735 4918; x_wconf 90' lang='grc' dir='ltr'><strong>ι,</strong></span> <span class='ocrx_word' id='word_1_483' title='bbox 1770 4856 1859 4924; x_wconf 78' lang='lat'>29)</span> <span class='ocrx_word' id='word_1_484' title='bbox 1887 4871 1898 4908; x_wconf 90' lang='lat'><strong>:</strong></span> 
     </span>
    </p>
   </div>
   <div class='ocr_carea' id='block_1_70' title="bbox 246 4923 1900 4995">
    <p class='ocr_par' dir='ltr' id='par_1_70' title="bbox 246 4923 1900 4995">
     <span class='ocr_line' id='line_1_72' title="bbox 246 4923 1900 4995; baseline 0.002 -18"><span class='ocrx_word' id='word_1_485' title='bbox 246 4923 365 4995; x_wconf 90' lang='lat' dir='ltr'>sed</span> <span class='ocrx_word' id='word_1_486' title='bbox 396 4930 457 4978; x_wconf 92' lang='lat' dir='ltr'>ut</span> <span class='ocrx_word' id='word_1_487' title='bbox 482 4923 789 4995; x_wconf 86' lang='lat' dir='ltr'>discipulis</span> <span class='ocrx_word' id='word_1_488' title='bbox 819 4924 943 4977; x_wconf 90' lang='lat' dir='ltr'>suis</span> <span class='ocrx_word' id='word_1_489' title='bbox 982 4923 1367 4988; x_wconf 81' lang='lat' dir='ltr'>satisfaceret,</span> <span class='ocrx_word' id='word_1_490' title='bbox 1404 4923 1576 4980; x_wconf 87' lang='lat' dir='ltr'>mittit</span> <span class='ocrx_word' id='word_1_491' title='bbox 1622 4924 1751 4979; x_wconf 91' lang='lat' dir='ltr'>illos</span> <span class='ocrx_word' id='word_1_492' title='bbox 1778 4926 1900 4980; x_wconf 89' lang='lat' dir='ltr'>suis</span> 
     </span>
    </p>
   </div>
   <div class='ocr_carea' id='block_1_71' title="bbox 244 4994 1901 5067">
    <p class='ocr_par' dir='ltr' id='par_1_71' title="bbox 244 4994 1901 5067">
     <span class='ocr_line' id='line_1_73' title="bbox 244 4994 1901 5067; baseline 0.002 -18"><span class='ocrx_word' id='word_1_493' title='bbox 244 4994 471 5067; x_wconf 76' lang='lat' dir='ltr'>verbis,</span> <span class='ocrx_word' id='word_1_494' title='bbox 506 5000 569 5050; x_wconf 90' lang='lat' dir='ltr'>ut</span> <span class='ocrx_word' id='word_1_495' title='bbox 600 4994 916 5051; x_wconf 82' lang='lat' dir='ltr'>salvatoris</span> <span class='ocrx_word' id='word_1_496' title='bbox 947 5009 1047 5049; x_wconf 89' lang='lat' dir='ltr'>ore</span> <span class='ocrx_word' id='word_1_497' title='bbox 1074 4995 1336 5051; x_wconf 89' lang='lat' dir='ltr'>ﬁrmaret</span> <span class='ocrx_word' id='word_1_498' title='bbox 1360 4996 1525 5067; x_wconf 88' lang='lat' dir='ltr'>quod</span> <span class='ocrx_word' id='word_1_499' title='bbox 1551 4996 1677 5067; x_wconf 88' lang='lat' dir='ltr'>ipse</span> <span class='ocrx_word' id='word_1_500' title='bbox 1702 4995 1776 5050; x_wconf 89' lang='lat' dir='ltr'>de</span> <span class='ocrx_word' id='word_1_501' title='bbox 1801 4996 1901 5053; x_wconf 93' lang='lat' dir='ltr'>illo</span> 
     </span>
    </p>
   </div>
   <div class='ocr_carea' id='block_1_72' title="bbox 241 5065 1900 5137">
    <p class='ocr_par' dir='ltr' id='par_1_72' title="bbox 241 5065 1900 5137">
     <span class='ocr_line' id='line_1_74' title="bbox 241 5065 1900 5137; baseline 0.001 -16"><span class='ocrx_word' id='word_1_502' title='bbox 241 5065 548 5137; x_wconf 84' lang='lat' dir='ltr'>docebat;</span> <span class='ocrx_word' id='word_1_503' title='bbox 578 5072 636 5121; x_wconf 90' lang='lat' dir='ltr'>ut</span> <span class='ocrx_word' id='word_1_504' title='bbox 671 5072 800 5137; x_wconf 88' lang='lat' dir='ltr'>post</span> <span class='ocrx_word' id='word_1_505' title='bbox 825 5081 1138 5121; x_wconf 87' lang='lat' dir='ltr'>excessum</span> <span class='ocrx_word' id='word_1_506' title='bbox 1163 5083 1341 5121; x_wconf 84' lang='lat' dir='ltr'>suum</span> <span class='ocrx_word' id='word_1_507' title='bbox 1374 5065 1499 5121; x_wconf 71' lang='lat' dir='ltr'>sine</span> <span class='ocrx_word' id='word_1_508' title='bbox 1528 5065 1900 5123; x_wconf 89' lang='lat' dir='ltr'>dubitatione</span> 
     </span>
    </p>
   </div>
   <div class='ocr_carea' id='block_1_73' title="bbox 241 5136 1641 5262">
    <p class='ocr_par' dir='ltr' id='par_1_73' title="bbox 241 5136 1641 5262">
     <span class='ocr_line' id='line_1_75' title="bbox 241 5136 1641 5262; baseline 0.001 -70"><span class='ocrx_word' id='word_1_509' title='bbox 241 5137 452 5262; x_wconf 57' lang='lat' dir='ltr'>aliqua</span> <span class='ocrx_word' id='word_1_510' title='bbox 481 5136 758 5208; x_wconf 88' lang='lat' dir='ltr'>discipuli</span> <span class='ocrx_word' id='word_1_511' title='bbox 792 5138 881 5191; x_wconf 90' lang='lat' dir='ltr'>sui</span> <span class='ocrx_word' id='word_1_512' title='bbox 905 5138 1199 5193; x_wconf 87' lang='lat' dir='ltr'>Christum</span> <span class='ocrx_word' id='word_1_513' title='bbox 1231 5143 1641 5208; x_wconf 87' lang='lat' dir='ltr'>sequerentur.</span> 
     </span>
     <span class='ocr_line' id='line_1_76' title="bbox 370 5209 1641 5262; baseline 0 0"><span class='ocrx_word' id='word_1_514' title='bbox 370 5210 408 5261; x_wconf 87' lang='lat' dir='ltr'><strong>V</strong></span> <span class='ocrx_word' id='word_1_515' title='bbox 439 5212 533 5262; x_wconf 82' lang='lat' dir='ltr'>(el.</span> <span class='ocrx_word' id='word_1_516' title='bbox 576 5239 644 5249; x_wconf 90' lang='lat'>—-</span> <span class='ocrx_word' id='word_1_517' title='bbox 693 5209 888 5262; x_wconf 90' lang='lat' dir='ltr'>Ouare</span> <span class='ocrx_word' id='word_1_518' title='bbox 943 5210 1056 5262; x_wconf 85' lang='lat' dir='ltr'>Lex</span> <span class='ocrx_word' id='word_1_519' title='bbox 1114 5214 1168 5262; x_wconf 89' lang='lat' dir='ltr'>et</span> <span class='ocrx_word' id='word_1_520' title='bbox 1220 5210 1522 5262; x_wconf 76' lang='lat' dir='ltr'>Pronhetae</span> <span class='ocrx_word' id='word_1_521' title='bbox 1578 5226 1641 5262; x_wconf 89' lang='lat' dir='ltr'>us</span> 
     </span>
    </p>
   </div>
   <div class='ocr_carea' id='block_1_74' title="bbox 370 5209 1897 5280">
    <p class='ocr_par' dir='ltr' id='par_1_74' title="bbox 370 5209 1897 5280">
     <span class='ocr_line' id='line_1_77' title="bbox 370 5209 1897 5280; baseline 0.003 -19"><span class='ocrx_word' id='word_1_522' title='bbox 370 5210 408 5261; x_wconf 88' lang='lat' dir='ltr'><strong>V</strong></span> <span class='ocrx_word' id='word_1_523' title='bbox 439 5212 533 5277; x_wconf 85' lang='lat' dir='ltr'>(e).</span> <span class='ocrx_word' id='word_1_524' title='bbox 576 5239 644 5249; x_wconf 89' lang='lat'><strong>--</strong></span> <span class='ocrx_word' id='word_1_525' title='bbox 693 5209 888 5274; x_wconf 88' lang='lat' dir='ltr'>Quare</span> <span class='ocrx_word' id='word_1_526' title='bbox 943 5210 1056 5263; x_wconf 86' lang='lat' dir='ltr'>Lex</span> <span class='ocrx_word' id='word_1_527' title='bbox 1114 5214 1168 5264; x_wconf 91' lang='lat' dir='ltr'>et</span> <span class='ocrx_word' id='word_1_528' title='bbox 1220 5210 1522 5280; x_wconf 70' lang='lat' dir='ltr'>Prophetas</span> <span class='ocrx_word' id='word_1_529' title='bbox 1578 5224 1770 5280; x_wconf 90' lang='lat' dir='ltr'>usque</span> <span class='ocrx_word' id='word_1_530' title='bbox 1819 5210 1897 5265; x_wconf 92' lang='lat' dir='ltr'>ad</span> 
     </span>
    </p>
   </div>
   <div class='ocr_carea' id='block_1_75' title="bbox 236 5278 1895 5361">
    <p class='ocr_par' dir='ltr' id='par_1_75' title="bbox 236 5278 1895 5361">
     <span class='ocr_line' id='line_1_78' title="bbox 236 5278 1895 5361; baseline 0.002 -28"><span class='ocrx_word' id='word_1_531' title='bbox 236 5278 562 5361; x_wconf 39' lang='lat' dir='ltr'>Joannem:</span> <span class='ocrx_word' id='word_1_532' title='bbox 594 5284 651 5360; x_wconf 79' lang='lat' dir='ltr'>et</span> <span class='ocrx_word' id='word_1_533' title='bbox 699 5285 834 5361; x_wconf 89' lang='lat' dir='ltr'>post</span> <span class='ocrx_word' id='word_1_534' title='bbox 865 5286 1020 5361; x_wconf 75' lang='lat' dir='ltr'>recte</span> <span class='ocrx_word' id='word_1_535' title='bbox 1063 5278 1644 5361; x_wconf 58' lang='lat' dir='ltr'>cessasse&#39;dicuntur</span> <span class='ocrx_word' id='word_1_536' title='bbox 1674 5278 1895 5361; x_wconf 68' lang='lat' dir='ltr'>(Matth.</span> 
     </span>
    </p>
   </div>
   <div class='ocr_carea' id='block_1_76' title="bbox 236 5349 1895 5424">
    <p class='ocr_par' dir='ltr' id='par_1_76' title="bbox 236 5349 1895 5424">
     <span class='ocr_line' id='line_1_79' title="bbox 236 5349 1895 5424; baseline 0.005 -22"><span class='ocrx_word' id='word_1_537' title='bbox 236 5366 316 5424; x_wconf 72' lang='lat' dir='ltr'>xi,</span> <span class='ocrx_word' id='word_1_538' title='bbox 353 5354 439 5418; x_wconf 87' lang='lat' dir='ltr'>l3)</span> <span class='ocrx_word' id='word_1_539' title='bbox 463 5349 493 5424; x_wconf 53' lang='grc' dir='ltr'>(ζ</span> <span class='ocrx_word' id='word_1_540' title='bbox 521 5351 671 5415; x_wconf 90' lang='lat' dir='ltr'>Quia</span> <span class='ocrx_word' id='word_1_541' title='bbox 696 5349 825 5419; x_wconf 84' lang='lat' dir='ltr'>jam</span> <span class='ocrx_word' id='word_1_542' title='bbox 859 5350 932 5424; x_wconf 80' lang='lat' dir='ltr'>de</span> <span class='ocrx_word' id='word_1_543' title='bbox 962 5366 1084 5424; x_wconf 89' lang='lat' dir='ltr'>quo</span> <span class='ocrx_word' id='word_1_544' title='bbox 1134 5352 1594 5424; x_wconf 88' lang='lat' dir='ltr'>prophetabant,</span> <span class='ocrx_word' id='word_1_545' title='bbox 1630 5349 1895 5411; x_wconf 87' lang='lat' dir='ltr'>advenit.</span> 
     </span>
    </p>
   </div>
   <div class='ocr_carea' id='block_1_77' title="bbox 237 5421 1896 5495">
    <p class='ocr_par' dir='ltr' id='par_1_77' title="bbox 237 5421 1896 5495">
     <span class='ocr_line' id='line_1_80' title="bbox 237 5421 1896 5495; baseline 0.002 -20"><span class='ocrx_word' id='word_1_546' title='bbox 237 5422 439 5487; x_wconf 91' lang='lat' dir='ltr'>Quare</span> <span class='ocrx_word' id='word_1_547' title='bbox 476 5422 592 5478; x_wconf 92' lang='lat' dir='ltr'>Lex</span> <span class='ocrx_word' id='word_1_548' title='bbox 638 5438 824 5494; x_wconf 90' lang='lat' dir='ltr'>usque</span> <span class='ocrx_word' id='word_1_549' title='bbox 851 5421 927 5477; x_wconf 92' lang='lat' dir='ltr'>ad</span> <span class='ocrx_word' id='word_1_550' title='bbox 958 5421 1270 5489; x_wconf 75' lang='lat' dir='ltr'>Joannem,</span> <span class='ocrx_word' id='word_1_551' title='bbox 1304 5439 1440 5479; x_wconf 91' lang='lat' dir='ltr'>cum</span> <span class='ocrx_word' id='word_1_552' title='bbox 1472 5423 1790 5495; x_wconf 87' lang='lat' dir='ltr'>Apostolus</span> <span class='ocrx_word' id='word_1_553' title='bbox 1811 5424 1896 5479; x_wconf 93' lang='lat' dir='ltr'>di-</span> 
     </span>
    </p>
   </div>
   <div class='ocr_carea' id='block_1_78' title="bbox 304 5533 1034 5590">
    <p class='ocr_par' dir='ltr' id='par_1_78' title="bbox 304 5533 1034 5590">
     <span class='ocr_line' id='line_1_81' title="bbox 304 5533 1034 5590; baseline 0.001 -8"><span class='ocrx_word' id='word_1_554' title='bbox 304 5537 376 5590; x_wconf 82' lang='lat' dir='ltr'>(a)</span> <span class='ocrx_word' id='word_1_555' title='bbox 410 5533 565 5583; x_wconf 85' lang='lat' dir='ltr'>Deest</span> <span class='ocrx_word' id='word_1_556' title='bbox 596 5534 652 5584; x_wconf 92' lang='lat' dir='ltr'>in</span> <span class='ocrx_word' id='word_1_557' title='bbox 683 5534 876 5584; x_wconf 88' lang='lat' dir='ltr'>iisdem</span> <span class='ocrx_word' id='word_1_558' title='bbox 911 5535 1034 5584; x_wconf 87' lang='lat' dir='ltr'>Mss.</span> 
     </span>
    </p>
   </div>
   <div class='ocr_carea' id='block_1_79' title="bbox 300 5596 1891 5663">
    <p class='ocr_par' dir='ltr' id='par_1_79' title="bbox 300 5596 1891 5663">
     <span class='ocr_line' id='line_1_82' title="bbox 300 5596 1891 5663; baseline 0.004 -20"><span class='ocrx_word' id='word_1_559' title='bbox 300 5597 373 5663; x_wconf 82' lang='grc' dir='ltr'><strong>(ὁ)</strong></span> <span class='ocrx_word' id='word_1_560' title='bbox 394 5596 629 5663; x_wconf 62' lang='lat' dir='ltr'>ﬂabetur</span> <span class='ocrx_word' id='word_1_561' title='bbox 644 5611 804 5661; x_wconf 85' lang='lat' dir='ltr'>supra</span> <span class='ocrx_word' id='word_1_562' title='bbox 824 5600 961 5648; x_wconf 91' lang='lat' dir='ltr'>inter</span> <span class='ocrx_word' id='word_1_563' title='bbox 976 5599 1148 5661; x_wconf 91' lang='lat' dir='ltr'>primo</span> <span class='ocrx_word' id='word_1_564' title='bbox 1166 5599 1429 5662; x_wconf 86' lang='lat' dir='ltr'>vulgatas,</span> <span class='ocrx_word' id='word_1_565' title='bbox 1447 5599 1603 5662; x_wconf 85' lang='lat' dir='ltr'>juxta</span> <span class='ocrx_word' id='word_1_566' title='bbox 1618 5601 1891 5663; x_wconf 69' lang='lat' dir='ltr'>quwst.68.</span> 
     </span>
    </p>
   </div>
   <div class='ocr_carea' id='block_1_80' title="bbox 304 5659 895 5723">
    <p class='ocr_par' dir='ltr' id='par_1_80' title="bbox 304 5659 895 5723">
     <span class='ocr_line' id='line_1_83' title="bbox 304 5659 895 5723; baseline 0.003 -17"><span class='ocrx_word' id='word_1_567' title='bbox 304 5660 370 5723; x_wconf 27' lang='lat' dir='ltr'>(ei)</span> <span class='ocrx_word' id='word_1_568' title='bbox 398 5659 561 5715; x_wconf 87' lang='lat' dir='ltr'>Ibid.,</span> <span class='ocrx_word' id='word_1_569' title='bbox 592 5659 783 5723; x_wconf 68' lang='lat' dir='ltr'>quaest.</span> <span class='ocrx_word' id='word_1_570' title='bbox 819 5663 895 5708; x_wconf 86' lang='lat'>69.</span> 
     </span>
    </p>
   </div>
   <div class='ocr_carea' id='block_1_81' title="bbox 300 5721 1251 5787">
    <p class='ocr_par' dir='ltr' id='par_1_81' title="bbox 300 5721 1251 5787">
     <span class='ocr_line' id='line_1_84' title="bbox 300 5721 1251 5787; baseline 0 -14"><span class='ocrx_word' id='word_1_571' title='bbox 300 5721 379 5787; x_wconf 18' lang='lat' dir='ltr'>(di)</span> <span class='ocrx_word' id='word_1_572' title='bbox 407 5724 568 5787; x_wconf 89' lang='lat' dir='ltr'>_Deest</span> <span class='ocrx_word' id='word_1_573' title='bbox 593 5721 646 5787; x_wconf 78' lang='lat' dir='ltr'>in</span> <span class='ocrx_word' id='word_1_574' title='bbox 672 5723 797 5787; x_wconf 79' lang='lat' dir='ltr'>Mss.</span> <span class='ocrx_word' id='word_1_575' title='bbox 830 5723 987 5787; x_wconf 84' lang='lat' dir='ltr'>primi</span> <span class='ocrx_word' id='word_1_576' title='bbox 1014 5724 1223 5786; x_wconf 82' lang='lat' dir='ltr'>generis</span> <span class='ocrx_word' id='word_1_577' title='bbox 1240 5761 1251 5772; x_wconf 98' lang='lat'>.</span> 
     </span>
    </p>
   </div>
   <div class='ocr_carea' id='block_1_82' title="bbox 308 5784 1017 5849">
    <p class='ocr_par' dir='ltr' id='par_1_82' title="bbox 308 5784 1017 5849">
     <span class='ocr_line' id='line_1_85' title="bbox 308 5784 1017 5849; baseline 0.011 -18"><span class='ocrx_word' id='word_1_578' title='bbox 308 5784 375 5849; x_wconf 75' lang='grc' dir='ltr'>(ο)</span> <span class='ocrx_word' id='word_1_579' title='bbox 407 5784 562 5835; x_wconf 86' lang='lat' dir='ltr'>Deest</span> <span class='ocrx_word' id='word_1_580' title='bbox 590 5785 645 5834; x_wconf 92' lang='lat' dir='ltr'>in</span> <span class='ocrx_word' id='word_1_581' title='bbox 672 5784 861 5836; x_wconf 81' lang='lat' dir='ltr'>iisdem</span> <span class='ocrx_word' id='word_1_582' title='bbox 886 5786 1017 5839; x_wconf 71' lang='lat' dir='ltr'>Mss.</span> 
     </span>
    </p>
   </div>
   <div class='ocr_carea' id='block_1_83' title="bbox 1776 233 2163 296">
    <p class='ocr_par' dir='ltr' id='par_1_83' title="bbox 1776 233 2163 296">
     <span class='ocr_line' id='line_1_86' title="bbox 1776 233 2163 296; baseline 0.005 -3"><span class='ocrx_word' id='word_1_583' title='bbox 1776 233 2163 296; x_wconf 84' lang='lat' dir='ltr'>APPENDIX.</span> 
     </span>
    </p>
   </div>
   <div class='ocr_carea' id='block_1_84' title="bbox 3526 246 3667 303">
    <p class='ocr_par' dir='ltr' id='par_1_84' title="bbox 3526 246 3667 303">
     <span class='ocr_line' id='line_1_87' title="bbox 3526 246 3667 303; baseline 0.007 -3"><span class='ocrx_word' id='word_1_584' title='bbox 3526 246 3667 303; x_wconf 73' lang='grc'><strong>2402</strong></span> 
     </span>
    </p>
   </div>
   <div class='ocr_carea' id='block_1_85' title="bbox 2012 360 3665 439">
    <p class='ocr_par' dir='ltr' id='par_1_85' title="bbox 2012 360 3665 439">
     <span class='ocr_line' id='line_1_88' title="bbox 2012 360 3665 439; baseline 0.007 -22"><span class='ocrx_word' id='word_1_585' title='bbox 2012 368 2126 439; x_wconf 85' lang='lat' dir='ltr'>cat,</span> <span class='ocrx_word' id='word_1_586' title='bbox 2162 362 2312 439; x_wconf 72' lang='lat' dir='ltr'>Legi</span> <span class='ocrx_word' id='word_1_587' title='bbox 2356 360 2781 439; x_wconf 90' lang='lat' dir='ltr'>nos_subdi_t_os</span> <span class='ocrx_word' id='word_1_588' title='bbox 2819 363 3038 420; x_wconf 90' lang='lat' dir='ltr'>debere</span> <span class='ocrx_word' id='word_1_589' title='bbox 3060 382 3217 439; x_wconf 82' lang='lat' dir='ltr'>_esse</span> <span class='ocrx_word' id='word_1_590' title='bbox 3251 386 3263 426; x_wconf 92' lang='lat'>:</span> <span class='ocrx_word' id='word_1_591' title='bbox 3297 370 3427 434; x_wconf 71' lang='lat' dir='ltr'>Qua:</span> <span class='ocrx_word' id='word_1_592' title='bbox 3462 379 3665 439; x_wconf 86' lang='lat' dir='ltr'>autem,</span> 
     </span>
    </p>
   </div>
   <div class='ocr_carea' id='block_1_86' title="bbox 2009 434 3495 514">
    <p class='ocr_par' dir='ltr' id='par_1_86' title="bbox 2009 434 3495 514">
     <span class='ocr_line' id='line_1_89' title="bbox 2009 434 3495 514; baseline 0.005 -24"><span class='ocrx_word' id='word_1_593' title='bbox 2009 434 2223 514; x_wconf 76' lang='lat' dir='ltr'>inquit,</span> <span class='ocrx_word' id='word_1_594' title='bbox 2250 440 2428 514; x_wconf 68' lang='lat' dir='ltr'>sueta</span> <span class='ocrx_word' id='word_1_595' title='bbox 2459 434 2566 489; x_wconf 86' lang='lat' dir='ltr'>Deo</span> <span class='ocrx_word' id='word_1_596' title='bbox 2590 434 2848 490; x_wconf 88' lang='lat' dir='ltr'>ordinata</span> <span class='ocrx_word' id='word_1_597' title='bbox 2870 443 2995 490; x_wconf 76' lang='lat' dir='ltr'>sunt</span> <span class='ocrx_word' id='word_1_598' title='bbox 3028 436 3199 505; x_wconf 91' lang='lat' dir='ltr'>(Rom.</span> <span class='ocrx_word' id='word_1_599' title='bbox 3233 455 3372 514; x_wconf 66' lang='lat' dir='ltr'>xui,</span> <span class='ocrx_word' id='word_1_600' title='bbox 3392 442 3440 514; x_wconf 85' lang='lat' dir='ltr'>t)</span> <span class='ocrx_word' id='word_1_601' title='bbox 3468 442 3495 497; x_wconf 75' lang='lat' dir='ltr'>i’</span> 
     </span>
    </p>
   </div>
   <div class='ocr_carea' id='block_1_87' title="bbox 2131 505 3664 584">
    <p class='ocr_par' dir='ltr' id='par_1_87' title="bbox 2131 505 3664 584">
     <span class='ocr_line' id='line_1_90' title="bbox 2131 505 3664 584; baseline 0.01 -25"><span class='ocrx_word' id='word_1_602' title='bbox 2131 505 2527 584; x_wconf 80' lang='lat' dir='ltr'>egis_qui_dem</span> <span class='ocrx_word' id='word_1_603' title='bbox 2565 522 2750 584; x_wconf 86' lang='lat' dir='ltr'>unum</span> <span class='ocrx_word' id='word_1_604' title='bbox 2773 523 2994 584; x_wconf 78' lang='lat' dir='ltr'>nomen</span> <span class='ocrx_word' id='word_1_605' title='bbox 3037 515 3143 584; x_wconf 83' lang='lat' dir='ltr'>est,</span> <span class='ocrx_word' id='word_1_606' title='bbox 3178 511 3282 565; x_wconf 89' lang='lat' dir='ltr'>sed</span> <span class='ocrx_word' id='word_1_607' title='bbox 3308 505 3664 584; x_wconf 76' lang='lat' dir='ltr'>tripertitam</span> 
     </span>
    </p>
   </div>
   <div class='ocr_carea' id='block_1_88' title="bbox 2010 576 3664 655">
    <p class='ocr_par' dir='ltr' id='par_1_88' title="bbox 2010 576 3664 655">
     <span class='ocr_line' id='line_1_91' title="bbox 2010 576 3664 655; baseline 0.008 -25"><span class='ocrx_word' id='word_1_608' title='bbox 2010 576 2192 655; x_wconf 73' lang='lat' dir='ltr'>habet</span> <span class='ocrx_word' id='word_1_609' title='bbox 2250 576 2720 655; x_wconf 72' lang='lat' dir='ltr'>intelligentiam.</span> <span class='ocrx_word' id='word_1_610' title='bbox 2773 578 2967 655; x_wconf 85' lang='lat' dir='ltr'>Prima</span> <span class='ocrx_word' id='word_1_611' title='bbox 3010 582 3341 655; x_wconf 83' lang='lat' dir='ltr'>enimpars</span> <span class='ocrx_word' id='word_1_612' title='bbox 3375 576 3541 655; x_wconf 81' lang='lat' dir='ltr'>Legis</span> <span class='ocrx_word' id='word_1_613' title='bbox 3590 589 3664 645; x_wconf 91' lang='lat' dir='ltr'>de</span> 
     </span>
    </p>
   </div>
   <div class='ocr_carea' id='block_1_89' title="bbox 2014 648 3661 726">
    <p class='ocr_par' dir='ltr' id='par_1_89' title="bbox 2014 648 3661 726">
     <span class='ocr_line' id='line_1_92' title="bbox 2014 648 3661 726; baseline 0.009 -24"><span class='ocrx_word' id='word_1_614' title='bbox 2014 650 2291 726; x_wconf 31' lang='lat' dir='ltr'>Dquest.</span> <span class='ocrx_word' id='word_1_615' title='bbox 2326 649 2427 726; x_wconf 70' lang='lat' dir='ltr'>Sic</span> <span class='ocrx_word' id='word_1_616' title='bbox 2454 649 2624 726; x_wconf 73' lang='lat' dir='ltr'>enim</span> <span class='ocrx_word' id='word_1_617' title='bbox 2660 651 2769 726; x_wconf 83' lang='lat' dir='ltr'>Lex</span> <span class='ocrx_word' id='word_1_618' title='bbox 2816 648 3142 726; x_wconf 91' lang='lat' dir='ltr'>a_lectione</span> <span class='ocrx_word' id='word_1_619' title='bbox 3173 648 3331 710; x_wconf 80' lang='lat' dir='ltr'>dicta</span> <span class='ocrx_word' id='word_1_620' title='bbox 3360 648 3559 726; x_wconf 48' lang='lat' dir='ltr'>estIut</span> <span class='ocrx_word' id='word_1_621' title='bbox 3587 660 3661 715; x_wconf 88' lang='lat' dir='ltr'>de</span> 
     </span>
    </p>
   </div>
   <div class='ocr_carea' id='block_1_90' title="bbox 2012 717 3665 801">
    <p class='ocr_par' dir='ltr' id='par_1_90' title="bbox 2012 717 3665 801">
     <span class='ocr_line' id='line_1_93' title="bbox 2012 717 3665 801; baseline 0.007 -28"><span class='ocrx_word' id='word_1_622' title='bbox 2012 717 2213 774; x_wconf 90' lang='lat' dir='ltr'>multis</span> <span class='ocrx_word' id='word_1_623' title='bbox 2237 718 2383 801; x_wconf 87' lang='lat' dir='ltr'>quid</span> <span class='ocrx_word' id='word_1_624' title='bbox 2415 719 2602 801; x_wconf 79' lang='lat' dir='ltr'>eligas</span> <span class='ocrx_word' id='word_1_625' title='bbox 2635 721 2809 801; x_wconf 86' lang='lat' dir='ltr'>scias.</span> <span class='ocrx_word' id='word_1_626' title='bbox 2862 721 3015 801; x_wconf 89' lang='lat' dir='ltr'>Inter</span> <span class='ocrx_word' id='word_1_627' title='bbox 3030 739 3267 801; x_wconf 79' lang='lat' dir='ltr'>_errores</span> <span class='ocrx_word' id='word_1_628' title='bbox 3298 717 3665 801; x_wconf 55' lang='lat' dir='ltr'>ergo&#39;positi</span> 
     </span>
    </p>
   </div>
   <div class='ocr_carea' id='block_1_91' title="bbox 2012 790 3664 865">
    <p class='ocr_par' dir='ltr' id='par_1_91' title="bbox 2012 790 3664 865">
     <span class='ocr_line' id='line_1_94' title="bbox 2012 790 3664 865; baseline 0.008 -22"><span class='ocrx_word' id='word_1_629' title='bbox 2012 796 2371 865; x_wconf 82' lang='lat' dir='ltr'>acceperunt</span> <span class='ocrx_word' id='word_1_630' title='bbox 2401 796 2461 865; x_wconf 89' lang='lat' dir='ltr'>u_t</span> <span class='ocrx_word' id='word_1_631' title='bbox 2492 790 2709 865; x_wconf 85' lang='lat' dir='ltr'>eligant</span> <span class='ocrx_word' id='word_1_632' title='bbox 2734 807 2960 865; x_wconf 87' lang='lat' dir='ltr'>verum,</span> <span class='ocrx_word' id='word_1_633' title='bbox 2990 793 3045 847; x_wconf 90' lang='lat' dir='ltr'>id</span> <span class='ocrx_word' id='word_1_634' title='bbox 3078 801 3163 848; x_wconf 91' lang='lat' dir='ltr'>est</span> <span class='ocrx_word' id='word_1_635' title='bbox 3192 790 3508 865; x_wconf 68' lang='lat' dir='ltr'>reprobate</span> <span class='ocrx_word' id='word_1_636' title='bbox 3542 802 3664 858; x_wconf 90' lang='lat' dir='ltr'>dia-</span> 
     </span>
    </p>
   </div>
   <div class='ocr_carea' id='block_1_92' title="bbox 2012 860 3665 939">
    <p class='ocr_par' dir='ltr' id='par_1_92' title="bbox 2012 860 3665 939">
     <span class='ocr_line' id='line_1_95' title="bbox 2012 860 3665 939; baseline 0.009 -24"><span class='ocrx_word' id='word_1_637' title='bbox 2012 860 2627 939; x_wconf 27' lang='lat' dir='ltr'>bolo’eligantDeum.</span> <span class='ocrx_word' id='word_1_638' title='bbox 2660 864 2931 939; x_wconf 83' lang='lat' dir='ltr'>Socunda</span> <span class='ocrx_word' id='word_1_639' title='bbox 2957 871 3151 939; x_wconf 82' lang='lat' dir='ltr'>autem</span> <span class='ocrx_word' id='word_1_640' title='bbox 3178 860 3343 935; x_wconf 82' lang='lat' dir='ltr'>Legis</span> <span class='ocrx_word' id='word_1_641' title='bbox 3372 886 3509 939; x_wconf 88' lang='lat' dir='ltr'>pars</span> <span class='ocrx_word' id='word_1_642' title='bbox 3541 872 3665 929; x_wconf 68' lang='lat' dir='ltr'>haac</span> 
     </span>
    </p>
   </div>
   <div class='ocr_carea' id='block_1_93' title="bbox 2010 932 3665 1010">
    <p class='ocr_par' dir='ltr' id='par_1_93' title="bbox 2010 932 3665 1010">
     <span class='ocr_line' id='line_1_96' title="bbox 2010 932 3665 1010; baseline 0.013 -32"><span class='ocrx_word' id='word_1_643' title='bbox 2010 938 2118 1010; x_wconf 48' lang='lat' dir='ltr'>est,</span> <span class='ocrx_word' id='word_1_644' title='bbox 2148 948 2284 1010; x_wconf 66' lang='lat' dir='ltr'>quae</span> <span class='ocrx_word' id='word_1_645' title='bbox 2317 932 2538 987; x_wconf 87' lang='lat' dir='ltr'>scilicet</span> <span class='ocrx_word' id='word_1_646' title='bbox 2567 934 2877 1005; x_wconf 66' lang='lat' dir='ltr'>praeceptis</span> <span class='ocrx_word' id='word_1_647' title='bbox 2909 932 3427 1010; x_wconf 43' lang='lat' dir='ltr'>contineturfqu&#39;ae</span> <span class='ocrx_word' id='word_1_648' title='bbox 3459 944 3541 998; x_wconf 90' lang='lat' dir='ltr'>sic</span> <span class='ocrx_word' id='word_1_649' title='bbox 3577 946 3665 999; x_wconf 90' lang='lat' dir='ltr'>in-</span> 
     </span>
    </p>
   </div>
   <div class='ocr_carea' id='block_1_94' title="bbox 2009 1004 3667 1075">
    <p class='ocr_par' dir='ltr' id='par_1_94' title="bbox 2009 1004 3667 1075">
     <span class='ocr_line' id='line_1_97' title="bbox 2009 1004 3667 1075; baseline 0.007 -16"><span class='ocrx_word' id='word_1_650' title='bbox 2009 1004 2424 1075; x_wconf 22' lang='lat' dir='ltr'>cipit,iHonora</span> <span class='ocrx_word' id='word_1_651' title='bbox 2451 1009 2681 1075; x_wconf 89' lang='lat' dir='ltr'>patrem</span> <span class='ocrx_word' id='word_1_652' title='bbox 2704 1004 3051 1061; x_wconf 29' lang='lat' dir='ltr'>et’matrem.</span> <span class='ocrx_word' id='word_1_653' title='bbox 3082 1009 3271 1063; x_wconf 86' lang='lat' dir='ltr'>Tertia</span> <span class='ocrx_word' id='word_1_654' title='bbox 3285 1004 3496 1067; x_wconf 55' lang='lat' dir='ltr'>v&#39;eroiu</span> <span class='ocrx_word' id='word_1_655' title='bbox 3528 1030 3667 1070; x_wconf 91' lang='lat' dir='ltr'>neo-</span> 
     </span>
    </p>
   </div>
   <div class='ocr_carea' id='block_1_95' title="bbox 2011 1074 3665 1142">
    <p class='ocr_par' dir='ltr' id='par_1_95' title="bbox 2011 1074 3665 1142">
     <span class='ocr_line' id='line_1_98' title="bbox 2011 1074 3665 1142; baseline 0.007 -13"><span class='ocrx_word' id='word_1_656' title='bbox 2011 1074 2223 1129; x_wconf 89' lang='lat' dir='ltr'>meniis</span> <span class='ocrx_word' id='word_1_657' title='bbox 2250 1080 2305 1130; x_wconf 91' lang='lat' dir='ltr'>et</span> <span class='ocrx_word' id='word_1_658' title='bbox 2334 1075 2393 1129; x_wconf 92' lang='lat' dir='ltr'>in</span> <span class='ocrx_word' id='word_1_659' title='bbox 2422 1074 2675 1131; x_wconf 85' lang='lat' dir='ltr'>sabbato</span> <span class='ocrx_word' id='word_1_660' title='bbox 2701 1081 2806 1140; x_wconf 92' lang='lat' dir='ltr'>est,</span> <span class='ocrx_word' id='word_1_661' title='bbox 2830 1083 2886 1132; x_wconf 90' lang='lat' dir='ltr'>et</span> <span class='ocrx_word' id='word_1_662' title='bbox 2915 1079 2971 1131; x_wconf 92' lang='lat' dir='ltr'>in</span> <span class='ocrx_word' id='word_1_663' title='bbox 3000 1080 3153 1133; x_wconf 82' lang='lat' dir='ltr'>escis</span> <span class='ocrx_word' id='word_1_664' title='bbox 3173 1079 3665 1142; x_wconf 87' lang='lat' dir='ltr'>discernendisac</span> 
     </span>
    </p>
   </div>
   <div class='ocr_carea' id='block_1_96' title="bbox 2008 1145 3664 1223">
    <p class='ocr_par' dir='ltr' id='par_1_96' title="bbox 2008 1145 3664 1223">
     <span class='ocr_line' id='line_1_99' title="bbox 2008 1145 3664 1223; baseline 0.008 -24"><span class='ocrx_word' id='word_1_665' title='bbox 2008 1145 2318 1223; x_wconf 66' lang='lat' dir='ltr'>eligendis,</span> <span class='ocrx_word' id='word_1_666' title='bbox 2342 1148 2483 1223; x_wconf 77' lang='lat' dir='ltr'>ei_in</span> <span class='ocrx_word' id='word_1_667' title='bbox 2516 1149 2965 1223; x_wconf 71' lang='lat' dir='ltr'>circumcisione</span> <span class='ocrx_word' id='word_1_668' title='bbox 2980 1156 3035 1203; x_wconf 90' lang='lat' dir='ltr'>et</span> <span class='ocrx_word' id='word_1_669' title='bbox 3054 1152 3112 1223; x_wconf 90' lang='lat' dir='ltr'>in</span> <span class='ocrx_word' id='word_1_670' title='bbox 3136 1152 3343 1223; x_wconf 87' lang='lat' dir='ltr'>hostiis</span> <span class='ocrx_word' id='word_1_671' title='bbox 3364 1156 3664 1223; x_wconf 90' lang='lat' dir='ltr'>pecudum</span> 
     </span>
    </p>
   </div>
   <div class='ocr_carea' id='block_1_97' title="bbox 2011 1216 3667 1289">
    <p class='ocr_par' dir='ltr' id='par_1_97' title="bbox 2011 1216 3667 1289">
     <span class='ocr_line' id='line_1_100' title="bbox 2011 1216 3667 1289; baseline 0.006 -16"><span class='ocrx_word' id='word_1_672' title='bbox 2011 1216 2349 1273; x_wconf 77' lang='lat' dir='ltr'>oﬁ‘erendis.</span> <span class='ocrx_word' id='word_1_673' title='bbox 2383 1216 2543 1289; x_wconf 79' lang='lat' dir='ltr'>Hanc</span> <span class='ocrx_word' id='word_1_674' title='bbox 2573 1219 2773 1288; x_wconf 89' lang='lat' dir='ltr'>itaque</span> <span class='ocrx_word' id='word_1_675' title='bbox 2792 1219 3003 1289; x_wconf 86' lang='lat' dir='ltr'>Legem</span> <span class='ocrx_word' id='word_1_676' title='bbox 3032 1221 3172 1275; x_wconf 92' lang='lat' dir='ltr'>dicit</span> <span class='ocrx_word' id='word_1_677' title='bbox 3197 1216 3383 1289; x_wconf 80' lang='lat' dir='ltr'>usque</span> <span class='ocrx_word' id='word_1_678' title='bbox 3401 1225 3667 1283; x_wconf 90' lang='lat' dir='ltr'>adJoan-</span> 
     </span>
    </p>
   </div>
   <div class='ocr_carea' id='block_1_98' title="bbox 2013 1288 3667 1363">
    <p class='ocr_par' dir='ltr' id='par_1_98' title="bbox 2013 1288 3667 1363">
     <span class='ocr_line' id='line_1_101' title="bbox 2013 1288 3667 1363; baseline 0.008 -21"><span class='ocrx_word' id='word_1_679' title='bbox 2013 1304 2171 1351; x_wconf 89' lang='lat' dir='ltr'>nem,</span> <span class='ocrx_word' id='word_1_680' title='bbox 2197 1303 2328 1363; x_wconf 89' lang='lat' dir='ltr'>_non</span> <span class='ocrx_word' id='word_1_681' title='bbox 2364 1288 2513 1343; x_wconf 91' lang='lat' dir='ltr'>ultra</span> <span class='ocrx_word' id='word_1_682' title='bbox 2545 1288 2928 1346; x_wconf 87' lang='lat' dir='ltr'>servandam.</span> <span class='ocrx_word' id='word_1_683' title='bbox 2964 1292 3057 1346; x_wconf 90' lang='lat' dir='ltr'>Sic</span> <span class='ocrx_word' id='word_1_684' title='bbox 3088 1294 3249 1347; x_wconf 90' lang='lat' dir='ltr'>enim</span> <span class='ocrx_word' id='word_1_685' title='bbox 3276 1288 3418 1351; x_wconf 84' lang='lat' dir='ltr'>data</span> <span class='ocrx_word' id='word_1_686' title='bbox 3462 1306 3568 1363; x_wconf 89' lang='lat' dir='ltr'>est,</span> <span class='ocrx_word' id='word_1_687' title='bbox 3606 1305 3667 1356; x_wconf 89' lang='lat' dir='ltr'>ut</span> 
     </span>
    </p>
   </div>
   <div class='ocr_carea' id='block_1_99' title="bbox 2012 1358 3670 1429">
    <p class='ocr_par' dir='ltr' id='par_1_99' title="bbox 2012 1358 3670 1429">
     <span class='ocr_line' id='line_1_102' title="bbox 2012 1358 3670 1429; baseline 0.007 -15"><span class='ocrx_word' id='word_1_688' title='bbox 2012 1358 2310 1429; x_wconf 89' lang='lat' dir='ltr'>completo</span> <span class='ocrx_word' id='word_1_689' title='bbox 2347 1364 2614 1429; x_wconf 87' lang='lat' dir='ltr'>tempore</span> <span class='ocrx_word' id='word_1_690' title='bbox 2644 1367 2921 1426; x_wconf 86' lang='lat' dir='ltr'>cessaret,</span> <span class='ocrx_word' id='word_1_691' title='bbox 2967 1378 3072 1417; x_wconf 91' lang='lat' dir='ltr'>nec</span> <span class='ocrx_word' id='word_1_692' title='bbox 3103 1365 3258 1419; x_wconf 91' lang='lat' dir='ltr'>enim</span> <span class='ocrx_word' id='word_1_693' title='bbox 3298 1365 3405 1422; x_wconf 87' lang='lat' dir='ltr'>fuit</span> <span class='ocrx_word' id='word_1_694' title='bbox 3453 1369 3530 1424; x_wconf 90' lang='lat' dir='ltr'>ab</span> <span class='ocrx_word' id='word_1_695' title='bbox 3554 1358 3670 1425; x_wconf 81' lang='lat' dir='ltr'>ini-</span> 
     </span>
    </p>
   </div>
   <div class='ocr_carea' id='block_1_100' title="bbox 2015 1429 3664 1503">
    <p class='ocr_par' dir='ltr' id='par_1_100' title="bbox 2015 1429 3664 1503">
     <span class='ocr_line' id='line_1_103' title="bbox 2015 1429 3664 1503; baseline 0.007 -18"><span class='ocrx_word' id='word_1_696' title='bbox 2015 1432 2114 1503; x_wconf 86' lang='lat' dir='ltr'>tio,</span> <span class='ocrx_word' id='word_1_697' title='bbox 2150 1429 2265 1503; x_wconf 84' lang='lat' dir='ltr'>sed</span> <span class='ocrx_word' id='word_1_698' title='bbox 2305 1446 2375 1503; x_wconf 84' lang='lat' dir='ltr'>ex</span> <span class='ocrx_word' id='word_1_699' title='bbox 2406 1446 2593 1484; x_wconf 88' lang='lat' dir='ltr'>causa</span> <span class='ocrx_word' id='word_1_700' title='bbox 2646 1432 2789 1486; x_wconf 87' lang='lat' dir='ltr'>data</span> <span class='ocrx_word' id='word_1_701' title='bbox 2819 1434 2893 1487; x_wconf 88' lang='lat' dir='ltr'>ad</span> <span class='ocrx_word' id='word_1_702' title='bbox 2925 1439 3160 1501; x_wconf 89' lang='lat' dir='ltr'>tempus</span> <span class='ocrx_word' id='word_1_703' title='bbox 3214 1442 3322 1503; x_wconf 90' lang='lat' dir='ltr'>est,</span> <span class='ocrx_word' id='word_1_704' title='bbox 3374 1443 3435 1492; x_wconf 93' lang='lat' dir='ltr'>ut</span> <span class='ocrx_word' id='word_1_705' title='bbox 3480 1441 3664 1497; x_wconf 89' lang='lat' dir='ltr'>adve-</span> 
     </span>
    </p>
   </div>
   <div class='ocr_carea' id='block_1_101' title="bbox 2014 1500 3671 1574">
    <p class='ocr_par' dir='ltr' id='par_1_101' title="bbox 2014 1500 3671 1574">
     <span class='ocr_line' id='line_1_104' title="bbox 2014 1500 3671 1574; baseline 0.008 -18"><span class='ocrx_word' id='word_1_706' title='bbox 2014 1502 2213 1574; x_wconf 82' lang='lat' dir='ltr'>niente</span> <span class='ocrx_word' id='word_1_707' title='bbox 2247 1500 2550 1556; x_wconf 86' lang='lat' dir='ltr'>Salvatore</span> <span class='ocrx_word' id='word_1_708' title='bbox 2583 1511 2839 1558; x_wconf 90' lang='lat' dir='ltr'>cessaret</span> <span class='ocrx_word' id='word_1_709' title='bbox 2868 1504 3005 1560; x_wconf 88' lang='lat' dir='ltr'>Lex.</span> <span class='ocrx_word' id='word_1_710' title='bbox 3040 1500 3190 1574; x_wconf 86' lang='lat' dir='ltr'>Ergo</span> <span class='ocrx_word' id='word_1_711' title='bbox 3220 1500 3441 1565; x_wconf 30' lang='lat' dir='ltr'>de&#39;Deo</span> <span class='ocrx_word' id='word_1_712' title='bbox 3474 1518 3671 1569; x_wconf 89' lang='lat' dir='ltr'>manet</span> 
     </span>
    </p>
   </div>
   <div class='ocr_carea' id='block_1_102' title="bbox 2016 1573 3669 1651">
    <p class='ocr_par' dir='ltr' id='par_1_102' title="bbox 2016 1573 3669 1651">
     <span class='ocr_line' id='line_1_105' title="bbox 2016 1573 3669 1651; baseline 0.007 -23"><span class='ocrx_word' id='word_1_713' title='bbox 2016 1573 2273 1651; x_wconf 77' lang='lat' dir='ltr'>tamLex</span> <span class='ocrx_word' id='word_1_714' title='bbox 2308 1579 2744 1651; x_wconf 65' lang='lat' dir='ltr'>prmceptorum</span> <span class='ocrx_word' id='word_1_715' title='bbox 2776 1590 2963 1651; x_wconf 80' lang='lat' dir='ltr'>quam</span> <span class='ocrx_word' id='word_1_716' title='bbox 2997 1573 3212 1631; x_wconf 89' lang='lat' dir='ltr'>natura</span> <span class='ocrx_word' id='word_1_717' title='bbox 3238 1578 3364 1648; x_wconf 88' lang='lat' dir='ltr'>ejus</span> <span class='ocrx_word' id='word_1_718' title='bbox 3385 1598 3519 1651; x_wconf 66' lang='lat' dir='ltr'>quas</span> <span class='ocrx_word' id='word_1_719' title='bbox 3545 1586 3669 1640; x_wconf 89' lang='lat' dir='ltr'>sine</span> 
     </span>
    </p>
   </div>
   <div class='ocr_carea' id='block_1_103' title="bbox 2013 1643 3669 1722">
    <p class='ocr_par' dir='ltr' id='par_1_103' title="bbox 2013 1643 3669 1722">
     <span class='ocr_line' id='line_1_106' title="bbox 2013 1643 3669 1722; baseline 0.007 -24"><span class='ocrx_word' id='word_1_720' title='bbox 2013 1643 2201 1722; x_wconf 86' lang='lat' dir='ltr'>dubio</span> <span class='ocrx_word' id='word_1_721' title='bbox 2230 1645 2451 1722; x_wconf 30' lang='lat' dir='ltr'>est,‘_a-b</span> <span class='ocrx_word' id='word_1_722' title='bbox 2487 1645 2618 1715; x_wconf 89' lang='lat' dir='ltr'>ipso</span> <span class='ocrx_word' id='word_1_723' title='bbox 2636 1643 2879 1722; x_wconf 74' lang='lat' dir='ltr'>aboleri</span> <span class='ocrx_word' id='word_1_724' title='bbox 2906 1662 3024 1701; x_wconf 92' lang='lat' dir='ltr'>non</span> <span class='ocrx_word' id='word_1_725' title='bbox 3058 1643 3284 1717; x_wconf 50' lang='lat' dir='ltr'>potest:</span> <span class='ocrx_word' id='word_1_726' title='bbox 3323 1643 3425 1705; x_wconf 74' lang='lat' dir='ltr'>Per</span> <span class='ocrx_word' id='word_1_727' title='bbox 3468 1654 3669 1722; x_wconf 86' lang='lat' dir='ltr'>ipsum</span> 
     </span>
    </p>
   </div>
   <div class='ocr_carea' id='block_1_104' title="bbox 2013 1715 3671 1789">
    <p class='ocr_par' dir='ltr' id='par_1_104' title="bbox 2013 1715 3671 1789">
     <span class='ocr_line' id='line_1_107' title="bbox 2013 1715 3671 1789; baseline 0.007 -20"><span class='ocrx_word' id='word_1_728' title='bbox 2013 1716 2173 1789; x_wconf 85' lang='lat' dir='ltr'>enim</span> <span class='ocrx_word' id='word_1_729' title='bbox 2226 1715 2531 1789; x_wconf 70' lang='lat' dir='ltr'>proficitur</span> <span class='ocrx_word' id='word_1_730' title='bbox 2574 1717 2651 1770; x_wconf 87' lang='lat' dir='ltr'>ad</span> <span class='ocrx_word' id='word_1_731' title='bbox 2690 1715 3070 1786; x_wconf 80' lang='lat' dir='ltr'>promissum</span> <span class='ocrx_word' id='word_1_732' title='bbox 3102 1722 3441 1789; x_wconf 75' lang='lat' dir='ltr'>praemium.</span> <span class='ocrx_word' id='word_1_733' title='bbox 3474 1715 3671 1780; x_wconf 80' lang='lat' dir='ltr'>Timor</span> 
     </span>
    </p>
   </div>
   <div class='ocr_carea' id='block_1_105' title="bbox 2013 1785 2867 1855">
    <p class='ocr_par' dir='ltr' id='par_1_105' title="bbox 2013 1785 2867 1855">
     <span class='ocr_line' id='line_1_108' title="bbox 2013 1785 2867 1855; baseline 0.001 -15"><span class='ocrx_word' id='word_1_734' title='bbox 2013 1787 2174 1840; x_wconf 91' lang='lat' dir='ltr'>enim</span> <span class='ocrx_word' id='word_1_735' title='bbox 2199 1785 2659 1841; x_wconf 74' lang='lat' dir='ltr'>sollicitudinem</span> <span class='ocrx_word' id='word_1_736' title='bbox 2692 1785 2867 1855; x_wconf 78' lang='lat' dir='ltr'>parit.</span> 
     </span>
    </p>
   </div>
   <div class='ocr_carea' id='block_1_106' title="bbox 2085 1856 3670 1930">
    <p class='ocr_par' dir='ltr' id='par_1_106' title="bbox 2085 1856 3670 1930">
     <span class='ocr_line' id='line_1_109' title="bbox 2085 1856 3670 1930; baseline 0.01 -23"><span class='ocrx_word' id='word_1_737' title='bbox 2085 1856 2204 1930; x_wconf 77' lang='lat' dir='ltr'>XVI</span> <span class='ocrx_word' id='word_1_738' title='bbox 2233 1856 2335 1930; x_wconf 80' lang='lat' dir='ltr'>(a).</span> <span class='ocrx_word' id='word_1_739' title='bbox 2357 1887 2421 1897; x_wconf 90' lang='lat'><strong><em>—</em></strong></span> <span class='ocrx_word' id='word_1_740' title='bbox 2454 1858 2596 1912; x_wconf 91' lang='lat' dir='ltr'>Cum</span> <span class='ocrx_word' id='word_1_741' title='bbox 2624 1858 2889 1914; x_wconf 87' lang='lat' dir='ltr'>Salvator</span> <span class='ocrx_word' id='word_1_742' title='bbox 2915 1859 3284 1930; x_wconf 90' lang='lat' dir='ltr'>baptismum</span> <span class='ocrx_word' id='word_1_743' title='bbox 3315 1865 3563 1920; x_wconf 87' lang='lat' dir='ltr'>Joannis</span> <span class='ocrx_word' id='word_1_744' title='bbox 3596 1867 3670 1923; x_wconf 89' lang='lat' dir='ltr'>de</span> 
     </span>
    </p>
   </div>
   <div class='ocr_carea' id='block_1_107' title="bbox 2015 1929 3669 2003">
    <p class='ocr_par' dir='ltr' id='par_1_107' title="bbox 2015 1929 3669 2003">
     <span class='ocr_line' id='line_1_110' title="bbox 2015 1929 3669 2003; baseline 0.007 -21"><span class='ocrx_word' id='word_1_745' title='bbox 2015 1929 2166 2003; x_wconf 56' lang='lat' dir='ltr'>caelo</span> <span class='ocrx_word' id='word_1_746' title='bbox 2215 1929 2409 2003; x_wconf 72' lang='lat' dir='ltr'>dicat,</span> <span class='ocrx_word' id='word_1_747' title='bbox 2447 1944 2559 2003; x_wconf 81' lang='lat' dir='ltr'>cur</span> <span class='ocrx_word' id='word_1_748' title='bbox 2599 1930 2935 2003; x_wconf 77' lang='lat' dir='ltr'>Nicodemo,</span> <span class='ocrx_word' id='word_1_749' title='bbox 2966 1929 3102 1986; x_wconf 90' lang='lat' dir='ltr'>cum</span> <span class='ocrx_word' id='word_1_750' title='bbox 3131 1932 3205 1985; x_wconf 92' lang='lat' dir='ltr'>de</span> <span class='ocrx_word' id='word_1_751' title='bbox 3233 1935 3539 2003; x_wconf 89' lang='lat' dir='ltr'>baptismo</span> <span class='ocrx_word' id='word_1_752' title='bbox 3587 1938 3669 1994; x_wconf 94' lang='lat' dir='ltr'>Io-</span> 
     </span>
    </p>
   </div>
   <div class='ocr_carea' id='block_1_108' title="bbox 2013 2000 3668 2071">
    <p class='ocr_par' dir='ltr' id='par_1_108' title="bbox 2013 2000 3668 2071">
     <span class='ocr_line' id='line_1_111' title="bbox 2013 2000 3668 2071; baseline 0.008 -19"><span class='ocrx_word' id='word_1_753' title='bbox 2013 2001 2234 2071; x_wconf 90' lang='lat' dir='ltr'>quitur,</span> <span class='ocrx_word' id='word_1_754' title='bbox 2268 2000 2662 2057; x_wconf 88' lang='lat' dir='ltr'>dubitantiait</span> <span class='ocrx_word' id='word_1_755' title='bbox 2696 2017 2708 2055; x_wconf 89' lang='lat'><strong>:</strong></span> <span class='ocrx_word' id='word_1_756' title='bbox 2740 2001 2809 2056; x_wconf 89' lang='lat' dir='ltr'>Si</span> <span class='ocrx_word' id='word_1_757' title='bbox 2841 2003 3131 2056; x_wconf 73' lang='lat' dir='ltr'>terrestria</span> <span class='ocrx_word' id='word_1_758' title='bbox 3170 2003 3296 2058; x_wconf 71' lang='lat' dir='ltr'>dixi</span> <span class='ocrx_word' id='word_1_759' title='bbox 3317 2000 3461 2061; x_wconf 64' lang='lat' dir='ltr'>uobis</span> <span class='ocrx_word' id='word_1_760' title='bbox 3490 2016 3541 2063; x_wconf 89' lang='lat' dir='ltr'>et</span> <span class='ocrx_word' id='word_1_761' title='bbox 3563 2026 3668 2064; x_wconf 88' lang='lat' dir='ltr'>non</span> 
     </span>
    </p>
   </div>
   <div class='ocr_carea' id='block_1_109' title="bbox 2014 2071 2441 2126">
    <p class='ocr_par' dir='ltr' id='par_1_109' title="bbox 2014 2071 2441 2126">
     <span class='ocr_line' id='line_1_112' title="bbox 2014 2071 2441 2126; baseline 0 -1"><span class='ocrx_word' id='word_1_762' title='bbox 2014 2071 2239 2126; x_wconf 83' lang='lat' dir='ltr'>creditis</span> <span class='ocrx_word' id='word_1_763' title='bbox 2271 2072 2299 2125; x_wconf 69' lang='grc' dir='ltr'><strong>ι’</strong></span> <span class='ocrx_word' id='word_1_764' title='bbox 2331 2077 2441 2125; x_wconf 92' lang='lat' dir='ltr'>etc.</span> 
     </span>
    </p>
   </div>
   <div class='ocr_carea' id='block_1_110' title="bbox 2090 2142 3669 2210">
    <p class='ocr_par' dir='ltr' id='par_1_110' title="bbox 2090 2142 3669 2210">
     <span class='ocr_line' id='line_1_113' title="bbox 2090 2142 3669 2210; baseline 0.008 -15"><span class='ocrx_word' id='word_1_765' title='bbox 2090 2142 2260 2207; x_wconf 88' lang='lat' dir='ltr'>Quod</span> <span class='ocrx_word' id='word_1_766' title='bbox 2284 2142 2453 2209; x_wconf 84' lang='lat' dir='ltr'>dixit,</span> <span class='ocrx_word' id='word_1_767' title='bbox 2495 2143 2565 2197; x_wconf 87' lang='lat' dir='ltr'>Si</span> <span class='ocrx_word' id='word_1_768' title='bbox 2594 2144 2887 2198; x_wconf 78' lang='lat' dir='ltr'>terrestria</span> <span class='ocrx_word' id='word_1_769' title='bbox 2925 2144 3048 2198; x_wconf 69' lang='lat' dir='ltr'>dixi</span> <span class='ocrx_word' id='word_1_770' title='bbox 3077 2144 3239 2210; x_wconf 83' lang='lat' dir='ltr'>vobis,</span> <span class='ocrx_word' id='word_1_771' title='bbox 3274 2155 3326 2202; x_wconf 85' lang='lat' dir='ltr'>et</span> <span class='ocrx_word' id='word_1_772' title='bbox 3359 2165 3463 2203; x_wconf 89' lang='lat' dir='ltr'>non</span> <span class='ocrx_word' id='word_1_773' title='bbox 3488 2152 3669 2206; x_wconf 80' lang='lat' dir='ltr'>credi-</span> 
     </span>
    </p>
   </div>
   <div class='ocr_carea' id='block_1_111' title="bbox 2015 2213 3204 2285">
    <p class='ocr_par' dir='ltr' id='par_1_111' title="bbox 2015 2213 3204 2285">
     <span class='ocr_line' id='line_1_114' title="bbox 2015 2213 3204 2285; baseline 0.003 -18"><span class='ocrx_word' id='word_1_774' title='bbox 2015 2213 2105 2277; x_wconf 86' lang='lat' dir='ltr'>tis,</span> <span class='ocrx_word' id='word_1_775' title='bbox 2137 2228 2254 2285; x_wconf 85' lang='lat' dir='ltr'>non</span> <span class='ocrx_word' id='word_1_776' title='bbox 2288 2214 2537 2285; x_wconf 86' lang='lat' dir='ltr'>pertinet</span> <span class='ocrx_word' id='word_1_777' title='bbox 2564 2215 2642 2269; x_wconf 87' lang='lat' dir='ltr'>ad</span> <span class='ocrx_word' id='word_1_778' title='bbox 2668 2215 3057 2285; x_wconf 87' lang='lat' dir='ltr'>baptismum,</span> <span class='ocrx_word' id='word_1_779' title='bbox 3095 2222 3204 2271; x_wconf 91' lang='lat' dir='ltr'>etc.</span> 
     </span>
    </p>
   </div>
   <div class='ocr_carea' id='block_1_112' title="bbox 2064 2228 3670 2365">
    <p class='ocr_par' dir='ltr' id='par_1_112' title="bbox 2064 2228 3670 2365">
     <span class='ocr_line' id='line_1_115' title="bbox 2064 2228 3204 2337; baseline 0.004 -71"><span class='ocrx_word' id='word_1_780' title='bbox 2064 2230 2105 2277; x_wconf 88' lang='lat' dir='ltr'>s,</span> <span class='ocrx_word' id='word_1_781' title='bbox 2137 2228 2254 2267; x_wconf 92' lang='lat' dir='ltr'>non</span> <span class='ocrx_word' id='word_1_782' title='bbox 2282 2228 2534 2337; x_wconf 68' lang='lat' dir='ltr'>pertinet</span> <span class='ocrx_word' id='word_1_783' title='bbox 2564 2228 2642 2269; x_wconf 87' lang='lat' dir='ltr'>au</span> <span class='ocrx_word' id='word_1_784' title='bbox 2668 2228 3057 2285; x_wconf 83' lang='lat' dir='ltr'>baptismum,</span> <span class='ocrx_word' id='word_1_785' title='bbox 3095 2228 3204 2271; x_wconf 88' lang='lat' dir='ltr'>etc.</span> 
     </span>
     <span class='ocr_line' id='line_1_116' title="bbox 2064 2284 3670 2365; baseline 0.008 -28"><span class='ocrx_word' id='word_1_786' title='bbox 2064 2284 2225 2365; x_wconf 40' lang='lat' dir='ltr'>.XVII</span> <span class='ocrx_word' id='word_1_787' title='bbox 2259 2285 2275 2353; x_wconf 95' lang='lat'>(</span> <span class='ocrx_word' id='word_1_788' title='bbox 2308 2287 2358 2365; x_wconf 47' lang='lat'>_):</span> <span class='ocrx_word' id='word_1_789' title='bbox 2406 2316 2474 2365; x_wconf 41' lang='grc' dir='ltr'><strong>ἡ</strong></span> <span class='ocrx_word' id='word_1_790' title='bbox 2513 2284 2667 2365; x_wconf 81' lang='lat' dir='ltr'>Quid</span> <span class='ocrx_word' id='word_1_791' title='bbox 2715 2293 2805 2340; x_wconf 90' lang='lat' dir='ltr'>est</span> <span class='ocrx_word' id='word_1_792' title='bbox 2847 2288 3251 2365; x_wconf 86' lang='lat' dir='ltr'>ut_Salva_to_r_</span> <span class='ocrx_word' id='word_1_793' title='bbox 3276 2291 3509 2347; x_wconf 90' lang='lat' dir='ltr'>mulieri</span> <span class='ocrx_word' id='word_1_794' title='bbox 3548 2293 3670 2349; x_wconf 90' lang='lat' dir='ltr'>ale-</span> 
     </span>
    </p>
   </div>
   <div class='ocr_carea' id='block_1_113' title="bbox 2018 2356 3667 2424">
    <p class='ocr_par' dir='ltr' id='par_1_113' title="bbox 2018 2356 3667 2424">
     <span class='ocr_line' id='line_1_117' title="bbox 2018 2356 3667 2424; baseline 0.007 -14"><span class='ocrx_word' id='word_1_795' title='bbox 2018 2356 2268 2424; x_wconf 67' lang='lat' dir='ltr'>nigenaa,</span> <span class='ocrx_word' id='word_1_796' title='bbox 2304 2356 2358 2409; x_wconf 85' lang='lat' dir='ltr'>id</span> <span class='ocrx_word' id='word_1_797' title='bbox 2392 2362 2478 2410; x_wconf 90' lang='lat' dir='ltr'>est</span> <span class='ocrx_word' id='word_1_798' title='bbox 2518 2358 2895 2421; x_wconf 62' lang='lat' dir='ltr'>Chananeus,</span> <span class='ocrx_word' id='word_1_799' title='bbox 2928 2358 3079 2413; x_wconf 90' lang='lat' dir='ltr'>inter</span> <span class='ocrx_word' id='word_1_800' title='bbox 3128 2359 3295 2415; x_wconf 89' lang='lat' dir='ltr'>initia</span> <span class='ocrx_word' id='word_1_801' title='bbox 3330 2366 3667 2420; x_wconf 86' lang='lat' dir='ltr'>misericor-</span> 
     </span>
    </p>
   </div>
   <div class='ocr_carea' id='block_1_114' title="bbox 2017 2427 3670 2501">
    <p class='ocr_par' dir='ltr' id='par_1_114' title="bbox 2017 2427 3670 2501">
     <span class='ocr_line' id='line_1_118' title="bbox 2017 2427 3670 2501; baseline 0.007 -20"><span class='ocrx_word' id='word_1_802' title='bbox 2017 2427 2181 2482; x_wconf 91' lang='lat' dir='ltr'>diam</span> <span class='ocrx_word' id='word_1_803' title='bbox 2213 2428 2535 2501; x_wconf 82' lang='lat' dir='ltr'>denegaret</span> <span class='ocrx_word' id='word_1_804' title='bbox 2564 2428 2782 2497; x_wconf 79' lang='lat' dir='ltr'>(Matth.</span> <span class='ocrx_word' id='word_1_805' title='bbox 2814 2446 2915 2501; x_wconf 87' lang='lat' dir='ltr'>xv,</span> <span class='ocrx_word' id='word_1_806' title='bbox 2968 2431 3181 2501; x_wconf 76' lang='lat'>22-28),</span> <span class='ocrx_word' id='word_1_807' title='bbox 3238 2448 3375 2489; x_wconf 89' lang='lat' dir='ltr'>cum</span> <span class='ocrx_word' id='word_1_808' title='bbox 3430 2440 3485 2490; x_wconf 89' lang='lat' dir='ltr'>et</span> <span class='ocrx_word' id='word_1_809' title='bbox 3531 2438 3670 2493; x_wconf 90' lang='lat' dir='ltr'>Cen-</span> 
     </span>
    </p>
   </div>
   <div class='ocr_carea' id='block_1_115' title="bbox 2022 2498 3670 2574">
    <p class='ocr_par' dir='ltr' id='par_1_115' title="bbox 2022 2498 3670 2574">
     <span class='ocr_line' id='line_1_119' title="bbox 2022 2498 3670 2574; baseline 0.005 -21"><span class='ocrx_word' id='word_1_810' title='bbox 2022 2499 2235 2574; x_wconf 80' lang='lat' dir='ltr'>turioni</span> <span class='ocrx_word' id='word_1_811' title='bbox 2291 2498 2663 2574; x_wconf 62' lang='lat' dir='ltr'>alienigenis,</span> <span class='ocrx_word' id='word_1_812' title='bbox 2722 2499 3049 2574; x_wconf 26' lang='lat' dir='ltr'>etuleproso</span> <span class='ocrx_word' id='word_1_813' title='bbox 3102 2498 3283 2573; x_wconf 82' lang='lat' dir='ltr'>quem</span> <span class='ocrx_word' id='word_1_814' title='bbox 3328 2507 3451 2574; x_wconf 88' lang='lat' dir='ltr'>ipse</span> <span class='ocrx_word' id='word_1_815' title='bbox 3501 2508 3670 2563; x_wconf 91' lang='lat' dir='ltr'>Jesus</span> 
     </span>
    </p>
   </div>
   <div class='ocr_carea' id='block_1_116' title="bbox 2020 2570 3670 2643">
    <p class='ocr_par' dir='ltr' id='par_1_116' title="bbox 2020 2570 3670 2643">
     <span class='ocr_line' id='line_1_120' title="bbox 2020 2570 3670 2643; baseline 0.006 -19"><span class='ocrx_word' id='word_1_816' title='bbox 2020 2570 2601 2643; x_wconf 85' lang='lat' dir='ltr'>alienigenamdixit,</span> <span class='ocrx_word' id='word_1_817' title='bbox 2628 2571 2985 2627; x_wconf 89' lang='lat' dir='ltr'>beneﬁcium</span> <span class='ocrx_word' id='word_1_818' title='bbox 3022 2570 3434 2643; x_wconf 62' lang='lat' dir='ltr'>impertienda</span> <span class='ocrx_word' id='word_1_819' title='bbox 3468 2578 3670 2634; x_wconf 88' lang='lat' dir='ltr'>salutis</span> 
     </span>
    </p>
   </div>
   <div class='ocr_carea' id='block_1_117' title="bbox 2019 2642 3494 2717">
    <p class='ocr_par' dir='ltr' id='par_1_117' title="bbox 2019 2642 3494 2717">
     <span class='ocr_line' id='line_1_121' title="bbox 2019 2642 3494 2717; baseline 0.005 -22"><span class='ocrx_word' id='word_1_820' title='bbox 2019 2642 2472 2717; x_wconf 77' lang='lat' dir='ltr'>nonnegaverit</span> <span class='ocrx_word' id='word_1_821' title='bbox 2501 2642 2790 2717; x_wconf 82' lang='lat' dir='ltr'>(Luc._vn,</span> <span class='ocrx_word' id='word_1_822' title='bbox 2823 2646 2966 2717; x_wconf 75' lang='lat' dir='ltr'>2-H),</span> <span class='ocrx_word' id='word_1_823' title='bbox 3000 2651 3050 2717; x_wconf 79' lang='lat' dir='ltr'>et</span> <span class='ocrx_word' id='word_1_824' title='bbox 3078 2642 3211 2709; x_wconf 82' lang='lat' dir='ltr'>xvii,</span> <span class='ocrx_word' id='word_1_825' title='bbox 3248 2650 3438 2717; x_wconf 71' lang='lat'>12-19)</span> <span class='ocrx_word' id='word_1_826' title='bbox 3466 2647 3494 2702; x_wconf 79' lang='lat'>?</span> 
     </span>
    </p>
   </div>
   <div class='ocr_carea' id='block_1_118' title="bbox 2097 2712 3667 2797">
    <p class='ocr_par' dir='ltr' id='par_1_118' title="bbox 2097 2712 3667 2797">
     <span class='ocr_line' id='line_1_122' title="bbox 2097 2712 3667 2797; baseline 0.006 -32"><span class='ocrx_word' id='word_1_827' title='bbox 2097 2714 2352 2797; x_wconf 75' lang='lat' dir='ltr'>Dignum</span> <span class='ocrx_word' id='word_1_828' title='bbox 2379 2712 2601 2793; x_wconf 77' lang='lat' dir='ltr'>factum</span> <span class='ocrx_word' id='word_1_829' title='bbox 2653 2713 2969 2797; x_wconf 76' lang='lat' dir='ltr'>Salvatoris</span> <span class='ocrx_word' id='word_1_830' title='bbox 2996 2714 3130 2797; x_wconf 82' lang='lat' dir='ltr'>ipsa</span> <span class='ocrx_word' id='word_1_831' title='bbox 3157 2732 3339 2773; x_wconf 88' lang='lat' dir='ltr'>causa</span> <span class='ocrx_word' id='word_1_832' title='bbox 3369 2712 3667 2797; x_wconf 77' lang='lat' dir='ltr'>designat.</span> 
     </span>
    </p>
   </div>
   <div class='ocr_carea' id='block_1_119' title="bbox 2019 2782 3671 2857">
    <p class='ocr_par' dir='ltr' id='par_1_119' title="bbox 2019 2782 3671 2857">
     <span class='ocr_line' id='line_1_123' title="bbox 2019 2782 3671 2857; baseline 0.007 -20"><span class='ocrx_word' id='word_1_833' title='bbox 2019 2782 2365 2838; x_wconf 85' lang='lat' dir='ltr'>Absurdum</span> <span class='ocrx_word' id='word_1_834' title='bbox 2391 2783 2549 2857; x_wconf 76' lang='lat' dir='ltr'>enim</span> <span class='ocrx_word' id='word_1_835' title='bbox 2580 2790 2724 2844; x_wconf 91' lang='lat' dir='ltr'>erat,</span> <span class='ocrx_word' id='word_1_836' title='bbox 2758 2790 2812 2839; x_wconf 94' lang='lat' dir='ltr'>et</span> <span class='ocrx_word' id='word_1_837' title='bbox 2840 2786 2916 2857; x_wconf 90' lang='lat' dir='ltr'>ad</span> <span class='ocrx_word' id='word_1_838' title='bbox 2956 2782 3237 2856; x_wconf 70' lang='lat' dir='ltr'>iniuriam</span> <span class='ocrx_word' id='word_1_839' title='bbox 3260 2782 3671 2857; x_wconf 68' lang='lat' dir='ltr'>promissionis</span> 
     </span>
    </p>
   </div>
   <div class='ocr_carea' id='block_1_120' title="bbox 2021 2854 3668 2929">
    <p class='ocr_par' dir='ltr' id='par_1_120' title="bbox 2021 2854 3668 2929">
     <span class='ocr_line' id='line_1_124' title="bbox 2021 2854 3668 2929; baseline 0.007 -21"><span class='ocrx_word' id='word_1_840' title='bbox 2021 2857 2255 2909; x_wconf 86' lang='lat' dir='ltr'>Patrum</span> <span class='ocrx_word' id='word_1_841' title='bbox 2282 2854 2651 2929; x_wconf 86' lang='lat' dir='ltr'>proﬁciebat,</span> <span class='ocrx_word' id='word_1_842' title='bbox 2668 2857 2713 2909; x_wconf 90' lang='lat' dir='ltr'>si</span> <span class='ocrx_word' id='word_1_843' title='bbox 2746 2856 2957 2929; x_wconf 84' lang='lat' dir='ltr'>mulier</span> <span class='ocrx_word' id='word_1_844' title='bbox 2969 2854 3102 2929; x_wconf 57' lang='lat' dir='ltr'>quae</span> <span class='ocrx_word' id='word_1_845' title='bbox 3123 2854 3466 2917; x_wconf 73' lang='lat' dir='ltr'>Judaeorum</span> <span class='ocrx_word' id='word_1_846' title='bbox 3484 2866 3668 2918; x_wconf 91' lang='lat' dir='ltr'>Deum</span> 
     </span>
    </p>
   </div>
   <div class='ocr_carea' id='block_1_121' title="bbox 2019 2926 3675 3003">
    <p class='ocr_par' dir='ltr' id='par_1_121' title="bbox 2019 2926 3675 3003">
     <span class='ocr_line' id='line_1_125' title="bbox 2019 2926 3675 3003; baseline 0.007 -24"><span class='ocrx_word' id='word_1_847' title='bbox 2019 2940 2140 2980; x_wconf 93' lang='lat' dir='ltr'>non</span> <span class='ocrx_word' id='word_1_848' title='bbox 2160 2926 2435 3003; x_wconf 83' lang='lat' dir='ltr'>confessa</span> <span class='ocrx_word' id='word_1_849' title='bbox 2461 2926 2674 3003; x_wconf 74' lang='lat' dir='ltr'>fuerat,</span> <span class='ocrx_word' id='word_1_850' title='bbox 2700 2926 3009 3003; x_wconf 59' lang='lat' dir='ltr'>acciperet</span> <span class='ocrx_word' id='word_1_851' title='bbox 3025 2930 3385 3003; x_wconf 84' lang='lat' dir='ltr'>beneﬁcium</span> <span class='ocrx_word' id='word_1_852' title='bbox 3416 2935 3675 3003; x_wconf 89' lang='lat' dir='ltr'>promis-</span> 
     </span>
    </p>
   </div>
   <div class='ocr_carea' id='block_1_122' title="bbox 2022 2996 3671 3064">
    <p class='ocr_par' dir='ltr' id='par_1_122' title="bbox 2022 2996 3671 3064">
     <span class='ocr_line' id='line_1_126' title="bbox 2022 2996 3671 3064; baseline 0.007 -15"><span class='ocrx_word' id='word_1_853' title='bbox 2022 3013 2156 3050; x_wconf 87' lang='lat' dir='ltr'>sum</span> <span class='ocrx_word' id='word_1_854' title='bbox 2190 2997 2349 3064; x_wconf 90' lang='lat' dir='ltr'>genti</span> <span class='ocrx_word' id='word_1_855' title='bbox 2376 2996 2679 3053; x_wconf 90' lang='lat' dir='ltr'>conﬁtenti</span> <span class='ocrx_word' id='word_1_856' title='bbox 2710 2996 2918 3053; x_wconf 79' lang='lat' dir='ltr'>Deum.</span> <span class='ocrx_word' id='word_1_857' title='bbox 2960 2999 3112 3055; x_wconf 89' lang='lat' dir='ltr'>Inter</span> <span class='ocrx_word' id='word_1_858' title='bbox 3138 3000 3373 3059; x_wconf 89' lang='lat' dir='ltr'>initium</span> <span class='ocrx_word' id='word_1_859' title='bbox 3407 2996 3541 3060; x_wconf 78' lang='lat' dir='ltr'>ideo</span> <span class='ocrx_word' id='word_1_860' title='bbox 3564 3021 3671 3060; x_wconf 93' lang='lat' dir='ltr'>ne-</span> 
     </span>
    </p>
   </div>
   <div class='ocr_carea' id='block_1_123' title="bbox 2021 3067 3672 3136">
    <p class='ocr_par' dir='ltr' id='par_1_123' title="bbox 2021 3067 3672 3136">
     <span class='ocr_line' id='line_1_127' title="bbox 2021 3067 3672 3136; baseline 0.007 -14"><span class='ocrx_word' id='word_1_861' title='bbox 2021 3072 2228 3136; x_wconf 88' lang='lat' dir='ltr'>gatum</span> <span class='ocrx_word' id='word_1_862' title='bbox 2258 3074 2342 3122; x_wconf 91' lang='lat' dir='ltr'>est</span> <span class='ocrx_word' id='word_1_863' title='bbox 2366 3067 2464 3121; x_wconf 92' lang='lat' dir='ltr'>illi.</span> <span class='ocrx_word' id='word_1_864' title='bbox 2496 3071 2567 3122; x_wconf 83' lang='lat' dir='ltr'>At</span> <span class='ocrx_word' id='word_1_865' title='bbox 2592 3069 2691 3124; x_wconf 90' lang='lat' dir='ltr'>ubi</span> <span class='ocrx_word' id='word_1_866' title='bbox 2719 3076 2919 3125; x_wconf 89' lang='lat' dir='ltr'>autem</span> <span class='ocrx_word' id='word_1_867' title='bbox 2950 3072 3180 3127; x_wconf 90' lang='lat' dir='ltr'>cervice</span> <span class='ocrx_word' id='word_1_868' title='bbox 3210 3072 3366 3131; x_wconf 86' lang='lat' dir='ltr'>ﬂexa</span> <span class='ocrx_word' id='word_1_869' title='bbox 3409 3076 3672 3133; x_wconf 84' lang='lat' dir='ltr'>Salvato-</span> 
     </span>
    </p>
   </div>
   <div class='ocr_carea' id='block_1_124' title="bbox 2019 3138 3674 3209">
    <p class='ocr_par' dir='ltr' id='par_1_124' title="bbox 2019 3138 3674 3209">
     <span class='ocr_line' id='line_1_128' title="bbox 2019 3138 3674 3209; baseline 0.007 -16"><span class='ocrx_word' id='word_1_870' title='bbox 2019 3139 2099 3193; x_wconf 91' lang='lat' dir='ltr'>ris</span> <span class='ocrx_word' id='word_1_871' title='bbox 2130 3138 2324 3193; x_wconf 89' lang='lat' dir='ltr'>verbis</span> <span class='ocrx_word' id='word_1_872' title='bbox 2359 3138 2540 3193; x_wconf 88' lang='lat' dir='ltr'>ﬁdem</span> <span class='ocrx_word' id='word_1_873' title='bbox 2572 3155 2690 3194; x_wconf 92' lang='lat' dir='ltr'>non</span> <span class='ocrx_word' id='word_1_874' title='bbox 2720 3141 2980 3209; x_wconf 89' lang='lat' dir='ltr'>negavit,</span> <span class='ocrx_word' id='word_1_875' title='bbox 3011 3142 3115 3197; x_wconf 88' lang='lat' dir='ltr'>sed</span> <span class='ocrx_word' id='word_1_876' title='bbox 3146 3144 3422 3202; x_wconf 89' lang='lat' dir='ltr'>confessa</span> <span class='ocrx_word' id='word_1_877' title='bbox 3459 3153 3547 3204; x_wconf 88' lang='lat' dir='ltr'>est</span> <span class='ocrx_word' id='word_1_878' title='bbox 3577 3150 3674 3204; x_wconf 86' lang='lat' dir='ltr'>Ju-</span> 
     </span>
    </p>
   </div>
   <div class='ocr_carea' id='block_1_125' title="bbox 2020 3209 3673 3275">
    <p class='ocr_par' dir='ltr' id='par_1_125' title="bbox 2020 3209 3673 3275">
     <span class='ocr_line' id='line_1_129' title="bbox 2020 3209 3673 3275; baseline 0.006 -10"><span class='ocrx_word' id='word_1_879' title='bbox 2020 3209 2179 3265; x_wconf 68' lang='lat' dir='ltr'>daeos</span> <span class='ocrx_word' id='word_1_880' title='bbox 2207 3209 2513 3265; x_wconf 85' lang='lat' dir='ltr'>credentes</span> <span class='ocrx_word' id='word_1_881' title='bbox 2544 3225 2675 3265; x_wconf 89' lang='lat' dir='ltr'>esse</span> <span class='ocrx_word' id='word_1_882' title='bbox 2706 3210 2880 3275; x_wconf 89' lang='lat' dir='ltr'>ﬁlios,</span> <span class='ocrx_word' id='word_1_883' title='bbox 2908 3211 3122 3267; x_wconf 89' lang='lat' dir='ltr'>Gentes</span> <span class='ocrx_word' id='word_1_884' title='bbox 3142 3221 3342 3272; x_wconf 87' lang='lat' dir='ltr'>autem</span> <span class='ocrx_word' id='word_1_885' title='bbox 3369 3234 3548 3275; x_wconf 91' lang='lat' dir='ltr'>canes</span> <span class='ocrx_word' id='word_1_886' title='bbox 3580 3220 3673 3275; x_wconf 87' lang='lat' dir='ltr'>vel</span> 
     </span>
    </p>
   </div>
   <div class='ocr_carea' id='block_1_126' title="bbox 2020 3280 3674 3359">
    <p class='ocr_par' dir='ltr' id='par_1_126' title="bbox 2020 3280 3674 3359">
     <span class='ocr_line' id='line_1_130' title="bbox 2020 3280 3674 3359; baseline 0.005 -23"><span class='ocrx_word' id='word_1_887' title='bbox 2020 3296 2247 3359; x_wconf 76' lang='lat' dir='ltr'>servos,</span> <span class='ocrx_word' id='word_1_888' title='bbox 2263 3280 2551 3359; x_wconf 78' lang='lat' dir='ltr'>perquod</span> <span class='ocrx_word' id='word_1_889' title='bbox 2561 3281 2581 3351; x_wconf 92' lang='lat' dir='ltr'>j</span> <span class='ocrx_word' id='word_1_890' title='bbox 2594 3284 2759 3359; x_wconf 88' lang='lat' dir='ltr'>unxit</span> <span class='ocrx_word' id='word_1_891' title='bbox 2771 3298 2833 3359; x_wconf 77' lang='lat' dir='ltr'>se</span> <span class='ocrx_word' id='word_1_892' title='bbox 2846 3282 2983 3359; x_wconf 84' lang='lat' dir='ltr'>ﬁdei</span> <span class='ocrx_word' id='word_1_893' title='bbox 2998 3283 3315 3341; x_wconf 72' lang='lat' dir='ltr'>dominicae</span> <span class='ocrx_word' id='word_1_894' title='bbox 3329 3290 3506 3359; x_wconf 91' lang='lat' dir='ltr'>;quia</span> <span class='ocrx_word' id='word_1_895' title='bbox 3520 3291 3674 3346; x_wconf 88' lang='lat' dir='ltr'>servi</span> 
     </span>
    </p>
   </div>
   <div class='ocr_carea' id='block_1_127' title="bbox 2020 3352 3670 3417">
    <p class='ocr_par' dir='ltr' id='par_1_127' title="bbox 2020 3352 3670 3417">
     <span class='ocr_line' id='line_1_131' title="bbox 2020 3352 3670 3417; baseline 0.005 -9"><span class='ocrx_word' id='word_1_896' title='bbox 2020 3352 2340 3408; x_wconf 91' lang='lat' dir='ltr'>dominum</span> <span class='ocrx_word' id='word_1_897' title='bbox 2369 3352 2729 3417; x_wconf 89' lang='lat' dir='ltr'>indicant,et</span> <span class='ocrx_word' id='word_1_898' title='bbox 2749 3353 3032 3409; x_wconf 93' lang='lat' dir='ltr'>dominus</span> <span class='ocrx_word' id='word_1_899' title='bbox 3046 3370 3164 3410; x_wconf 91' lang='lat' dir='ltr'>non</span> <span class='ocrx_word' id='word_1_900' title='bbox 3190 3362 3277 3411; x_wconf 91' lang='lat' dir='ltr'>est</span> <span class='ocrx_word' id='word_1_901' title='bbox 3309 3352 3439 3413; x_wconf 77' lang='lat' dir='ltr'>sine</span> <span class='ocrx_word' id='word_1_902' title='bbox 3453 3362 3670 3416; x_wconf 90' lang='lat' dir='ltr'>servis:</span> 
     </span>
    </p>
   </div>
   <div class='ocr_carea' id='block_1_128' title="bbox 2025 3422 3675 3495">
    <p class='ocr_par' dir='ltr' id='par_1_128' title="bbox 2025 3422 3675 3495">
     <span class='ocr_line' id='line_1_132' title="bbox 2025 3422 3675 3495; baseline 0.005 -16"><span class='ocrx_word' id='word_1_903' title='bbox 2025 3423 2221 3479; x_wconf 88' lang='lat' dir='ltr'>unitas</span> <span class='ocrx_word' id='word_1_904' title='bbox 2271 3422 2427 3479; x_wconf 89' lang='lat' dir='ltr'>facta</span> <span class='ocrx_word' id='word_1_905' title='bbox 2456 3428 2545 3479; x_wconf 92' lang='lat' dir='ltr'>est</span> <span class='ocrx_word' id='word_1_906' title='bbox 2588 3423 2838 3494; x_wconf 87' lang='lat' dir='ltr'>subjecti</span> <span class='ocrx_word' id='word_1_907' title='bbox 2869 3429 2927 3480; x_wconf 86' lang='lat' dir='ltr'>et</span> <span class='ocrx_word' id='word_1_908' title='bbox 2979 3425 3366 3495; x_wconf 89' lang='lat' dir='ltr'>subjicientis.</span> <span class='ocrx_word' id='word_1_909' title='bbox 3402 3430 3546 3486; x_wconf 84' lang='lat' dir='ltr'>Hinc</span> <span class='ocrx_word' id='word_1_910' title='bbox 3585 3438 3675 3488; x_wconf 89' lang='lat' dir='ltr'>est</span> 
     </span>
    </p>
   </div>
   <div class='ocr_carea' id='block_1_129' title="bbox 2022 3496 3669 3567">
    <p class='ocr_par' dir='ltr' id='par_1_129' title="bbox 2022 3496 3669 3567">
     <span class='ocr_line' id='line_1_133' title="bbox 2022 3496 3669 3567; baseline 0.005 -18"><span class='ocrx_word' id='word_1_911' title='bbox 2022 3496 2179 3550; x_wconf 88' lang='lat' dir='ltr'>unde</span> <span class='ocrx_word' id='word_1_912' title='bbox 2210 3496 2425 3567; x_wconf 79' lang='lat' dir='ltr'>meruit</span> <span class='ocrx_word' id='word_1_913' title='bbox 2466 3498 2754 3567; x_wconf 89' lang='lat' dir='ltr'>consequi</span> <span class='ocrx_word' id='word_1_914' title='bbox 2787 3496 2953 3567; x_wconf 90' lang='lat' dir='ltr'>quod</span> <span class='ocrx_word' id='word_1_915' title='bbox 2985 3506 3224 3567; x_wconf 82' lang='lat' dir='ltr'>precata</span> <span class='ocrx_word' id='word_1_916' title='bbox 3252 3506 3360 3557; x_wconf 89' lang='lat' dir='ltr'>est.</span> <span class='ocrx_word' id='word_1_917' title='bbox 3390 3501 3669 3559; x_wconf 92' lang='lat' dir='ltr'>Centurio</span> 
     </span>
    </p>
   </div>
   <div class='ocr_carea' id='block_1_130' title="bbox 2020 3565 3676 3630">
    <p class='ocr_par' dir='ltr' id='par_1_130' title="bbox 2020 3565 3676 3630">
     <span class='ocr_line' id='line_1_134' title="bbox 2020 3565 3676 3630; baseline 0.005 -8"><span class='ocrx_word' id='word_1_918' title='bbox 2020 3573 2221 3623; x_wconf 91' lang='lat' dir='ltr'>autem</span> <span class='ocrx_word' id='word_1_919' title='bbox 2252 3565 2357 3630; x_wconf 89' lang='lat' dir='ltr'>qui</span> <span class='ocrx_word' id='word_1_920' title='bbox 2387 3565 2742 3623; x_wconf 83' lang='lat' dir='ltr'>beneﬁcium</span> <span class='ocrx_word' id='word_1_921' title='bbox 2766 3565 3126 3624; x_wconf 51' lang='lat' dir='ltr'>a&#39;SaIvatore</span> <span class='ocrx_word' id='word_1_922' title='bbox 3153 3572 3676 3630; x_wconf 84' lang='lat' dir='ltr'>incunctanterac-</span> 
     </span>
    </p>
   </div>
   <div class='ocr_carea' id='block_1_131' title="bbox 2020 3582 3676 3714">
    <p class='ocr_par' dir='ltr' id='par_1_131' title="bbox 2020 3582 3676 3714">
     <span class='ocr_line' id='line_1_135' title="bbox 2020 3582 3676 3692; baseline 0.005 -70"><span class='ocrx_word' id='word_1_923' title='bbox 2020 3582 2221 3623; x_wconf 89' lang='lat' dir='ltr'>autem</span> <span class='ocrx_word' id='word_1_924' title='bbox 2252 3582 2357 3692; x_wconf 76' lang='lat' dir='ltr'>qui</span> <span class='ocrx_word' id='word_1_925' title='bbox 2387 3582 2742 3623; x_wconf 87' lang='lat' dir='ltr'>nenencium</span> <span class='ocrx_word' id='word_1_926' title='bbox 2766 3584 2801 3622; x_wconf 92' lang='lat' dir='ltr'>a</span> <span class='ocrx_word' id='word_1_927' title='bbox 2825 3582 3126 3624; x_wconf 63' lang='lat' dir='ltr'>salvatore</span> <span class='ocrx_word' id='word_1_928' title='bbox 3153 3582 3676 3630; x_wconf 82' lang='lat' dir='ltr'>incunctanterac-</span> 
     </span>
     <span class='ocr_line' id='line_1_136' title="bbox 2020 3638 3676 3714; baseline 0.003 -20"><span class='ocrx_word' id='word_1_929' title='bbox 2020 3639 2195 3714; x_wconf 83' lang='lat' dir='ltr'>cepit,</span> <span class='ocrx_word' id='word_1_930' title='bbox 2227 3653 2262 3693; x_wconf 95' lang='lat' dir='ltr'>o</span> <span class='ocrx_word' id='word_1_931' title='bbox 2291 3639 2370 3714; x_wconf 84' lang='lat' dir='ltr'>im</span> <span class='ocrx_word' id='word_1_932' title='bbox 2402 3654 2462 3714; x_wconf 78' lang='lat' dir='ltr'>se</span> <span class='ocrx_word' id='word_1_933' title='bbox 2495 3638 2593 3693; x_wconf 88' lang='lat' dir='ltr'>Dei</span> <span class='ocrx_word' id='word_1_934' title='bbox 2634 3640 2812 3714; x_wconf 85' lang='lat' dir='ltr'>rebus</span> <span class='ocrx_word' id='word_1_935' title='bbox 2839 3639 3143 3714; x_wconf 84' lang='lat' dir='ltr'>infecerat.</span> <span class='ocrx_word' id='word_1_936' title='bbox 3176 3641 3443 3714; x_wconf 82' lang='lat' dir='ltr'>Denique</span> <span class='ocrx_word' id='word_1_937' title='bbox 3465 3645 3676 3701; x_wconf 89' lang='lat' dir='ltr'>dicunt</span> 
     </span>
    </p>
   </div>
   <div class='ocr_carea' id='block_1_132' title="bbox 2020 3710 3671 3785">
    <p class='ocr_par' dir='ltr' id='par_1_132' title="bbox 2020 3710 3671 3785">
     <span class='ocr_line' id='line_1_137' title="bbox 2020 3710 3671 3785; baseline 0.005 -22"><span class='ocrx_word' id='word_1_938' title='bbox 2020 3710 2661 3785; x_wconf 71' lang='lat' dir='ltr'>majores_J_udaa_orum</span> <span class='ocrx_word' id='word_1_939' title='bbox 2708 3711 2795 3785; x_wconf 80' lang='lat' dir='ltr'>ad</span> <span class='ocrx_word' id='word_1_940' title='bbox 2855 3713 3211 3766; x_wconf 90' lang='lat' dir='ltr'>Dominum:</span> <span class='ocrx_word' id='word_1_941' title='bbox 3261 3710 3467 3785; x_wconf 57' lang='lat' dir='ltr'>Dignus</span> <span class='ocrx_word' id='word_1_942' title='bbox 3498 3724 3571 3771; x_wconf 86' lang='lat' dir='ltr'>est</span> <span class='ocrx_word' id='word_1_943' title='bbox 3611 3724 3671 3772; x_wconf 84' lang='lat' dir='ltr'>ut</span> 
     </span>
    </p>
   </div>
   <div class='ocr_carea' id='block_1_133' title="bbox 2014 3779 3676 3859">
    <p class='ocr_par' dir='ltr' id='par_1_133' title="bbox 2014 3779 3676 3859">
     <span class='ocr_line' id='line_1_138' title="bbox 2014 3779 3676 3859; baseline 0.005 -25"><span class='ocrx_word' id='word_1_944' title='bbox 2014 3780 2357 3859; x_wconf 59' lang='lat' dir='ltr'>praestesilti</span> <span class='ocrx_word' id='word_1_945' title='bbox 2384 3779 2766 3859; x_wconf 77' lang='lat' dir='ltr'>,°_dilig_ite_nim</span> <span class='ocrx_word' id='word_1_946' title='bbox 2797 3789 3001 3851; x_wconf 82' lang='lat' dir='ltr'>gentem</span> <span class='ocrx_word' id='word_1_947' title='bbox 3022 3779 3676 3859; x_wconf 56' lang='lat' dir='ltr'>nostram,et&#39;synagogam</span> 
     </span>
    </p>
   </div>
   <div class='ocr_carea' id='block_1_134' title="bbox 2017 3851 3677 3926">
    <p class='ocr_par' dir='ltr' id='par_1_134' title="bbox 2017 3851 3677 3926">
     <span class='ocr_line' id='line_1_139' title="bbox 2017 3851 3677 3926; baseline 0.006 -21"><span class='ocrx_word' id='word_1_948' title='bbox 2017 3852 2129 3922; x_wconf 85' lang='lat' dir='ltr'>ipse</span> <span class='ocrx_word' id='word_1_949' title='bbox 2141 3851 2438 3926; x_wconf 68' lang='lat' dir='ltr'>aediﬁcavit</span> <span class='ocrx_word' id='word_1_950' title='bbox 2452 3852 2618 3906; x_wconf 81' lang='lat' dir='ltr'>nobis.</span> <span class='ocrx_word' id='word_1_951' title='bbox 2640 3852 2977 3926; x_wconf 82' lang='lat' dir='ltr'>Leprosum</span> <span class='ocrx_word' id='word_1_952' title='bbox 2992 3870 3132 3909; x_wconf 89' lang='lat' dir='ltr'>vero</span> <span class='ocrx_word' id='word_1_953' title='bbox 3163 3851 3677 3926; x_wconf 53' lang='lat' dir='ltr'>alienigena&#39;ni&#39;di-</span> 
     </span>
    </p>
   </div>
   <div class='ocr_carea' id='block_1_135' title="bbox 2019 3924 3676 3988">
    <p class='ocr_par' dir='ltr' id='par_1_135' title="bbox 2019 3924 3676 3988">
     <span class='ocr_line' id='line_1_140' title="bbox 2019 3924 3676 3988; baseline 0.006 -10"><span class='ocrx_word' id='word_1_954' title='bbox 2019 3927 2103 3978; x_wconf 85' lang='lat' dir='ltr'>xit</span> <span class='ocrx_word' id='word_1_955' title='bbox 2135 3924 2445 3987; x_wconf 89' lang='lat' dir='ltr'>Dominus,</span> <span class='ocrx_word' id='word_1_956' title='bbox 2476 3939 2594 3978; x_wconf 93' lang='lat' dir='ltr'>non</span> <span class='ocrx_word' id='word_1_957' title='bbox 2630 3924 2764 3987; x_wconf 87' lang='lat' dir='ltr'>ﬁde,</span> <span class='ocrx_word' id='word_1_958' title='bbox 2801 3925 2904 3979; x_wconf 90' lang='lat' dir='ltr'>sed</span> <span class='ocrx_word' id='word_1_959' title='bbox 2924 3926 3183 3981; x_wconf 85' lang='lat' dir='ltr'>natione.</span> <span class='ocrx_word' id='word_1_960' title='bbox 3222 3924 3540 3985; x_wconf 39' lang='lat' dir='ltr'>Erat—enim</span> <span class='ocrx_word' id='word_1_961' title='bbox 3575 3933 3676 3988; x_wconf 89' lang='lat' dir='ltr'>Sa-</span> 
     </span>
    </p>
   </div>
   <div class='ocr_carea' id='block_1_136' title="bbox 2021 3994 3674 4073">
    <p class='ocr_par' dir='ltr' id='par_1_136' title="bbox 2021 3994 3674 4073">
     <span class='ocr_line' id='line_1_141' title="bbox 2021 3994 3674 4073; baseline 0.005 -24"><span class='ocrx_word' id='word_1_962' title='bbox 2021 3994 2374 4073; x_wconf 73' lang='lat' dir='ltr'>maritanus,</span> <span class='ocrx_word' id='word_1_963' title='bbox 2392 4010 2543 4073; x_wconf 92' lang='lat' dir='ltr'>quos</span> <span class='ocrx_word' id='word_1_964' title='bbox 2560 4001 2887 4073; x_wconf 87' lang='lat' dir='ltr'>constat_ex</span> <span class='ocrx_word' id='word_1_965' title='bbox 2915 3998 3141 4073; x_wconf 76' lang='lat' dir='ltr'>origine</span> <span class='ocrx_word' id='word_1_966' title='bbox 3164 4014 3300 4073; x_wconf 82' lang='lat' dir='ltr'>esse</span> <span class='ocrx_word' id='word_1_967' title='bbox 3329 4002 3674 4073; x_wconf 86' lang='lat' dir='ltr'>Babylonio-</span> 
     </span>
    </p>
   </div>
   <div class='ocr_carea' id='block_1_137' title="bbox 2019 4065 3670 4130">
    <p class='ocr_par' dir='ltr' id='par_1_137' title="bbox 2019 4065 3670 4130">
     <span class='ocr_line' id='line_1_142' title="bbox 2019 4065 3670 4130; baseline 0.006 -10"><span class='ocrx_word' id='word_1_968' title='bbox 2019 4081 2174 4122; x_wconf 90' lang='lat' dir='ltr'>rum.</span> <span class='ocrx_word' id='word_1_969' title='bbox 2196 4065 2260 4119; x_wconf 89' lang='lat' dir='ltr'>Et</span> <span class='ocrx_word' id='word_1_970' title='bbox 2290 4066 2385 4120; x_wconf 92' lang='lat' dir='ltr'>hic</span> <span class='ocrx_word' id='word_1_971' title='bbox 2408 4072 2606 4120; x_wconf 90' lang='lat' dir='ltr'>tamen</span> <span class='ocrx_word' id='word_1_972' title='bbox 2638 4082 2755 4121; x_wconf 91' lang='lat' dir='ltr'>non</span> <span class='ocrx_word' id='word_1_973' title='bbox 2775 4066 2899 4122; x_wconf 90' lang='lat' dir='ltr'>sine</span> <span class='ocrx_word' id='word_1_974' title='bbox 2920 4065 3293 4125; x_wconf 85' lang='lat' dir='ltr'>confessione</span> <span class='ocrx_word' id='word_1_975' title='bbox 3313 4065 3670 4130; x_wconf 73' lang='lat' dir='ltr'>consecutus</span> 
     </span>
    </p>
   </div>
   <div class='ocr_carea' id='block_1_138' title="bbox 2018 4137 3675 4212">
    <p class='ocr_par' dir='ltr' id='par_1_138' title="bbox 2018 4137 3675 4212">
     <span class='ocr_line' id='line_1_143' title="bbox 2018 4137 3675 4212; baseline 0.005 -20"><span class='ocrx_word' id='word_1_976' title='bbox 2018 4144 2107 4212; x_wconf 86' lang='lat' dir='ltr'>est</span> <span class='ocrx_word' id='word_1_977' title='bbox 2133 4137 2492 4212; x_wconf 73' lang='lat' dir='ltr'>beneﬁcium</span> <span class='ocrx_word' id='word_1_978' title='bbox 2528 4152 2540 4191; x_wconf 91' lang='lat'><strong>:</strong></span> <span class='ocrx_word' id='word_1_979' title='bbox 2574 4138 2716 4212; x_wconf 85' lang='lat' dir='ltr'>quia</span> <span class='ocrx_word' id='word_1_980' title='bbox 2742 4138 2967 4212; x_wconf 83' lang='lat' dir='ltr'>dictum</span> <span class='ocrx_word' id='word_1_981' title='bbox 2999 4146 3124 4196; x_wconf 91' lang='lat' dir='ltr'>erat</span> <span class='ocrx_word' id='word_1_982' title='bbox 3152 4140 3466 4212; x_wconf 89' lang='lat' dir='ltr'>discipulis</span> <span class='ocrx_word' id='word_1_983' title='bbox 3498 4161 3534 4200; x_wconf 90' lang='lat' dir='ltr'>a</span> <span class='ocrx_word' id='word_1_984' title='bbox 3562 4148 3675 4201; x_wconf 92' lang='lat' dir='ltr'>Do-</span> 
     </span>
    </p>
   </div>
   <div class='ocr_carea' id='block_1_139' title="bbox 2021 4208 3677 4279">
    <p class='ocr_par' dir='ltr' id='par_1_139' title="bbox 2021 4208 3677 4279">
     <span class='ocr_line' id='line_1_144' title="bbox 2021 4208 3677 4279; baseline 0.005 -17"><span class='ocrx_word' id='word_1_985' title='bbox 2021 4208 2185 4263; x_wconf 90' lang='lat' dir='ltr'>mino</span> <span class='ocrx_word' id='word_1_986' title='bbox 2214 4227 2226 4266; x_wconf 85' lang='lat'>:</span> <span class='ocrx_word' id='word_1_987' title='bbox 2261 4208 2325 4262; x_wconf 82' lang='lat' dir='ltr'>In</span> <span class='ocrx_word' id='word_1_988' title='bbox 2356 4209 2498 4263; x_wconf 86' lang='lat' dir='ltr'>viam</span> <span class='ocrx_word' id='word_1_989' title='bbox 2527 4208 2766 4279; x_wconf 73' lang='lat' dir='ltr'>geutium</span> <span class='ocrx_word' id='word_1_990' title='bbox 2814 4227 2878 4265; x_wconf 81' lang='lat' dir='ltr'>ne</span> <span class='ocrx_word' id='word_1_991' title='bbox 2906 4211 3176 4275; x_wconf 72' lang='lat' dir='ltr'>abici-itis,</span> <span class='ocrx_word' id='word_1_992' title='bbox 3206 4220 3255 4267; x_wconf 86' lang='lat' dir='ltr'>et</span> <span class='ocrx_word' id='word_1_993' title='bbox 3308 4208 3373 4267; x_wconf 82' lang='lat' dir='ltr'>in</span> <span class='ocrx_word' id='word_1_994' title='bbox 3403 4216 3677 4271; x_wconf 84' lang='lat' dir='ltr'>civitatem</span> 
     </span>
    </p>
   </div>
   <div class='ocr_carea' id='block_1_140' title="bbox 2018 4279 3675 4353">
    <p class='ocr_par' dir='ltr' id='par_1_140' title="bbox 2018 4279 3675 4353">
     <span class='ocr_line' id='line_1_145' title="bbox 2018 4279 3675 4353; baseline 0.004 -20"><span class='ocrx_word' id='word_1_995' title='bbox 2018 4279 2592 4353; x_wconf 83' lang='lat' dir='ltr'>Samaritanorum_ne</span> <span class='ocrx_word' id='word_1_996' title='bbox 2623 4280 2977 4345; x_wconf 81' lang='lat' dir='ltr'>introieritis,</span> <span class='ocrx_word' id='word_1_997' title='bbox 3012 4283 3101 4337; x_wconf 80' lang='lat' dir='ltr'>sed</span> <span class='ocrx_word' id='word_1_998' title='bbox 3146 4284 3219 4336; x_wconf 83' lang='lat' dir='ltr'>ite</span> <span class='ocrx_word' id='word_1_999' title='bbox 3256 4286 3441 4353; x_wconf 81' lang='lat' dir='ltr'>potius</span> <span class='ocrx_word' id='word_1_1000' title='bbox 3467 4286 3675 4342; x_wconf 82' lang='lat' dir='ltr'>adoves</span> 
     </span>
    </p>
   </div>
   <div class='ocr_carea' id='block_1_141' title="bbox 2017 4351 3665 4427">
    <p class='ocr_par' dir='ltr' id='par_1_141' title="bbox 2017 4351 3665 4427">
     <span class='ocr_line' id='line_1_146' title="bbox 2017 4351 3665 4427; baseline 0.005 -23"><span class='ocrx_word' id='word_1_1001' title='bbox 2017 4367 2140 4421; x_wconf 68' lang='lat' dir='ltr'>quae</span> <span class='ocrx_word' id='word_1_1002' title='bbox 2164 4352 2451 4427; x_wconf 80' lang='lat' dir='ltr'>perierunt</span> <span class='ocrx_word' id='word_1_1003' title='bbox 2482 4351 2665 4427; x_wconf 81' lang='lat' dir='ltr'>domus</span> <span class='ocrx_word' id='word_1_1004' title='bbox 2683 4353 2860 4407; x_wconf 81' lang='lat' dir='ltr'>Israel</span> <span class='ocrx_word' id='word_1_1005' title='bbox 2882 4354 3087 4423; x_wconf 75' lang='lat' dir='ltr'>(Matth.</span> <span class='ocrx_word' id='word_1_1006' title='bbox 3111 4369 3174 4427; x_wconf 57' lang='grc' dir='ltr'>Χ,</span> <span class='ocrx_word' id='word_1_1007' title='bbox 3209 4351 3268 4427; x_wconf 50' lang='grc' dir='ltr'>ὃς</span> <span class='ocrx_word' id='word_1_1008' title='bbox 3290 4355 3343 4424; x_wconf 82' lang='grc'>6)</span> <span class='ocrx_word' id='word_1_1009' title='bbox 3377 4371 3390 4420; x_wconf 92' lang='grc'>;</span> <span class='ocrx_word' id='word_1_1010' title='bbox 3425 4357 3536 4411; x_wconf 93' lang='lat' dir='ltr'>hoc</span> <span class='ocrx_word' id='word_1_1011' title='bbox 3558 4363 3665 4427; x_wconf 87' lang='lat' dir='ltr'>est,</span> 
     </span>
    </p>
   </div>
   <div class='ocr_carea' id='block_1_142' title="bbox 2019 4423 3668 4493">
    <p class='ocr_par' dir='ltr' id='par_1_142' title="bbox 2019 4423 3668 4493">
     <span class='ocr_line' id='line_1_147' title="bbox 2019 4423 3668 4493; baseline 0.004 -16"><span class='ocrx_word' id='word_1_1012' title='bbox 2019 4429 2081 4477; x_wconf 92' lang='lat' dir='ltr'>ut</span> <span class='ocrx_word' id='word_1_1013' title='bbox 2102 4438 2223 4477; x_wconf 95' lang='lat' dir='ltr'>non</span> <span class='ocrx_word' id='word_1_1014' title='bbox 2243 4423 2405 4492; x_wconf 88' lang='lat' dir='ltr'>prius</span> <span class='ocrx_word' id='word_1_1015' title='bbox 2437 4424 2861 4493; x_wconf 67' lang='lat' dir='ltr'>praedicaretur</span> <span class='ocrx_word' id='word_1_1016' title='bbox 2892 4423 3281 4479; x_wconf 85' lang='lat' dir='ltr'>Samaritanis</span> <span class='ocrx_word' id='word_1_1017' title='bbox 3298 4423 3355 4480; x_wconf 90' lang='lat' dir='ltr'>et</span> <span class='ocrx_word' id='word_1_1018' title='bbox 3385 4423 3668 4484; x_wconf 82' lang='lat' dir='ltr'>Gentibus</span> 
     </span>
    </p>
   </div>
   <div class='ocr_carea' id='block_1_143' title="bbox 2017 4494 3670 4565">
    <p class='ocr_par' dir='ltr' id='par_1_143' title="bbox 2017 4494 3670 4565">
     <span class='ocr_line' id='line_1_148' title="bbox 2017 4494 3670 4565; baseline 0.005 -18"><span class='ocrx_word' id='word_1_1019' title='bbox 2017 4494 2470 4565; x_wconf 70' lang='lat' dir='ltr'>quamJudaais,</span> <span class='ocrx_word' id='word_1_1020' title='bbox 2526 4508 2787 4564; x_wconf 90' lang='lat' dir='ltr'>quorum</span> <span class='ocrx_word' id='word_1_1021' title='bbox 2844 4494 3035 4551; x_wconf 85' lang='lat' dir='ltr'>fuerat</span> <span class='ocrx_word' id='word_1_1022' title='bbox 3062 4496 3378 4565; x_wconf 87' lang='lat' dir='ltr'>promissio</span> <span class='ocrx_word' id='word_1_1023' title='bbox 3410 4498 3551 4555; x_wconf 70' lang='lat' dir='ltr'>haec.</span> <span class='ocrx_word' id='word_1_1024' title='bbox 3600 4501 3670 4556; x_wconf 83' lang='lat' dir='ltr'>At</span> 
     </span>
    </p>
   </div>
   <div class='ocr_carea' id='block_1_144' title="bbox 2019 4564 3669 4636">
    <p class='ocr_par' dir='ltr' id='par_1_144' title="bbox 2019 4564 3669 4636">
     <span class='ocr_line' id='line_1_149' title="bbox 2019 4564 3669 4636; baseline 0.003 -16"><span class='ocrx_word' id='word_1_1025' title='bbox 2019 4564 2119 4620; x_wconf 85' lang='lat' dir='ltr'>tibi</span> <span class='ocrx_word' id='word_1_1026' title='bbox 2149 4564 2336 4619; x_wconf 65' lang='lat' dir='ltr'>Judaei</span> <span class='ocrx_word' id='word_1_1027' title='bbox 2365 4570 2674 4633; x_wconf 74' lang='lat' dir='ltr'>cmperunt</span> <span class='ocrx_word' id='word_1_1028' title='bbox 2718 4566 3033 4636; x_wconf 90' lang='lat' dir='ltr'>repudiare</span> <span class='ocrx_word' id='word_1_1029' title='bbox 3064 4564 3245 4621; x_wconf 86' lang='lat' dir='ltr'>ﬁdem</span> <span class='ocrx_word' id='word_1_1030' title='bbox 3270 4568 3500 4633; x_wconf 82' lang='lat' dir='ltr'>Christi,</span> <span class='ocrx_word' id='word_1_1031' title='bbox 3530 4576 3669 4625; x_wconf 91' lang='lat' dir='ltr'>tunc</span> 
     </span>
    </p>
   </div>
   <div class='ocr_carea' id='block_1_145' title="bbox 2016 4636 3664 4709">
    <p class='ocr_par' dir='ltr' id='par_1_145' title="bbox 2016 4636 3664 4709">
     <span class='ocr_line' id='line_1_150' title="bbox 2016 4636 3664 4709; baseline 0.004 -19"><span class='ocrx_word' id='word_1_1032' title='bbox 2016 4642 2071 4691; x_wconf 93' lang='lat' dir='ltr'>et</span> <span class='ocrx_word' id='word_1_1033' title='bbox 2099 4636 2488 4709; x_wconf 62' lang='lat' dir='ltr'>Samaritana:</span> <span class='ocrx_word' id='word_1_1034' title='bbox 2522 4636 2821 4709; x_wconf 15' lang='lat' dir='ltr'>seiobtulit</span> <span class='ocrx_word' id='word_1_1035' title='bbox 2850 4636 3141 4701; x_wconf 90' lang='lat' dir='ltr'>Salvator,</span> <span class='ocrx_word' id='word_1_1036' title='bbox 3171 4644 3225 4693; x_wconf 93' lang='lat' dir='ltr'>et</span> <span class='ocrx_word' id='word_1_1037' title='bbox 3254 4646 3391 4709; x_wconf 91' lang='lat' dir='ltr'>post</span> <span class='ocrx_word' id='word_1_1038' title='bbox 3422 4656 3664 4696; x_wconf 92' lang='lat' dir='ltr'>crucem</span> 
     </span>
    </p>
   </div>
   <div class='ocr_carea' id='block_1_146' title="bbox 2016 4706 3664 4784">
    <p class='ocr_par' dir='ltr' id='par_1_146' title="bbox 2016 4706 3664 4784">
     <span class='ocr_line' id='line_1_151' title="bbox 2016 4706 3664 4784; baseline 0.004 -22"><span class='ocrx_word' id='word_1_1039' title='bbox 2016 4707 2354 4784; x_wconf 89' lang='lat' dir='ltr'>Centurioni</span> <span class='ocrx_word' id='word_1_1040' title='bbox 2378 4706 2647 4784; x_wconf 88' lang='lat' dir='ltr'>Cornelio</span> <span class='ocrx_word' id='word_1_1041' title='bbox 2669 4723 2733 4763; x_wconf 88' lang='lat' dir='ltr'>:a</span> <span class='ocrx_word' id='word_1_1042' title='bbox 2756 4707 3093 4764; x_wconf 72' lang='lat' dir='ltr'>Chanansea</span> <span class='ocrx_word' id='word_1_1043' title='bbox 3124 4706 3323 4784; x_wconf 76' lang='lat' dir='ltr'>autem</span> <span class='ocrx_word' id='word_1_1044' title='bbox 3344 4714 3664 4784; x_wconf 83' lang='lat' dir='ltr'>requisitus</span> 
     </span>
    </p>
   </div>
   <div class='ocr_carea' id='block_1_147' title="bbox 2015 4777 3668 4856">
    <p class='ocr_par' dir='ltr' id='par_1_147' title="bbox 2015 4777 3668 4856">
     <span class='ocr_line' id='line_1_152' title="bbox 2015 4777 3668 4856; baseline 0.005 -25"><span class='ocrx_word' id='word_1_1045' title='bbox 2015 4777 2275 4856; x_wconf 69' lang='lat' dir='ltr'>suscepit</span> <span class='ocrx_word' id='word_1_1046' title='bbox 2314 4793 2448 4856; x_wconf 77' lang='lat' dir='ltr'>eam</span> <span class='ocrx_word' id='word_1_1047' title='bbox 2483 4793 2497 4841; x_wconf 88' lang='lat'><strong>;</strong></span> <span class='ocrx_word' id='word_1_1048' title='bbox 2532 4778 2675 4856; x_wconf 90' lang='lat' dir='ltr'>quia</span> <span class='ocrx_word' id='word_1_1049' title='bbox 2732 4794 2852 4834; x_wconf 93' lang='lat' dir='ltr'>non</span> <span class='ocrx_word' id='word_1_1050' title='bbox 2895 4784 3019 4836; x_wconf 89' lang='lat' dir='ltr'>erat</span> <span class='ocrx_word' id='word_1_1051' title='bbox 3067 4780 3266 4837; x_wconf 90' lang='lat' dir='ltr'>adhuc</span> <span class='ocrx_word' id='word_1_1052' title='bbox 3314 4777 3571 4856; x_wconf 73' lang='lat' dir='ltr'>tempus,</span> <span class='ocrx_word' id='word_1_1053' title='bbox 3607 4790 3668 4840; x_wconf 90' lang='lat' dir='ltr'>ut</span> 
     </span>
    </p>
   </div>
   <div class='ocr_carea' id='block_1_148' title="bbox 2012 4847 2668 4904">
    <p class='ocr_par' dir='ltr' id='par_1_148' title="bbox 2012 4847 2668 4904">
     <span class='ocr_line' id='line_1_153' title="bbox 2012 4847 2668 4904; baseline -0.006 0"><span class='ocrx_word' id='word_1_1054' title='bbox 2012 4848 2321 4904; x_wconf 74' lang='lat' dir='ltr'>offerretur</span> <span class='ocrx_word' id='word_1_1055' title='bbox 2350 4847 2462 4902; x_wconf 90' lang='lat' dir='ltr'>illis</span> <span class='ocrx_word' id='word_1_1056' title='bbox 2488 4847 2668 4904; x_wconf 89' lang='lat' dir='ltr'>salus.</span> 
     </span>
    </p>
   </div>
   <div class='ocr_carea' id='block_1_149' title="bbox 2086 4919 3669 4996">
    <p class='ocr_par' dir='ltr' id='par_1_149' title="bbox 2086 4919 3669 4996">
     <span class='ocr_line' id='line_1_154' title="bbox 2086 4919 3669 4996; baseline 0.008 -24"><span class='ocrx_word' id='word_1_1057' title='bbox 2086 4920 2261 4973; x_wconf 86' lang='lat' dir='ltr'>XVIII</span> <span class='ocrx_word' id='word_1_1058' title='bbox 2299 4919 2389 4996; x_wconf 70' lang='grc' dir='ltr'>(ρ).</span> <span class='ocrx_word' id='word_1_1059' title='bbox 2422 4949 2491 4960; x_wconf 93' lang='grc'><strong><em>-</em></strong></span> <span class='ocrx_word' id='word_1_1060' title='bbox 2523 4921 2838 4996; x_wconf 86' lang='lat' dir='ltr'>Quomodo</span> <span class='ocrx_word' id='word_1_1061' title='bbox 2866 4922 3156 4991; x_wconf 89' lang='lat' dir='ltr'>probatur</span> <span class='ocrx_word' id='word_1_1062' title='bbox 3182 4924 3349 4996; x_wconf 90' lang='lat' dir='ltr'>quod</span> <span class='ocrx_word' id='word_1_1063' title='bbox 3375 4925 3523 4983; x_wconf 90' lang='lat' dir='ltr'>dixit</span> <span class='ocrx_word' id='word_1_1064' title='bbox 3546 4926 3669 4983; x_wconf 90' lang='lat' dir='ltr'>Sal-</span> 
     </span>
    </p>
   </div>
   <div class='ocr_carea' id='block_1_150' title="bbox 2011 4991 3666 5064">
    <p class='ocr_par' dir='ltr' id='par_1_150' title="bbox 2011 4991 3666 5064">
     <span class='ocr_line' id='line_1_155' title="bbox 2011 4991 3666 5064; baseline 0.005 -19"><span class='ocrx_word' id='word_1_1065' title='bbox 2011 4997 2199 5054; x_wconf 88' lang='lat' dir='ltr'>vator,</span> <span class='ocrx_word' id='word_1_1066' title='bbox 2233 4992 2374 5062; x_wconf 91' lang='lat' dir='ltr'>quia</span> <span class='ocrx_word' id='word_1_1067' title='bbox 2398 4996 2656 5061; x_wconf 90' lang='lat' dir='ltr'>posttres</span> <span class='ocrx_word' id='word_1_1068' title='bbox 2675 4991 2800 5047; x_wconf 90' lang='lat' dir='ltr'>dies</span> <span class='ocrx_word' id='word_1_1069' title='bbox 2827 4998 2882 5048; x_wconf 90' lang='lat' dir='ltr'>et</span> <span class='ocrx_word' id='word_1_1070' title='bbox 2914 4999 3049 5064; x_wconf 88' lang='lat' dir='ltr'>post</span> <span class='ocrx_word' id='word_1_1071' title='bbox 3071 5000 3183 5050; x_wconf 91' lang='lat' dir='ltr'>tres</span> <span class='ocrx_word' id='word_1_1072' title='bbox 3201 4991 3418 5052; x_wconf 62' lang='lat' dir='ltr'>&#39;noctes</span> <span class='ocrx_word' id='word_1_1073' title='bbox 3444 5014 3479 5053; x_wconf 93' lang='lat' dir='ltr'>a</span> <span class='ocrx_word' id='word_1_1074' title='bbox 3510 5013 3666 5053; x_wconf 91' lang='lat' dir='ltr'>mor-</span> 
     </span>
    </p>
   </div>
   <div class='ocr_carea' id='block_1_151' title="bbox 2012 5063 3661 5139">
    <p class='ocr_par' dir='ltr' id='par_1_151' title="bbox 2012 5063 3661 5139">
     <span class='ocr_line' id='line_1_156' title="bbox 2012 5063 3661 5139; baseline 0.004 -22"><span class='ocrx_word' id='word_1_1075' title='bbox 2012 5063 2125 5139; x_wconf 79' lang='lat' dir='ltr'>tuis</span> <span class='ocrx_word' id='word_1_1076' title='bbox 2155 5068 2528 5139; x_wconf 78' lang='lat' dir='ltr'>resurgeret;</span> <span class='ocrx_word' id='word_1_1077' title='bbox 2564 5079 2711 5139; x_wconf 73' lang='lat' dir='ltr'>cum</span> <span class='ocrx_word' id='word_1_1078' title='bbox 2759 5063 2964 5139; x_wconf 82' lang='lat' dir='ltr'>utique</span> <span class='ocrx_word' id='word_1_1079' title='bbox 3017 5081 3189 5139; x_wconf 15' lang='lat' dir='ltr'>omnia</span> <span class='ocrx_word' id='word_1_1080' title='bbox 3237 5084 3387 5139; x_wconf 90' lang='lat' dir='ltr'>pura</span> <span class='ocrx_word' id='word_1_1081' title='bbox 3425 5084 3661 5139; x_wconf 88' lang='lat' dir='ltr'>passus,</span> 
     </span>
    </p>
   </div>
   <div class='ocr_carea' id='block_1_152' title="bbox 2010 5133 3665 5203">
    <p class='ocr_par' dir='ltr' id='par_1_152' title="bbox 2010 5133 3665 5203">
     <span class='ocr_line' id='line_1_157' title="bbox 2010 5133 3665 5203; baseline 0.003 -14"><span class='ocrx_word' id='word_1_1082' title='bbox 2010 5133 2387 5190; x_wconf 89' lang='lat' dir='ltr'>illucescente</span> <span class='ocrx_word' id='word_1_1083' title='bbox 2418 5134 2512 5189; x_wconf 92' lang='lat' dir='ltr'>die</span> <span class='ocrx_word' id='word_1_1084' title='bbox 2543 5133 3027 5203; x_wconf 52' lang='lat' dir='ltr'>dominicofcum</span> <span class='ocrx_word' id='word_1_1085' title='bbox 3060 5133 3260 5193; x_wconf 82' lang='lat' dir='ltr'>adhuc</span> <span class='ocrx_word' id='word_1_1086' title='bbox 3289 5133 3545 5195; x_wconf 75' lang='lat' dir='ltr'>tenebrae</span> <span class='ocrx_word' id='word_1_1087' title='bbox 3577 5155 3665 5195; x_wconf 83' lang='lat' dir='ltr'>es-</span> 
     </span>
    </p>
   </div>
   <div class='ocr_carea' id='block_1_153' title="bbox 2010 5204 3664 5271">
    <p class='ocr_par' dir='ltr' id='par_1_153' title="bbox 2010 5204 3664 5271">
     <span class='ocr_line' id='line_1_158' title="bbox 2010 5204 3664 5271; baseline 0.004 -11"><span class='ocrx_word' id='word_1_1088' title='bbox 2010 5212 2158 5271; x_wconf 89' lang='lat' dir='ltr'>sent,</span> <span class='ocrx_word' id='word_1_1089' title='bbox 2193 5204 2631 5261; x_wconf 74' lang='lat' dir='ltr'>resurrexerit?</span> <span class='ocrx_word' id='word_1_1090' title='bbox 2663 5207 2826 5261; x_wconf 93' lang='lat' dir='ltr'>Unde</span> <span class='ocrx_word' id='word_1_1091' title='bbox 2850 5223 3134 5264; x_wconf 91' lang='lat' dir='ltr'>numerus</span> <span class='ocrx_word' id='word_1_1092' title='bbox 3166 5210 3402 5265; x_wconf 89' lang='lat' dir='ltr'>dierum</span> <span class='ocrx_word' id='word_1_1093' title='bbox 3434 5216 3488 5266; x_wconf 94' lang='lat' dir='ltr'>et</span> <span class='ocrx_word' id='word_1_1094' title='bbox 3521 5226 3664 5266; x_wconf 88' lang='lat' dir='ltr'>noc-</span> 
     </span>
    </p>
   </div>
   <div class='ocr_carea' id='block_1_154' title="bbox 2011 5277 2975 5333">
    <p class='ocr_par' dir='ltr' id='par_1_154' title="bbox 2011 5277 2975 5333">
     <span class='ocr_line' id='line_1_159' title="bbox 2011 5277 2975 5333; baseline 0.001 -1"><span class='ocrx_word' id='word_1_1095' title='bbox 2011 5278 2158 5332; x_wconf 89' lang='lat' dir='ltr'>tium</span> <span class='ocrx_word' id='word_1_1096' title='bbox 2191 5292 2311 5331; x_wconf 89' lang='lat' dir='ltr'>non</span> <span class='ocrx_word' id='word_1_1097' title='bbox 2341 5277 2692 5332; x_wconf 90' lang='lat' dir='ltr'>convenisse</span> <span class='ocrx_word' id='word_1_1098' title='bbox 2724 5278 2975 5333; x_wconf 90' lang='lat' dir='ltr'>videtur.</span> 
     </span>
    </p>
   </div>
   <div class='ocr_carea' id='block_1_155' title="bbox 2083 5346 3667 5421">
    <p class='ocr_par' dir='ltr' id='par_1_155' title="bbox 2083 5346 3667 5421">
     <span class='ocr_line' id='line_1_160' title="bbox 2083 5346 3667 5421; baseline 0.003 -18"><span class='ocrx_word' id='word_1_1099' title='bbox 2083 5349 2371 5421; x_wconf 74' lang='lat' dir='ltr'>Praescius</span> <span class='ocrx_word' id='word_1_1100' title='bbox 2420 5346 2683 5403; x_wconf 88' lang='lat' dir='ltr'>Salvator</span> <span class='ocrx_word' id='word_1_1101' title='bbox 2740 5350 3009 5404; x_wconf 91' lang='lat' dir='ltr'>omnium</span> <span class='ocrx_word' id='word_1_1102' title='bbox 3053 5366 3186 5421; x_wconf 83' lang='lat' dir='ltr'>quae</span> <span class='ocrx_word' id='word_1_1103' title='bbox 3237 5352 3296 5406; x_wconf 93' lang='lat' dir='ltr'>in</span> <span class='ocrx_word' id='word_1_1104' title='bbox 3352 5367 3417 5408; x_wconf 90' lang='lat' dir='ltr'>se</span> <span class='ocrx_word' id='word_1_1105' title='bbox 3464 5351 3667 5409; x_wconf 87' lang='lat' dir='ltr'>futura</span> 
     </span>
    </p>
   </div>
   <div class='ocr_carea' id='block_1_156' title="bbox 2010 5419 3021 5488">
    <p class='ocr_par' dir='ltr' id='par_1_156' title="bbox 2010 5419 3021 5488">
     <span class='ocr_line' id='line_1_161' title="bbox 2010 5419 3021 5488; baseline 0.002 -14"><span class='ocrx_word' id='word_1_1106' title='bbox 2010 5426 2201 5482; x_wconf 89' lang='lat' dir='ltr'>erant,</span> <span class='ocrx_word' id='word_1_1107' title='bbox 2231 5419 2358 5474; x_wconf 78' lang='lat' dir='ltr'>haec</span> <span class='ocrx_word' id='word_1_1108' title='bbox 2392 5424 2744 5488; x_wconf 90' lang='lat' dir='ltr'>protestatus</span> <span class='ocrx_word' id='word_1_1109' title='bbox 2770 5425 2877 5485; x_wconf 88' lang='lat' dir='ltr'>est,</span> <span class='ocrx_word' id='word_1_1110' title='bbox 2912 5428 3021 5476; x_wconf 92' lang='lat' dir='ltr'>etc.</span> 
     </span>
    </p>
   </div>
   <div class='ocr_carea' id='block_1_157' title="bbox 2081 5488 3663 5567">
    <p class='ocr_par' dir='ltr' id='par_1_157' title="bbox 2081 5488 3663 5567">
     <span class='ocr_line' id='line_1_162' title="bbox 2081 5488 3663 5567; baseline 0.004 -22"><span class='ocrx_word' id='word_1_1111' title='bbox 2081 5491 2188 5545; x_wconf 87' lang='lat' dir='ltr'>XIX</span> <span class='ocrx_word' id='word_1_1112' title='bbox 2210 5490 2314 5561; x_wconf 88' lang='lat' dir='ltr'>(d).</span> <span class='ocrx_word' id='word_1_1113' title='bbox 2351 5520 2415 5531; x_wconf 93' lang='lat'><strong><em>—</em></strong></span> <span class='ocrx_word' id='word_1_1114' title='bbox 2446 5491 2635 5554; x_wconf 85' lang='lat' dir='ltr'>Quare</span> <span class='ocrx_word' id='word_1_1115' title='bbox 2662 5488 2951 5556; x_wconf 85' lang='lat' dir='ltr'>Salvator,</span> <span class='ocrx_word' id='word_1_1116' title='bbox 2987 5491 3171 5556; x_wconf 87' lang='lat' dir='ltr'>Orate,</span> <span class='ocrx_word' id='word_1_1117' title='bbox 3204 5492 3302 5559; x_wconf 90' lang='lat' dir='ltr'>ait,</span> <span class='ocrx_word' id='word_1_1118' title='bbox 3327 5511 3391 5549; x_wconf 89' lang='lat' dir='ltr'>ne</span> <span class='ocrx_word' id='word_1_1119' title='bbox 3404 5495 3503 5561; x_wconf 77' lang='lat' dir='ltr'>ﬁat</span> <span class='ocrx_word' id='word_1_1120' title='bbox 3527 5494 3663 5567; x_wconf 82' lang='lat' dir='ltr'>fuga</span> 
     </span>
    </p>
   </div>
   <div class='ocr_carea' id='block_1_158' title="bbox 2066 5596 3661 5721">
    <p class='ocr_par' dir='ltr' id='par_1_158' title="bbox 2066 5596 3661 5721">
     <span class='ocr_line' id='line_1_163' title="bbox 2066 5596 3661 5721; baseline 0.004 -75"><span class='ocrx_word' id='word_1_1121' title='bbox 2066 5598 2137 5721; x_wconf 52' lang='grc' dir='ltr'>ἔα)</span> <span class='ocrx_word' id='word_1_1122' title='bbox 2171 5596 2407 5646; x_wconf 85' lang='lat' dir='ltr'>Habetur</span> <span class='ocrx_word' id='word_1_1123' title='bbox 2424 5610 2588 5659; x_wconf 88' lang='lat' dir='ltr'>supra</span> <span class='ocrx_word' id='word_1_1124' title='bbox 2604 5597 2929 5669; x_wconf 68' lang='lat' dir='ltr'>interprimo</span> <span class='ocrx_word' id='word_1_1125' title='bbox 2944 5598 3207 5661; x_wconf 76' lang='lat' dir='ltr'>vulgatae,</span> <span class='ocrx_word' id='word_1_1126' title='bbox 3216 5600 3373 5663; x_wconf 87' lang='lat' dir='ltr'>juxta</span> <span class='ocrx_word' id='word_1_1127' title='bbox 3388 5604 3661 5666; x_wconf 65' lang='lat' dir='ltr'>quaest.59.</span> 
     </span>
     <span class='ocr_line' id='line_1_164' title="bbox 2088 5660 3007 5721; baseline 0.002 -13"><span class='ocrx_word' id='word_1_1128' title='bbox 2088 5661 2137 5721; x_wconf 77' lang='grc' dir='ltr'><strong>ὁ)</strong></span> <span class='ocrx_word' id='word_1_1129' title='bbox 2169 5660 2326 5709; x_wconf 89' lang='lat' dir='ltr'>Deest</span> <span class='ocrx_word' id='word_1_1130' title='bbox 2346 5660 2399 5708; x_wconf 93' lang='lat' dir='ltr'>in</span> <span class='ocrx_word' id='word_1_1131' title='bbox 2432 5660 2561 5711; x_wconf 85' lang='lat' dir='ltr'>Mss.</span> <span class='ocrx_word' id='word_1_1132' title='bbox 2597 5673 2752 5721; x_wconf 83' lang='lat' dir='ltr'>primi</span> <span class='ocrx_word' id='word_1_1133' title='bbox 2777 5663 3007 5721; x_wconf 88' lang='lat' dir='ltr'>generis.</span> 
     </span>
    </p>
   </div>
   <div class='ocr_carea' id='block_1_159' title="bbox 2088 5660 3007 5731">
    <p class='ocr_par' dir='ltr' id='par_1_159' title="bbox 2088 5660 3007 5731">
     <span class='ocr_line' id='line_1_165' title="bbox 2088 5660 3007 5731; baseline 0.002 -23"><span class='ocrx_word' id='word_1_1134' title='bbox 2088 5661 2137 5731; x_wconf 75' lang='grc' dir='ltr'><strong>ὁ)</strong></span> <span class='ocrx_word' id='word_1_1135' title='bbox 2162 5660 2326 5731; x_wconf 68' lang='lat' dir='ltr'>Deest</span> <span class='ocrx_word' id='word_1_1136' title='bbox 2346 5660 2399 5708; x_wconf 92' lang='lat' dir='ltr'>in</span> <span class='ocrx_word' id='word_1_1137' title='bbox 2432 5660 2561 5711; x_wconf 85' lang='lat' dir='ltr'>Mss.</span> <span class='ocrx_word' id='word_1_1138' title='bbox 2595 5660 2752 5731; x_wconf 79' lang='lat' dir='ltr'>primi</span> <span class='ocrx_word' id='word_1_1139' title='bbox 2777 5663 3007 5731; x_wconf 60' lang='lat' dir='ltr'>generis.</span> 
     </span>
    </p>
   </div>
   <div class='ocr_carea' id='block_1_160' title="bbox 2070 5720 3662 5848">
    <p class='ocr_par' dir='ltr' id='par_1_160' title="bbox 2070 5720 3662 5848">
     <span class='ocr_line' id='line_1_166' title="bbox 2076 5720 3662 5794; baseline 0.007 -24"><span class='ocrx_word' id='word_1_1140' title='bbox 2076 5720 2134 5785; x_wconf 42' lang='lat' dir='ltr'>&#39;c)</span> <span class='ocrx_word' id='word_1_1141' title='bbox 2162 5720 2399 5771; x_wconf 84' lang='lat' dir='ltr'>Habetur</span> <span class='ocrx_word' id='word_1_1142' title='bbox 2413 5735 2475 5770; x_wconf 89' lang='lat' dir='ltr'>su</span> <span class='ocrx_word' id='word_1_1143' title='bbox 2521 5734 2579 5770; x_wconf 92' lang='lat' dir='ltr'>ra</span> <span class='ocrx_word' id='word_1_1144' title='bbox 2594 5720 2731 5770; x_wconf 85' lang='lat' dir='ltr'>inter</span> <span class='ocrx_word' id='word_1_1145' title='bbox 2745 5720 2916 5781; x_wconf 77' lang='lat' dir='ltr'>primo</span> <span class='ocrx_word' id='word_1_1146' title='bbox 2931 5724 3195 5789; x_wconf 81' lang='lat' dir='ltr'>vulgatae,</span> <span class='ocrx_word' id='word_1_1147' title='bbox 3210 5726 3368 5790; x_wconf 81' lang='lat' dir='ltr'>juxta</span> <span class='ocrx_word' id='word_1_1148' title='bbox 3380 5741 3449 5794; x_wconf 89' lang='lat' dir='ltr'>qu</span> <span class='ocrx_word' id='word_1_1149' title='bbox 3462 5730 3662 5783; x_wconf 60' lang='lat' dir='ltr'>test“.</span> 
     </span>
     <span class='ocr_line' id='line_1_167' title="bbox 2070 5725 3003 5848; baseline 0.004 -15"><span class='ocrx_word' id='word_1_1150' title='bbox 2070 5725 2143 5848; x_wconf 59' lang='lat' dir='ltr'>id)</span> <span class='ocrx_word' id='word_1_1151' title='bbox 2174 5783 2333 5835; x_wconf 88' lang='lat' dir='ltr'>Deest</span> <span class='ocrx_word' id='word_1_1152' title='bbox 2362 5785 2418 5835; x_wconf 89' lang='lat' dir='ltr'>in</span> <span class='ocrx_word' id='word_1_1153' title='bbox 2437 5735 2560 5834; x_wconf 53' lang='lat' dir='ltr'>M53.</span> <span class='ocrx_word' id='word_1_1154' title='bbox 2584 5785 2741 5848; x_wconf 89' lang='lat' dir='ltr'>primi</span> <span class='ocrx_word' id='word_1_1155' title='bbox 2766 5787 3003 5848; x_wconf 85' lang='lat' dir='ltr'>generis.</span> 
     </span>
    </p>
   </div>
   <div class='ocr_carea' id='block_1_161' title="bbox 2093 5783 3003 5851">
    <p class='ocr_par' dir='ltr' id='par_1_161' title="bbox 2093 5783 3003 5851">
     <span class='ocr_line' id='line_1_168' title="bbox 2093 5783 3003 5851; baseline 0.004 -18"><span class='ocrx_word' id='word_1_1156' title='bbox 2093 5783 2143 5843; x_wconf 80' lang='grc' dir='ltr'>ἆ)</span> <span class='ocrx_word' id='word_1_1157' title='bbox 2174 5783 2333 5835; x_wconf 89' lang='lat' dir='ltr'>Deest</span> <span class='ocrx_word' id='word_1_1158' title='bbox 2362 5785 2418 5835; x_wconf 89' lang='lat' dir='ltr'>in</span> <span class='ocrx_word' id='word_1_1159' title='bbox 2437 5783 2560 5834; x_wconf 77' lang='lat' dir='ltr'>Mss.</span> <span class='ocrx_word' id='word_1_1160' title='bbox 2584 5785 2741 5848; x_wconf 89' lang='lat' dir='ltr'>primi</span> <span class='ocrx_word' id='word_1_1161' title='bbox 2766 5787 3003 5851; x_wconf 85' lang='lat' dir='ltr'>generis.</span> 
     </span>
    </p>
   </div>
  </div>
