4140 6208
548 158 692 214 2403

551 289 729 338 vestra
747 280 912 336 hieme
941 280 1023 335 vel
1051 278 1270 335 sabbato
1290 278 1513 350 (Matth.
1548 281 1708 345 xxiv,
1730 279 1856 350 20):
1888 295 2025 334 cum
2061 285 2203 334 tem-

548 371 664 425 pus
694 353 1125 426 persecutionis
1147 349 1565 426 hujusdifferri
1589 364 1707 405 non
1732 349 2203 426 pOssit,_dieente

550 421 856 498 Apostolo,
893 424 1005 498 Qui
1028 421 1419 498 revevelabitur
1444 425 1501 473 in
1538 437 1631 498 suo
1658 427 1887 498 tempore
1920 422 1985 498 (I_l
2027 422 2199 498 Thess.

547 492 694 562 11:6,
725 498 820 564 8);
858 500 914 549 et
942 497 1001 549 in
1034 494 1272 548 Actibus
1315 492 1635 564 Apostolus
1686 493 1890 563 inquit,
1930 494 2204 561 Deﬁniens

549 562 785 638 tempora
814 573 864 621 et
894 565 1150 638 terminos
1165 562 1517 638 habitationis
1529 562 1881 635 eorum(}ict.
1910 580 2053 638 xvii,
2072 564 2203 638 Q6)?

551 641 615 694 Et
772 638 967 763 hieme
1010 636 1217 707 fugam
1252 634 1341 688 vel
1371 634 1625 690 sabbato
1667 634 1787 690 non
1812 636 2088 707 expedire
2125 635 2206 689 si-

551 725 649 763 am
699 725 769 763 ca

593 710 791 766 niﬁcat
830 710 858 764 7

774 725 791 761 ι

551 725 977 836 Βῃέιῐῗὲῗηθτῑυιθ.
1000 776 1139 844 fuga
1160 790 1280 831 non
1308 779 1397 831 est
1422 792 1441 846 ς
1473 774 1690 846 frigora
1715 776 1875 832 enim
1909 782 2068 842 sunt,
2093 780 2199 831 im-

551 852 687 907 bres
710 847 1187 916 assidui,ningit,
1209 845 1655 920 gelat,_ﬂumina
1669 857 1917 920 exeunt;
1949 847 2205 920 ideoque

551 920 916 992 fugientibus
936 934 1227 992 pergrave
1258 918 1599 992 est.__Latere
1618 919 1780 992 enim
1804 921 1861 974 in
1896 919 2056 992 silvis
2082 918 2203 992 non

593 989 822 1056 ossunt,
857 989 1051 1061 neque
1080 991 1137 1043 in
1184 989 1510 1061 montibus,
1551 1004 1743 1061 neque
1772 991 1829 1044 in
1879 990 2201 1061 speluncis.

593 1008 822 1056 ossunt,
857 1008 1137 1061 nequem
1184 1008 1510 1054 monunus,
1551 1008 1829 1061 nequem
1879 1008 2201 1061 speluncis.

549 1008 816 1119 gabbato
836 1060 1215 1131 autemjuxta
1232 1060 1467 1114 Judaeos
1490 1060 1724 1130 longius
1752 1062 2033 1116 acivitate
2047 1064 2205 1117 exire

550 1150 673 1189 non
702 1133 856 1196 licet,
886 1148 995 1187 nec
1018 1135 1201 1187 altum
1232 1131 1575 1195 ascendere,
1607 1148 1677 1186 ac
1694 1133 1920 1202 perhoc
1937 1133 2090 1201 fugis
2105 1132 2205 1188 ab-

548 1205 692 1261 bato
731 1220 852 1260 non
883 1210 1074 1275 potest
1102 1204 1142 1256 ³.
1196 1202 1512 1267 Quomodo
1542 1202 1669 1257 haec
1700 1210 1969 1274 tempora
1998 1204 2202 1273 fugam

549 1280 741 1331 tutam
799 1274 919 1330 non
971 1274 1213 1336 faciunt,
1261 1279 1500 1344 propter
1547 1274 1977 1344 impedimenta
2021 1291 2204 1344 supra

548 1347 709 1403 dicta
742 1363 756 1413 ;
787 1348 865 1401 ita
894 1354 949 1401 et
980 1346 1123 1415 fuga
1148 1353 1349 1399 nostra
1382 1351 1502 1399 tuta
1534 1360 1651 1400 non
1684 1347 1808 1409 erit,
1844 1347 1889 1400 si
1923 1362 2032 1401 nos
2063 1347 2203 1401 obli-

549 1423 721 1488 gatos
744 1415 1189 1489 impedimentis
1222 1415 1566 1489 carnalibus
1607 1416 1895 1489 invenerit
1922 1417 2203 1488 praedicta

548 1487 897 1559 persecutio.
943 1488 1212 1541 Detinent
1241 1487 1407 1560 enim;
1457 1487 1730 1560 homines
1759 1487 1933 1560 quasi
1966 1504 2205 1560 compe-

549 1557 657 1616 des
687 1560 981 1614 desideria
1001 1557 1331 1621 saecularia,
1356 1558 1411 1611 id
1428 1565 1513 1611 est
1530 1557 1840 1614 facultates
1856 1576 1909 1613 ni
1923 1557 2203 1624 undante,

552 1647 626 1686 ne
654 1631 846 1686 edicta
874 1629 1096 1684 diaboli
1118 1629 1355 1701 possint
1384 1627 1662 1701 effugere.
1688 1630 1824 1685 ideo
1853 1646 1993 1701 ergo
2025 1646 2201 1685 oran-

551 1702 697 1758 dum
731 1707 817 1755 est
839 1717 911 1755 ne
947 1699 1211 1770 tempore
1243 1715 1364 1771 quo
1396 1699 1743 1763 fugiendum
1776 1708 1881 1769 est,
1914 1699 2126 1756 hiemis
2149 1706 2206 1757 et

548 1772 781 1828 sabbati
826 1773 882 1826 in
934 1770 1109 1825 nobis
1140 1770 1289 1825 ratio
1337 1770 1695 1835 inveniatur,
1731 1772 1835 1828 sed
1871 1778 1930 1827 ut
1984 1772 2202 1827 liberos

544 1859 651 1899 nos
681 1842 759 1898 ab
789 1844 880 1898 his
908 1840 1354 1914 impedimentis
1386 1841 1487 1896 Dei
1521 1849 1753 1912 praastet
1791 1843 2106 1909 auxilium,
2140 1850 2204 1899 ut

549 1930 673 1970 non
707 1914 783 1969 sit
827 1912 1135 1986 quod—nos
1187 1912 1480 1986 desiderio
1533 1914 1622 1986 sui
1663 1920 1869 1985 captos
1900 1917 2203 1986 mancipet

548 1985 798 2057 mundo.
833 1984 1131 2057 Quoniam
1161 1999 1302 2053 ergo
1324 1983 1397 2037 de
1429 1983 1755 2057 novissima
1794 1983 2201 2057 persecutione

548 2056 925 2127 loquebatur,
958 2056 1241 2118 Salvator,
1303 2070 1436 2125 quae
1493 2056 1690 2127 futura
1753 2056 1841 2111 est
1909 2059 1987 2111 ab
2044 2058 2202 2112 Anti-

550 2126 822 2192 christo;
876 2126 1012 2182 ideo
1063 2127 1317 2198 hiemem
1359 2126 1575 2196 posuit,
1615 2128 1757 2198 quia
1806 2128 2201 2183 novissimum

548 2204 790 2270 tempus
821 2203 909 2253 est
942 2218 953 2261 ;
988 2201 1043 2252 et
1081 2196 1403 2270 sabbatum
1435 2196 1725 2265 similiter,
1748 2201 1916 2270 quia
1968 2205 2202 2270 postre-

549 2267 693 2342 mus
722 2268 862 2342 dies
893 2274 1005 2335 est,
1041 2274 1104 2323 ut
1150 2269 1310 2342 sicut
1341 2267 1453 2342 his
1484 2267 1852 2342 temporibus
1900 2267 2118 2342 aspera
2148 2273 2204 2326 et

550 2339 973 2412 difﬁcilisfuga
1003 2345 1112 2404 est,
1146 2339 1226 2393 ita
1267 2339 1628 2409 signiﬁcaref
1656 2341 1754 2395 illo
1784 2339 2047 2412 tempore
2076 2348 2200 2397 tam

549 2427 759 2481 graves
797 2411 1026 2467 futuras
1075 2412 1514 2483 persecutiones
1558 2417 1613 2467 et
1641 2411 1976 2483 pressuras,
2011 2418 2073 2468 ut
2104 2413 2202 2468 vix

549 2483 766 2555 aliquis
795 2498 897 2538 eas
928 2484 1120 2555 possit
1147 2481 1430 2551 effugere.

670 2556 707 2607 X
737 2554 837 2624 (a).
870 2552 947 2594 -’
972 2552 1235 2608 Salvator
1263 2570 1400 2607 cum
1434 2568 1493 2607 se
1529 2568 1851 2624 passurum
1883 2554 2120 2613 diceret.
2148 2560 2203 2609 et

547 2630 684 2698 post
715 2625 949 2681 tertium
982 2625 1140 2679 diem
1172 2630 1662 2698 resurrecturum,
1692 2625 1926 2698 adjecit,
1960 2627 2034 2679 Et
2049 2634 2205 2698 Apost-

545 2696 702 2767 quam
730 2711 1104 2758 resurrexero,
1127 2696 1431 2767 prxcedarm
1467 2711 1553 2767 ves
1584 2697 1642 2748 in
1680 2696 1983 2755 Galilaeam.
2018 2696 2096 2750 ibi
2122 2714 2202 2751 me

546 2765 844 2831 videbitis;
876 2773 932 2822 et
977 2766 1226 2838 angelus
1266 2765 1616 2819 mulieribus
1658 2767 1924 2821 similiter
1968 2767 2192 2838 (Matth.

546 2854 704 2902 xxvn,
734 2842 820 2902 32,
851 2844 899 2892 et
929 2837 1391 2907 xxvnt,7):cum
1422 2842 1619 2892 tamen
1651 2838 1984 2893 inveniatur
2014 2855 2048 2894 a
2076 2855 2203 2894 mn-

546 2908 790 2965 lieribus
821 2912 876 2962 et
905 2924 941 2961 a
971 2906 1286 2977 disciptrlis
1316 2906 1439 2961 suis
1469 2909 1525 2962 in
1557 2909 1905 2964 Jerusalem.

622 2978 814 3033 Verba
843 2977 1167 3033 Salvatoris
1210 2983 1527 3034 retractare
1557 2978 1813 3035 inﬁdelis
1844 2985 1931 3035 est
1964 2999 1976 3039 :
2012 2980 2118 3036 sed
2149 2985 2202 3036 te

546 3049 724 3106 video
737 3065 857 3105 non
876 3049 951 3105 de
974 3049 1170 3105 verbis
1187 3049 1505 3105 Salvatoris
1524 3049 1819 3114 dubitare,
1837 3051 1940 3106 sed
1955 3067 2202 3107 sensum

545 3121 868 3193 requirere,
895 3136 1082 3193 quare
1120 3137 1254 3201 cum
1294 3120 1360 3201 in
1392 3121 1780 3202 Jerosolymis
1810 3126 1950 3249 post
1976 3123 2199 3194 passio-

545 3207 686 3249 nem
709 3208 880 3248 suam
900 3193 1065 3247 visus
1079 3191 1331 3249 sit.dix1t
1362 3193 1496 3248 sein
1515 3193 1757 3248 Galilaaa
1776 3210 1810 3249 a
1880 3195 1971 3249 his
1996 3194 2198 3249 videri.

545 3191 686 3249 nein
709 3208 880 3248 suam
900 3191 1065 3247 visus
1079 3194 1170 3257 sit,
1185 3191 1331 3247 dixit
1362 3209 1424 3248 se
1439 3193 1496 3247 in
1515 3191 1757 3248 Galilaaa
1776 3191 1853 3249 ab
1880 3191 2198 3249 his—videri.

549 3265 614 3319 In
633 3263 1009 3335 Jerosolyma
1021 3264 1182 3319 visus
1191 3265 1410 3336 est,sed
1429 3265 1825 3336 particulatim
1845 3266 1920 3320 ad
1935 3281 2203 3320 recrean-

545 3336 657 3391 dos
683 3336 920 3392 animos
951 3335 1383 3405 discipulorum
1414 3335 1436 3390 :’
1457 3337 1515 3390 in
1542 3335 1779 3392 Galilrea
1807 3352 1946 3392 vero
1973 3338 2046 3391 ab
2076 3353 2200 3391 om-

544 3407 725 3463 nibus
773 3406 974 3463 simul.
1020 3408 1171 3475 Ergo
1211 3406 1313 3476 qui
1355 3407 1411 3461 in
1441 3407 1770 3462 Jerusalem
1814 3408 1997 3462 visuri
2034 3407 2199 3463 illum

544 3482 712 3534 erant
739 3494 843 3548 per
868 3482 1088 3548 partes,
1124 3478 1179 3531 in
1215 3476 1516 3534 Galilaeam
1550 3478 1660 3532 illis
1687 3478 1994 3533 constituit
2024 3483 2089 3533 ut
2121 3480 2203 3534 si-

544 3549 671 3606 mul
704 3549 985 3605 omnibus
1017 3554 1353 3620 appareret,
1379 3553 1437 3604 et
1466 3549 1544 3605 ad
1591 3549 1993 3606 ordinandam
2029 3551 2201 3605 disci-

544 3621 787 3693 plinam
804 3621 976 3693 daret
1004 3624 1321 3691 praecepta.

618 3694 725 3747 XXI
748 3691 841 3763 (b).
861 3689 1079 3763 g—Tr'es
1100 3689 1480 3759 evangelistas
1504 3698 1669 3745 sexta
1686 3691 1834 3746 hora
1848 3692 2198 3748 cruciﬁxum

543 3761 1171 3824 dicuntSalvatorem,
1205 3764 1431 3818 Marcus
1462 3778 1602 3817 vero
1633 3763 2002 3832 evangelista
2032 3764 2200 3819 tertia

544 3832 695 3888 hora
725 3834 866 3887 dicit
892 3832 1262 3887 cruciﬁxum.
1300 3832 1412 3888 Sed
1443 3833 1693 3903 quidam
1728 3836 1944 3889 strenui
1972 3834 2199 3904 (indus-

545 3904 662 3976 tria
682 3905 995 3976 sua)te_rtia
1018 3904 1166 3958 hora
1179 3904 1526 3958 sententiam
1552 3905 1753 3959 datam
1776 3905 2078 3970 dicunt,ac
2096 3922 2201 3976 per

541 3973 664 4047 hoc
690 3973 860 4028 tertia
882 3974 1029 4027 hora
1055 3975 1426 4047 crucifixum.
1452 3976 1597 4047 Data
1623 3977 1780 4030 enim
1807 3978 1941 4047 quis
1966 3973 2199 4031 senten-

543 4045 626 4117 tia
646 4044 774 4115 jam
794 4050 1070 4117 mortuus
1092 4044 1364 4117 habetur.
1382 4045 1493 4099 Sed
1514 4052 1746 4117 constat
1769 4044 1903 4116 post
1922 4048 2195 4117 quintam

541 4116 755 4173 horam
790 4115 849 4170 in
875 4122 1107 4170 sextam
1142 4115 1393 4170 Pilatum
1420 4116 1648 4170 sedisse
1675 4115 1784 4187 pro
1817 4115 2119 4184 tribunali,
2145 4125 2200 4175 et

543 4188 628 4243 sic
660 4186 1010 4243 sententiam
1044 4187 1299 4249 dedisse,
1333 4188 1482 4241 sicut
1511 4186 1771 4242 Joannes
1797 4190 2077 4244 ostendit.

619 4258 898 4315 Obscuris
938 4274 1077 4314 vera
1116 4258 1417 4314 involvere
1463 4273 1581 4314 non
1631 4265 1717 4314 est
1759 4258 2011 4314 bonum.
2050 4264 2195 4316 Nam

547 4334 662 4386 tres
692 4329 1089 4398 evangelistas
1112 4345 1316 4386 verum
1342 4328 1565 4386 dixisse
1585 4329 1714 4402 ipsa
1744 4331 2067 4387 concordia
2095 4332 2197 4387 ob-

546 4406 811 4457 testatur.
844 4406 955 4456 etc.

1032 4473 1085 4529 Si
1130 4473 1264 4528 ideo
1306 4472 1575 4528 Salvator
1623 4473 1961 4545 baptizatus
2007 4478 2096 4528 est
2137 4478 2199 4529 ut

546 4542 826 4627 exemplo
834 4550 1019 4671 (esset,
1034 4558 1220 4616 quare
1237 4544 1625 4600 circumcisus
1639 4542 1882 4601 Caeteros
1899 4545 2200 4616 prohibuit

546 4629 827 4670 circumct
877 4631 892 4669 1

546 4629 705 4669 eircu
717 4629 892 4670 [110101

618 4684 999 4741 Circumcisio
1024 4701 1216 4757 usque
1242 4701 1277 4741 a
1303 4684 1603 4741 Christum
1633 4686 1866 4741 indulta
1887 4694 1990 4742 est.
2017 4686 2199 4742 Abra-

544 4754 689 4811 ham
734 4763 933 4830 autem
982 4754 1497 4812 circumcisionem
1539 4758 1597 4813 in
1635 4758 1865 4814 Christo
1897 4759 2197 4830 promisso

462 4851 471 4865 ι
546 4828 796 4896 accepit,
828 4832 936 4882 etc.

619 4899 775 4970 XXlll
815 4897 919 4969 (ἀ).
956 4929 1013 4938 -
1050 4897 1266 4970 Iudaeis
1312 4898 1735 4970 accusantibus
1775 4899 2097 4970 discipulos
2128 4916 2197 4955 eo

592 4970 711 5026 uod
738 4968 999 5025 facerent
1027 4975 1235 5041 contra
1258 4968 1448 5038 legem
1473 4969 1729 5041 sabbati,
1758 4968 1955 5041 spicas
1984 4971 2199 5025 vellen-

544 4985 711 5096 quoa
738 4985 999 5025 Iacerent
1027 4985 1235 5023 contra
1258 4985 1448 5038 legem
1473 4985 1729 5035 sannau,
1758 4985 1955 5041 spicas
1984 4985 2195 5025 venen-

589 5057 647 5104 o,
672 5042 941 5098 Salvator
958 5040 1300 5111 exemplum
1329 5040 1569 5110 protulit
1592 5041 1797 5106 David,
1815 5041 2046 5097 dicens:
2070 5044 2195 5098 Nes-

543 5114 672 5167 citis
696 5113 827 5183 quid
852 5112 1043 5185 fecerit
1071 5111 1249 5166 David
1281 5127 1399 5165 cum
1439 5112 1692 5175 esuri-ret,
1717 5112 1974 5236 quomodo
2002 5116 2197 5184 accepit

544 5201 706 5236 mnes
720 5183 1107 5236 nronositionis
1127 5190 1175 5236 et
1199 5182 1561 5236 manducavit.
1578 5190 1625 5236 et
1654 5184 1714 5236 de
1755 5184 1798 5236 it
1821 5184 2009 5236 hisaui
2027 5200 2197 5236 secum

544 5182 1107 5256 panes’prop'ositionis
1127 5190 1175 5256 et
1199 5182 1561 5256 manducavit,
1578 5190 1625 5237 et
1654 5182 1798 5256 dedit
1821 5184 1904 5256 his
1915 5185 2009 5256 qui
2027 5182 2198 5239 secum

544 5254 731 5325 erant,
757 5256 894 5328 quod
919 5272 1021 5310 non
1057 5254 1243 5309 licebat
1275 5255 1389 5308 nisi
1426 5255 1551 5328 solis
1578 5254 1998 5328 sacerdotibus?
2027 5256 2196 5328 Quod

545 5325 891 5399 exemplum
932 5342 1053 5382 non
1096 5342 1379 5381 excusare
1426 5325 1662 5380 videtur
1705 5326 2060 5399 discipulos,
2094 5327 2195 5383 sed

605 5441 620 5510 ξ
650 5440 744 5510 Ms:
782 5439 1174 5510 Germanensis,
1194 5440 1383 5510 fugere
1397 5438 1608 5510 sabbato
1645 5454 1749 5487 non
1779 5444 1938 5501 potes.

606 5503 680 5565 (ᾳ)
712 5501 865 5565 Deest
889 5504 942 5550 in
974 5503 1097 5551 Mss.
1126 5501 1282 5565 primi
1313 5502 1540 5564 generis.

610 5561 678 5617 (ὁ)
712 5563 949 5613 Habetur
968 5561 1463 5628 supra'interp'rimo
1478 5563 1743 5628 vulgatus,
1752 5563 1908 5626 juxta
1923 5566 2195 5629 qumst.65.

606 5622 670 5689 (c_)
705 5623 869 5689 ibid”
899 5630 1087 5689 quaest.
1120 5628 1205 5681 50.

608 5683 681 5753 (ἆ)
707 5683 861 5743 lbid.,
893 5683 1083 5751 quaest.
1109 5690 1186 5737 61.

1407 148 1892 221 QUfESTIONUM
1933 150 2026 209 EX
2066 147 2258 209 NOVO
2296 144 2497 207 TEST.
2532 143 2718 205 PARS
2759 144 3085 208 SECUNDA

3772 158 3878 217 2404

2312 279 2571 351 possunt
2600 279 2718 351 tam
2745 275 2806 330 hi
2828 291 3011 351 quam
3043 276 3227 332 David
3251 278 3701 349 praevaricatores
3721 284 3879 342 videri.

2384 347 2578 426 Noluit
2607 346 2874 426 Salvator
2901 346 2976 426 de
3008 346 3273 421 tempore
3299 350 3519 423 impleti
3543 351 3749 409 sabbati
3776 372 3881 426 pre-

2310 419 2579 491 judicare
2608 419 2867 491 Judaeos,
2900 424 3012 474 etc.

2388 492 2551 563 XXIV,
2582 489 2679 559 (a).
2725 520 2793 563 —__
2828 489 3247 563 curSalvator
3280 491 3593 563 discipulos
3628 510 3748 550 suos
3770 496 3882 553 ﬁlios

2314 562 2555 636 tonitrui
2600 560 3144 636 appellavit_(b{arc.
3180 578 3263 636 in,
3314 560 3699 636 i7),'quiplus
3737 572 3882 636 magis

2312 633 2628 688 videantur
2641 631 2750 686 ﬁlii
2779 631 2878 686 Dei
2907 632 3022 686 dici
3042 632 3071 684 ‘I
3093 634 3349 690 tonitrua
3367 631 3520 689 enim
3543 631 3785 692 dicuntur
3800 631 3885 695 ebl-

2311 705 2523 759 lisione
2557 704 2808 757 nubium
2836 703 2982 757 ﬁeri.

2383 774 2679 841 Quoniam
2713 774 2969 830 tonitrua
2996 779 3277 832 terrorem
3306 776 3723 841 incutiunt,hac
3743 794 3885 836 causa

2311 846 2465 920 ﬁlios
2493 846 2734 920 tonitrui
2766 844 3088 920 discipulos
3120 847 3458 920 appellavit,
3483 850 3647 920 quasi
3672 849 3882 919 ejusﬁlii,

2310 917 2414 989 qui
2466 917 2769 989 timendus
2802 917 2910 989 isit.
2951 917 3241 989 Quamvis
3284 919 3445 973 enim
3492 917 3729 974 tonitrua
3769 921 3883 976 colli-

2311 988 2478 1043 sione
2506 988 2755 1042 nubium
2790 988 2957 1053 ﬁant,
2992 988 3301 1044 voluntate
3346 997 3539 1046 tamen
3571 990 3660 1046 Dei
3688 989 3822 1057 ﬁunt,
3846 1000 3885 1048 et

2311 1066 2448 1114 sunt
2476 1058 2772 1113 terribilia.

2380 1133 2509 1187 XXV
2540 1130 2633 1256 Sb).
2666 1161 2730 1170 —
2754 1129 2907 1194 Quid
2933 1135 3025 1185 est
3055 1136 3119 1186 ut
3144 1130 3476 1186 secundum
3503 1131 3667 1188 Marci
3693 1147 3886 1202 evange-

2386 1208 2455 1256 [ω
2488 1218 2547 1255 re
2574 1202 2858 1256 atiouem.
2884 1201 3093 1256 Christi
3127 1217 3244 1256 non
3278 1202 3351 1256 sit
3380 1202 3616 1256 impleta
3638 1202 3884 1256 voluntas:

2308 1200 2455 1256 lisias
2488 1200 2858 1265 relationem,
2884 1201 3093 1256 Christi
3127 1217 3244 1256 non
3278 1202 3351 1257 sit
3380 1202 3616 1273 impleta
3638 1200 3884 1260 voluntas:

2312 1273 2533 1327 Intrans
2556 1273 2719 1337 enim,
2742 1274 2966 1344 inquit,
2981 1274 3039 1326 in
3061 1272 3293 1338 domum,
3309 1275 3483 1329 voluit
3508 1276 3747 1329 neminem
3768 1276 3886 1344 scire,

2309 1351 2356 1399 et
2388 1361 2491 1398 non
2533 1345 2710 1415 potuit
2759 1343 2979 1415 latere?
3018 1344 3074 1397 Si
3117 1358 3259 1412 ergo
3300 1345 3486 1399 voluit
3526 1346 3694 1402 latere
3724 1352 3887 1401 etnon

2308 1413 2859 1487 potuit,infirmata
2890 1413 3167 1487 voluntas
3197 1417 3325 1486 ejus
3355 1422 3460 1471 est.

2382 1487 2499 1542 Hoc
2529 1486 2694 1558 quod
2740 1502 2843 1557 per
2871 1486 3299 1559 compendium
3345 1488 3708 1559 propositum
3738 1493 3819 1551 est,
3847 1493 3890 1541 ut

2309 1557 2443 1630 plus
2476 1557 2717 1630 sensum
2752 1563 2953 1627 posset
2982 1557 3271 1630 occulere,
3305 1557 3416 1613 etc.

2380 1629 2531 1684 XXVI
2555 1629 2807 1699 (a).—In
2840 1628 3159 1695 Evangelio
3180 1629 3437 1698 legimus
3458 1628 3718 1697 angelum
3744 1627 3893 1683 dicere

2308 1700 2385 1780 ad
2415 1701 2653 1780 Mariam
2686 1706 2949 1780 matrem
2974 1699 3229 1780 Domini,
3257 1700 3605 1780 (ζωρά-νερὶηί
3626 1700 3745 1780 ejus,
3765 1699 3894 1780 idest

2309 1770 2537 1835 Christi,
2572 1787 2679 1826 non
2706 1772 2813 1824 erit
2843 1771 2973 1841 ﬁnis
2998 1771 3149 1839 (Luc.
3194 1788 3231 1834 ι,
3269 1770 3379 1842 33).
3414 1774 3477 1826 Et
3518 1770 3707 1825 Daniel
3732 1771 3893 1825 eadem

2307 1842 2447 1913 dicit
2480 1858 2492 1897 :
2528 1843 2609 1896 ait
2639 1843 2796 1896 enim
2832 1862 2844 1894 :
2884 1842 3030 1896 Tunc
3060 1850 3304 1912 exsurget
3335 1859 3556 1913 regnum
3587 1843 3642 1895 in
3667 1849 3894 1908 aetrnum,

2307 1912 2444 1984 quod
2489 1929 2763 1983 nunquam
2804 1921 3185 1983 corrumpetur
3224 1912 3412 1978 (Danf
3445 1931 3540 1975 vn,
3589 1913 3687 1982 t4).
3729 1915 3897 1968 Contra

2310 1983 2624 2054 Apostolus
2650 1983 2724 2038 de
2764 1985 3013 2039 Domino
3046 2001 3058 2039 :
3098 1985 3230 2040 Cum
3260 1985 3587 2047 tradiderit,
3622 1985 3815 2055 inquit,
3840 2000 3897 2037 re-

2304 2072 2467 2127 gnum
2494 2055 2601 2109 Deo
2626 2062 2677 2109 et
2698 2056 2865 2109 Patri
2884 2056 2925 2126 (l
2951 2055 3074 2110 Cor.
3100 2072 3193 2120 xv,
3214 2056 3330 2122 24).
3360 2054 3671 2121 Quomodo
3698 2054 3895 2127 regnum

2307 2125 2596 2249 galeru?um
2640 2126 2898 2192 habebit,
2933 2127 3097 2198 quod
3141 2127 3467 2183 traditurus
3509 2126 3711 2182 dicitur
3742 2125 3837 2181 Deo
3859 2132 3899 2180 et

2351 2215 2384 2249 ἃ
2416 2215 2461 2249 l‘l

2310 2198 2461 2253 Patri

2379 2269 2442 2323 In
2474 2284 2662 2323 causa
2690 2268 2875 2323 Patris
2904 2272 2963 2323 et
2991 2268 3133 2333 Filii,
3163 2268 3220 2323 id
3252 2274 3358 2334 est,
3388 2269 3491 2323 Dei
3514 2272 3568 2322 et
3597 2267 3798 2333 Christi,
3817 2270 3898 2320 tra-

2308 2339 2456 2394 ditio
2479 2355 2601 2394 non
2627 2340 2870 2395 abolitio
2897 2339 3254 2410 intelligitur.
3276 2340 3603 2396 Considera
3628 2339 3772 2394 enim
3793 2353 3896 2409 quo-

2309 2411 2491 2465 modo
2522 2410 2694 2465 Pater
2724 2410 3030 2482 tradiderit
3061 2411 3200 2466 Filio
3228 2427 3507 2481 regnum,
3539 2410 3798 2482 ipsoheec
3825 2412 3898 2482 llo-

2310 2484 2473 2537 mino
2507 2486 2897 2554 protestante;
2921 2481 3120 2554 Omnia
3143 2478 3715 2554 enimIinquitfmihi
3741 2478 3897 2554 (redite

2307 2560 2431 2625 sunt
2457 2570 2490 2607 a
2510 2550 2681 2607 Patre
2709 2570 2820 2607 meo
2851 2553 3068 2624 (Matth.
3104 2570 3177 2621 x1,
3207 2554 3318 2625 27).
3347 2554 3401 2610 Si
3422 2550 3604 2625 Pater
3621 2568 3749 2621 ergo
3772 2550 3900 2625 desiit

2307 2624 2527 2707 habere
2576 2640 2713 2707 cum
2744 2620 3021 2707 tradidit,
3061 2620 3255 2707 potest
3282 2620 3475 2707 stude
3520 2624 3791 2707 Salvatore

2307 2694 2448 2777 quia
2474 2694 3126 2777 cumtradidit,amisit.
3144 2697 3291 2776 Nam
3314 2695 3495 2751 Filius
3514 2697 3898 2820 postqpamtra-

2307 2768 2498 2820 ditum
2519 2766 2630 2820 Sibi
2654 2782 2687 2820 a
2706 2765 2874 2820 Patre
2896 2782 3147 2820 regnum
3165 2767 3331 2820 dmt.
3347 2767 3579 2820 Patrem
3593 2766 3665 2820 ad
3710 2781 3773 2820 uc
3793 2779 3882 2820 om

2307 2765 2498 2822 ditum
2519 2766 2630 2820 sibi
2654 2782 2687 2820 a
2706 2765 2874 2820 Patre
2896 2782 3147 2837 regnum
3165 2767 3331 2831 dixit,
3347 2765 3579 2823 Patrem
3593 2765 3773 2822 adhuc
3793 2779 3882 2834 pre

2308 2838 2502 2892 ferens
2530 2839 2636 2893 ait:
2662 2837 2790 2891 Hac
2813 2842 2887 2891 est
2906 2845 3084 2892 autem
3105 2838 3217 2893 vita
3236 2843 3466 2903 aeterna,
3506 2846 3563 2893 ut
3586 2839 3899 2907 cognoscenti:

2306 2909 2475 2983 solum
2500 2916 2549 2963 et
2564 2925 2748 2964 verum
2783 2912 2968 2983 Deum,
2991 2916 3041 2983 et
3068 2926 3217 2983 quem
3242 2910 3449 2983 misisti
3471 2906 3652 2965 Iesum
3673 2906 3901 2983 Christgn

2308 2981 2493 3049 (Joan.
2512 2996 2656 3043 xvn,
2679 2983 2757 3049 3).
2776 2974 3117 3036 Secundum
3142 2981 3300 3036 hunc
3326 2981 3509 3050 igitur
3536 2995 3761 3035 sensum
3783 2974 3901 3031 etPi-

2306 3051 2422 3105 lius
2454 3067 2575 3107 non
2619 3051 2835 3107 amittit
2871 3067 3124 3120 regnum
3174 3068 3311 3108 cum
3348 3052 3546 3117 tradit,
3580 3060 3639 3106 ut
3664 3051 3776 3120 hree
3799 3060 3901 3120 vere

2307 3122 2460 3188 sint;
2499 3128 2555 3177 et
2582 3122 2832 3192 angelus
2864 3128 2921 3178 et
2942 3117 3165 3195 Daniel
3200 3138 3322 3179 non
3368 3123 3711 3195 discrepare
3730 3119 3797 3175 ab
3819 3117 3901 3173 hoc

2306 3210 2485 3248 sensu
2514 3194 2813 3251 dicantur.
2851 3194 2958 3259 Qui
2985 3194 3198 3249 horum
3229 3195 3389 3249 enim
3425 3193 3807 3250 testimonium
3831 3204 3901 3243 re-

2306 3265 2686 3339 tractandum
2725 3270 2907 3335 putat,
2953 3266 3230 3339 perﬁdia,
3246 3265 3462 3339 plenus
3486 3271 3612 3339 est.
3644 3265 3745 3339 Sed
3784 3273 3901 3339 nune

2306 3336 2619 3408 videamus
2643 3332 3038 3408 manentesiin
3065 3337 3178 3391 hac
3202 3332 3337 3401 ﬁde,
3355 3336 3504 3408 quid
3533 3338 3607 3392 sit
3627 3334 3827 3390 tradere
3845 3332 3903 3386 Fi-

2306 3406 2458 3480 lium
2481 3408 2642 3480 Patri
2661 3423 2907 3480 regnum
2930 3407 3072 3480 :hoc
3093 3408 3252 3480 enim
3275 3414 3361 3462 est
3376 3406 3554 3480 quod
3579 3409 3719 3480 inter
3739 3410 3901 3480 calere

2306 3478 2423 3552 alio
2448 3478 2585 3552 loco
2610 3473 2755 3552 dici?
2780 3479 3097 3552 Apostolus
3123 3495 3136 3534 :
3172 3479 3316 3552 Tunc
3342 3486 3389 3532 et
3406 3473 3538 3549 ’ipse
3565 3477 3800 3552 subjectus

2304 3550 2355 3604 ei
2378 3550 2473 3620 qui
2503 3549 2726 3620 subjecit
2755 3551 2807 3603 ei
2825 3543 3024 3616 omnia,
3058 3558 3116 3605 ut
3145 3550 3219 3604 sit
3252 3550 3392 3604 Deus
3417 3543 3603 3605 animi:
3634 3543 3688 3603 in
3714 3543 3902 3622 omnibs:

2306 3624 2347 3687 (Ι
2380 3614 2502 3676 Cor.
2528 3614 2624 3683 xv,
2651 3622 2762 3691 28).
2796 3614 3094 3691 Subjectio
3133 3621 3312 3690 igitur
3338 3622 3637 3692 haec,ipsa
3665 3626 3743 3692 est
3764 3614 3901 3672 tradi-

2308 3692 2386 3746 tio
2417 3694 2601 3761 regni.
2632 3692 2837 3764 Itaque
2865 3690 2976 3747 hoc
3006 3692 3138 3747 loco
3169 3690 3579 3763 interpretatio
3613 3690 3813 3746 videtur
3832 3700 3901 3764 ne:

2303 3765 2586 3831 cessaria,
2604 3768 2665 3817 ut
2690 3761 3070 3833 et'subjectus
3099 3765 3247 3818 Patri
3273 3761 3455 3819 Filius
3483 3779 3602 3819 non
3627 3761 3902 3833 negentne!

2305 3830 2694 3889 nihilominus
2717 3830 3007 3890 interdum
3035 3850 3288 3904 regnum
3321 3834 3545 3890 habere
3574 3835 3799 3889 dicatur.
3818 3830 3901 3883 Hoc

2305 3912 2393 3981 est
2417 3921 2669 3974 regnum
2699 3905 3003 3981 Filii,quia
3032 3906 3090 3960 in
3120 3908 3360 3981 nomine
3379 3908 3519 3981 Jesu
3546 3906 3902 3981 omn‘ie‘gepua

2303 3971 2640 4041 ﬂectuntur,
2669 3971 2949 4041 coelestia,
2984 3978 3295 4043 terrestria,
3325 3983 3380 4032 et
3410 3976 3645 4033 inferna
3673 3971 3892 4043 (Philipp.

2303 4063 2363 4111 ιι,
2396 4047 2499 4118 l0).
2518 4048 2687 4119 Quod
2715 4048 2892 4103 etiam
2915 4048 3117 4103 ﬁrmat
3141 4051 3339 4119 Petrus
3356 4045 3899 4119 apostolus,dicens:_

2303 4120 2427 4175 Νοη
2451 4116 2525 4194 est
2560 4118 2717 4194 aliud
2746 4136 2932 4194 nomen
2959 4119 3150 4194 datum,
3168 4118 3265 4174 sub
3292 4116 3439 4187 cwlo,
3474 4122 3537 4194 i_n
3586 4134 3682 4194 quo
3713 4116 3901 4194 oportet!

2304 4206 2398 4244 nos
2424 4191 2601 4244 salvos
2631 4190 2754 4261 ﬁeri
2782 4192 2931 4261 (Act.
2964 4206 3043 4255 1v,
3076 4192 3185 4258 1‘2).
3223 4194 3285 4245 Et
3317 4193 3448 4261 ipse
3482 4186 3750 4261 Dominus
3773 4186 3902 4237 disci-

2306 4261 2461 4336 pulis
2503 4263 2582 4316 ait
2630 4260 2642 4315 ἐ
2686 4260 3010 4336 Usquemodo
3038 4262 3178 4317 nihil
3207 4260 3511 4336 petistisin
3556 4260 3901 4336 nominat-tto;

2299 4328 2486 4403 petite,
2511 4338 2562 4387 et
2591 4349 2680 4403 ego
2697 4328 2898 4401 faciam
2923 4333 3101 4403 (Joan.
3135 4328 3384 4399 “1.24).
3409 4334 3506 4388 Sie
3528 4337 3725 4402 regnat
3751 4328 3898 4387 Filius,

2303 4419 2441 4458 cum
2463 4406 2669 4459 omnia
2686 4405 2742 4458 in
2759 4406 3002 4459 nomine
3024 4405 3149 4474 ejus
3165 4404 3496 4471 salvantur,
3512 4410 3569 4459 et
3583 4405 3783 4458 dantur
3798 4408 3899 4469 qua:

2305 4474 2681 4556 postulantur
2704 4491 2895 4556 usque
2916 4475 3199 4556 adﬁnem
3225 4476 3774 4556 mundi.-Postqua_rn
3796 4480 3900 4556 veso

2305 4544 2510 4601 omnia
2539 4544 2838 4601 Christum
2871 4545 3084 4601 fuerint
3109 4547 3403 4613 confessa,
3434 4548 3558 4601 sive
3587 4544 3660 4609 vi,
3691 4544 3797 4595 sive
3822 4550 3901 4613 vo-

2303 4616 2547 4681 luntate,
2577 4622 2633 4672 et
2664 4617 2967 4689 substrata
2996 4618 3270 4689 potentiae
3297 4610 3429 4689 ejus
3462 4618 3577 4689 cui
3601 4610 3898 4689 restiterant.

2306 4690 2657 4760 mysterium
2681 4689 2856 4743 unius
2884 4688 2982 4743 Dei
3001 4686 3228 4744 cunctis
3247 4686 3901 4760 manifestabiturmtom:

2304 4750 2399 4814 nis
2422 4761 2744 4832 gratiarum
2764 4761 2919 4814 actio
2939 4761 3307 4815 refereturad
3326 4760 3583 4824 Patrem,
3599 4773 3660 4813 ex
3672 4750 3898 4832 quoet}!!!

2305 4825 2540 4896 omnia;
2568 4836 2628 4886 ut
2648 4836 2916 4886 cessante
2942 4832 3361 4902 praedicatione
3384 4848 3543 4887 unus
3571 4825 3713 4886 Deus
3732 4825 3901 4902 sciatur

2304 4902 2364 4957 in
2398 4903 2679 4972 mysterio
2702 4898 3011 4958 Trinitatis.
3029 4905 3174 4958 Cum
3197 4903 3355 4957 enim
3379 4918 3591 4958 omnes
3613 4898 3897 4972 potestates

2304 4988 2517 5045 omnes
2550 4974 2918 5045 principatus
2947 4978 3002 5029 et
3050 4972 3500 5045 Dominationes
3533 4973 3749 5027 Christo
3782 4973 3897 5045 genti

2304 5043 2596 5110 ﬂexerint,
2620 5043 2757 5099 tunc
2782 5045 2956 5100 Filius
2982 5044 3527 5100 manifestabitnon
3551 5059 3611 5099 se
3631 5056 3749 5098 esse
3766 5043 3898 5110 aq"?

2308 5121 2447 5170 sunt
2476 5106 2700 5180 omnia,
2731 5116 2830 5170 sed
2870 5115 3077 5170 Filium
3107 5116 3255 5185 ejus.
3285 5122 3339 5171 et
3370 5116 3538 5171 illum
3569 5116 3624 5169 in
3656 5127 3714 5166 se
3738 5106 3894 5182 videri.

2309 5189 2438 5240 Haec
2460 5193 2546 5241 est
2569 5187 2860 5258 subjectio
2882 5192 2937 5242 et
2956 5188 3121 5256 regni
3144 5184 3409 5260 traditio.
3431 5184 3894 5260 Ostendensemel

2308 5260 2533 5331 Patrem
2569 5250 2707 5331 esse
2729 5274 2761 5313 a
2784 5274 2904 5330 quo
2937 5250 3078 5312 sunt
3107 5258 3332 5331 omnia,
3354 5258 3601 5331 subjecit
3622 5271 3678 5309 se
3707 5250 3775 5331 illi
3795 5255 3894 5331 et}!!!

2305 5328 2379 5383 de
2412 5344 2481 5384 eo
2513 5345 2574 5383 se
2596 5328 2735 5383 dicit
2765 5321 3118 5384 esse.Tanta
3149 5321 3689 5399 enim’majéstaset
3712 5321 3894 5399 clarilaf

2305 5401 2359 5454 in
2382 5400 2643 5471 adventu
2666 5400 2789 5455 Filii
2823 5400 3074 5466 videtur,
3092 5405 3156 5455 ut
3175 5416 3384 5455 omnes
3410 5390 3684 5471 potentia
3710 5390 3896 5471 etcholl

2305 5470 2666 5540 Angelorum
2700 5472 2860 5527 hunc
2890 5459 3255 5541 singularem
3288 5459 3495 5544 putent
3534 5473 3722 5525 Deum.
3752 5459 3895 5518 Salva-

2368 5569 2439 5640 (e)
2472 5569 2634 5640 Deest
2654 5569 2706 5617 in
2737 5568 2861 5617 Mss.
2894 5568 3049 5640 primi
3082 5569 3333 5640 generis.
3412 5633 3423 5640 Α
3526 5629 3538 5640 ε

2366 5614 2439 5696 (ii)
2463 5614 2709 5696 flabianii
2718 5614 2882 5696 regis
2897 5614 3237 5696 tempus;
3246 5614 3509 5696 angam,
3519 5629 3670 5694 juxta
3682 5614 3892 5690 quaest-71

2371 5692 2436 5757 (c)
2462 5692 2621 5743 Deest
2645 5695 2700 5743 in
2726 5692 2851 5745 mss.
2884 5694 3041 5758 primi
3058 5692 3306 5759 generis.
