4158 6204
582 150 723 211 2407

585 274 910 331 daemonium
937 269 1218 341 habentis,-
1234 270 1511 341 rnumquid
1529 277 1694 341 potest
1719 270 2040 325 daemonium
2076 284 2236 325 caeco.

586 363 710 403 rum
738 343 912 400 oculos
940 340 1356 413 apei'ire‘i’dixit
1379 340 1663 413 Salvator,
1682 342 1786 397 Sed
1810 358 1916 396 non
1939 342 2238 396 audierunt

586 435 668 473 eos
696 432 811 471 oves
844 414 951 487 (Id.
974 411 1121 487 ‘x,_8,
1150 418 1203 487 9,
1240 412 1328 483 2t)
1361 428 1373 465 :
1406 411 1535 467 illos
1583 413 1786 487 utique
1811 429 1968 485 quos
1997 413 2155 487 fures
2183 418 2239 467 et

585 484 1212 558 latrones'appellavit.
1240 486 1385 538 Nam
1417 484 1725 558 quomodo
1754 501 1872 558 non
1919 485 2239 558 audierunt

590 556 1103 632 Prophetas‘oves,
1131 558 1524 632 cum_con_stet
1544 557 1869 632 _Scripturi_s
1898 571 2109 632 omnes
2133 556 2239 632 bo:

588 625 996 689 nos'obedisse
1018 625 1342 697 Prophetis,
1368 630 1423 679 et
1439 625 1633 697 malos
1654 625 2238 697 pseudoprophetis?

660 702 833 758 XXXV
861 696 1207 769 (a).—Quid
1239 702 1327 751 est
1358 701 1421 750 ut
1446 696 1855 752 admirabilem
1889 696 1944 751 et
1975 696 2239 769 incogni-

587 777 709 829 tam
738 767 1011 825 virtutem
1042 767 1328 831 facturus,
1349 770 1630 823 Lazarum
1664 769 1887 823 scilicet
1919 784 1954 821 a
1983 767 2236 823 mortuis

586 841 1063 904 resuscitaturus,
1098 838 1282 905 ﬂeret,
1324 845 1425 894 aut
1460 840 1657 895 locum
1708 841 1807 895 ubi
1846 839 2073 910 positus
2112 844 2239 895 erat

587 913 762 986 quasi
794 913 1038 986 ignarus
1062 916 1354 986 quaereret
1378 910 1561 981 (Joan.
1592 927 1670 974 xu,
1699 912 1786 986 34_,
1824 911 1963 986 35)_?

657 980 924 1039 Salvator
947 980 1103 1036 Deus
1128 986 1183 1035 et
1211 980 1395 1036 homo
1422 988 1526 1043 est,
1544 997 1613 1037 ac
1633 997 1738 1052 per
1762 982 1875 1036 hoc
1902 982 2056 1035 duas
2083 980 2237 1052 vices

584 1054 704 1124 egit
734 1069 970 1124 semper
1005 1064 1017 1104 :
1053 1058 1114 1106 ut
1144 1053 1285 1123 quia
1311 1052 1573 1124 hominis
1606 1051 1854 1107 aﬁ'ectus
1874 1053 2080 1124 habet,
2115 1051 2238 1122 plo-

586 1123 671 1181 ret
694 1125 828 1194 gsed
859 1123 1004 1196 quia
1028 1129 1089 1196 et
1118 1124 1273 1178 Deus
1304 1123 1623 1189 erat,hunc
1645 1140 1837 1196 quem
1856 1123 2019 1177 ﬂevit
2046 1138 2237 1196 resus-

585 1196 806 1253 citavit.
831 1194 1157 1251 Aiminimis
1187 1210 1326 1263 ergo
1357 1210 1596 1265 semper
1622 1197 1698 1250 ad
1724 1194 1954 1264 majora
1980 1194 2234 1258 venitur,

586 1274 649 1324 ut
665 1269 807 1339 quia
828 1268 1011 1339 homo
1032 1265 1403 1329 cernebatur,
1420 1266 1531 1321 hoc
1560 1267 2046 1339 reprobaretesse
2073 1265 2237 1335 quod

584 1337 935 1402 videbatur;
969 1338 1154 1391 Deum
1187 1343 1383 1390 autem
1420 1354 1482 1391 se
1514 1339 1793 1402 operibus
1823 1337 2153 1392 asserebat.

661 1410 864 1466 XXXVI
892 1409 989 1479 (b).
1008 1440 1065 1479 +
1088 1410 1232 1464 Cum
1256 1408 1716 1474 Salvatordicat,
1732 1409 1847 1478 Ego
1867 1424 1971 1478 pro
1990 1408 2065 1461 eis
2088 1423 2231 1477 rogo,

617 1499 710 1537 uos
752 1481 894 1535 mihi
941 1478 1178 1547 dedisti;
1206 1496 1312 1532 non
1347 1496 1449 1549 pro
1478 1480 1678 1535 mundo
1722 1496 1848 1549 rogo
1884 1480 2062 1549 (Joan.
2094 1495 2232 1542 xvu,

622 1557 680 1623 );
736 1552 999 1606 Joannes
1050 1549 1366 1623 apostolus
1418 1558 1644 1614 contra,
1692 1549 1975 1614 Habemus,
2020 1552 2232 1622 inquit,

583 1621 893 1678 advocatum
916 1622 1060 1691 apud
1078 1622 1318 1685 Patrem,
1333 1621 1726 1690 deprecatorem
1740 1638 1841 1691 pro
1857 1623 2089 1692 peccatis
2113 1637 2229 1692 nos-

588 1696 714 1761 tris,
740 1702 789 1748 et
816 1710 917 1747 non
947 1693 1123 1747 solum
1145 1709 1249 1763 pro
1278 1693 1498 1757 nostris,
1516 1693 1605 1746 sed
1635 1710 1736 1763 pro
1766 1695 2014 1747 universo
2040 1691 2235 1746 mundo

587 1767 631 1837 (Ι
656 1766 814 1820 Joan.
849 1781 909 1829 ιι,
946 1770 992 1828 1,
1026 1767 1079 1833 2)
1102 1782 1125 1837 _:
1158 1763 1271 1817 hoc
1302 1764 1669 1837 contrarium
1700 1764 1946 1819 videtur.

658 1837 941 1902 Quamvis
964 1832 1083 1889 non
1102 1834 1279 1903 longe
1300 1833 1597 1906 discrepet
1612 1851 1842 1899 sensus,
1860 1842 2057 1890 tamen
2072 1832 2236 1889 aliud

585 1915 672 1963 est
689 1906 854 1979 quod
876 1906 1016 1961 dicit
1038 1906 1323 1979 Salvator,
1342 1914 1397 1960 et
1416 1908 1576 1961 aliud
1598 1907 1759 1977 quod
1784 1907 2044 1979 afﬁrmat
2060 1921 2232 1979 apos-

585 1976 739 2035 tolus
775 1981 1052 2049 Joannes.
1086 1980 1233 2032 Nam
1265 1977 1537 2032 Salvator
1563 1976 1731 2046 rogat
1762 1994 1870 2049 pro
1902 1976 2230 2047 discipulis,

585 2055 649 2105 ut.
676 2066 712 2106 a
746 2051 888 2105 mali
916 2048 1291 2105 infestatioue
1318 2050 1419 2103 tuti
1444 2048 1798 2119 praestentur
1827 2049 2117 2119 :denique
2148 2049 2234 2102 sic

585 2122 725 2176 dicit
756 2137 769 2175 :
802 2120 927 2175 Non
965 2136 1091 2190 rogo
1120 2127 1179 2174 ut
1207 2119 1361 2174 tollas
1393 2136 1484 2176 eos
1513 2121 1574 2174 de
1607 2119 1822 2183 mundo,
1850 2120 1941 2175 sed
1973 2129 2033 2174 ut
2063 2135 2234 2173 serves

585 2208 667 2247 eos
703 2209 739 2246 a
779 2192 938 2246 malo.
976 2192 1292 2261 Apostolus
1325 2199 1523 2246 autem
1554 2194 1811 2246 Joannes
1853 2191 2013 2246 aliud
2044 2206 2232 2257 genus

582 2262 943 2335 precationis
973 2263 1198 2335 inducit
1231 2279 1242 2315 :
1272 2263 1354 2317 ait
1382 2279 1646 2334 namque
1674 2280 1686 2317 :
1721 2264 1988 2335 Habemus
2017 2261 2233 2335 advoca-

583 2332 721 2401 tum,
787 2334 850 2389 ui
876 2332 1106 2405 postulat
1128 2350 1230 2404 pro
1258 2335 1487 2404 peccatis
1514 2332 1731 2397 nostris,
1754 2340 1803 2389 et
1833 2334 1995 2389 totius
2020 2332 2230 2387 mundi.

583 2406 695 2461 Pro
743 2352 1092 2461 ghristianis
1135 2420 1277 2461 ergo
1330 2405 1552 2461 duplici
1598 2421 1812 2461 genere
1858 2405 2229 2461 DOStulatur;

581 2406 695 2463 Pro
743 2405 1092 2461 Christianis
1135 2420 1277 2473 ergo
1330 2405 1552 2476 duplici
1598 2421 1812 2474 genere
1858 2405 2229 2475 postulatur;

583 2477 1216 2558 quiaetpropeccatis
1248 2475 1483 2558 illorum
1508 2482 1802 2558 oratur,et
1829 2483 1890 2558 ut
1918 2475 2023 2531 tuti
2051 2492 2085 2555 a
2111 2476 2233 2530 dia-

582 2547 704 2605 boli
731 2547 1103 2604 infestatione
1126 2553 1497 2618 prmstentur.
1515 2549 1623 2602 Pro
1652 2548 1743 2602 his
1760 2555 1958 2602 autem
1980 2547 2082 2617 qui
2110 2561 2232 2600 non

582 2619 853 2684 credunt,
888 2621 1014 2674 haec
1045 2620 1171 2673 sola
1197 2619 1536 2689 deprecatio
1569 2625 1675 2683 est,
1709 2625 1770 2671 ut
1796 2635 1931 2689 cum
1967 2632 2073 2689 pro
2102 2633 2233 2687 pec-

582 2691 730 2747 catis
759 2692 881 2744 suis
911 2696 965 2744 et
1005 2689 1255 2759 perﬁdia
1282 2688 1459 2759 plecti
1492 2695 1879 2753 mererentur,
1906 2688 2143 2743 bonitas
2177 2693 2233 2743 et

583 2762 867 2833 patientia
896 2765 1188 2833 exspectet
1219 2760 1369 2833 illos,
1390 2761 1437 2813 si
1465 2760 1609 2814 forte
1636 2759 1816 2833 veiint
1840 2759 2073 2827 corrigi.
2100 2761 2229 2833 Non

581 2828 739 2887 enim
774 2828 1110 2901 postulatur
1140 2837 1202 2901 ut
1232 2831 1622 2898 ignoscantur
1651 2830 1761 2884 illis
1806 2836 2050 2901 peccata
2078 2828 2230 2884 difﬁ-

581 2899 886 2965 dentibus,
922 2899 1026 2955 sed
1059 2905 1121 2955 ut
1163 2900 1508 2956 dilationem
1539 2899 1836 2971 accipiant
1865 2900 2131 2970 longam,
2169 2905 2229 2955 ut

583 2974 629 3028 si
665 2988 728 3027 se
763 2972 1231 3036 emendaverint,
1274 2971 1648 3028 dimittantur
1685 2972 1798 3027 illis
1836 2973 2067 3028 delicta.
2108 2973 2229 3028 Hoc

583 3059 726 3113 ergo
750 3042 1017 3115 postulat
1046 3059 1155 3115 pro
1183 3043 1295 3115 illis
1322 3043 1607 3109 Salvator,
1641 3044 1804 3115 quod
1836 3044 2117 3099 diximus.

651 3114 890 3171 XXXVII
918 3115 1007 3185 (c).
1041 3145 1107 3155 —
1140 3114 1291 3180 Quid
1334 3120 1422 3170 est
1453 3120 1513 3170 ut
1536 3114 1802 3170 Salvator
1834 3116 1995 3171 dicat
2036 3114 2225 3171 Marias

577 3186 799 3243 volenti
831 3202 893 3241 se
932 3191 1173 3257 tangere
1202 3202 1386 3241 causa
1416 3187 1638 3255 gaudii,
1679 3186 1813 3243 Noti
1858 3204 1942 3242 me
1971 3194 2226 3257 tangere;

578 3257 814 3314 nondum
837 3260 979 3313 enim
1000 3257 1221 3313 ascendi
1240 3257 1311 3311 ad
1328 3257 1550 3313 Patrem
1565 3259 1741 3328 (Joan.
1769 3274 1866 3315 xx.
1889 3259 2032 3329 4.17)
2052 3274 2064 3321 ;
2085 3274 2221 3329 cum

575 3330 630 3387 le
676 3335 807 3387 atur
831 3346 865 3385 a
896 3331 1113 3384 caeteris
1144 3328 1491 3383 mulieribus
1518 3336 1573 3384 et
1597 3335 1787 3384 tactus
1809 3335 1865 3384 et
1887 3329 2171 3385 adoratus
2196 3328 2224 3382 ‘1‘

636 3346 977 3455 gdignantis
1007 3399 1194 3455 verba
1221 3406 1362 3455 sunt
1395 3400 1667 3455 dicentis.
1704 3400 1840 3455 Noli
1865 3417 1946 3455 me
1981 3408 2217 3455 tanaere.

674 3402 977 3471 dignantis
1007 3399 1194 3455 verba
1221 3406 1362 3455 sunt
1395 3400 1667 3465 dicentis,
1704 3400 1840 3455 Noli
1865 3417 1946 3455 me
1981 3408 2217 3470 tangere.

576 3474 863 3538 Quamvis
887 3471 1044 3527 enim
1069 3471 1433 3527 desideraret
1455 3471 1844 3535 Salvatorem,
1865 3472 1995 3526 aliis
2021 3478 2219 3527 tamen

574 3543 1066 3600 resurrectionem
1091 3543 1141 3613 ej
1154 3542 1761 3607 uscredentibus,hzec
1777 3544 1850 3598 ad
1867 3558 2219 3598 monumen~

580 3620 703 3672 tum
724 3614 920 3670 stabat
940 3614 1197 3685 plorans,
1220 3630 1405 3686 quam
1424 3614 1548 3686 jam
1577 3615 1835 3679 gaudere
1858 3618 2215 3686 oportuerat.

574 3686 857 3742 Audierat
898 3684 1055 3740 enim
1091 3702 1126 3740 a
1158 3684 1384 3756 Joanne
1412 3692 1467 3739 et
1497 3684 1666 3740 Petro
1705 3684 1991 3756 apostolis
2028 3702 2222 3741 resur-

575 3758 797 3813 rexisse
828 3757 1166 3812 Dominum.
1197 3755 1297 3815 Sic
1323 3756 1479 3811 enim
1511 3756 1697 3812 habes
1725 3755 1838 3810 {Et
1867 3757 2005 3810 vidit
2028 3757 2218 3811 lintea-

576 3830 730 3882 mina
750 3836 797 3882 et
818 3827 1104 3881 sudarium
1122 3828 1181 3880 in
1201 3845 1365 3882 unum
1394 3827 1581 3887 locum,
1607 3836 1655 3881 et
1676 3828 1909 3882 credidit
1933 3850 1949 3887 :
1984 3828 2219 3882 nondum

579 3899 721 3952 enim
745 3898 949 3951 sciebat
968 3898 1324 3968 Scripturam,
1347 3901 1474 3968 quia
1498 3899 1770 3969 oportebat
1792 3916 1911 3954 eum
1935 3917 1968 3953 a
1992 3900 2223 3954 mortuis

579 3985 883 4039 resurgere.
920 3969 1031 4024 Sed
1062 3970 1238 4041 maria
1259 3972 1401 4041 quia
1424 3985 1542 4024 non
1569 3970 1733 4025 illum
1767 3971 2008 4025 videbat
2030 3987 2221 4025 resur-

576 4041 819 4104 rexisse,
849 4054 967 4093 non
996 4039 1297 4094 credebat:
1322 4039 1549 4094 Nimius
1571 4044 1729 4095 enim
1756 4057 1927 4096 amor
1947 4041 2220 4097 dubitare

572 4110 736 4183 illam
751 4110 1299 4183 faciebatDenique
1321 4126 1473 4179 quos
1487 4111 1871 4183 diligimus,si
1890 4116 2220 4168 incommo-

576 4182 722 4238 dum
755 4182 1075 4255 patiantur,
1099 4182 1220 4255 non
1269 4197 1372 4237 eos
1404 4182 1651 4237 evadere
1682 4183 1978 4255 credimus
2029 4200 2220 4255 :quos

574 4253 772 4310 autem
799 4253 1057 4318 odimus,
1082 4253 1129 4307 si
1151 4256 1278 4321 jam
1306 4268 1493 4324 prope
1518 4258 1767 4309 mortem
1792 4254 1927 4317 sint,
1951 4253 2221 4310 incredu-

570 4325 693 4381 lum
714 4325 888 4381 nobis
912 4330 1017 4380 est.
1042 4324 1235 4381 Marias
1266 4340 1428 4394 ergo,
1448 4326 1736 4396 quoniam
1754 4325 2142 4396 obstupuerat
2164 4332 2221 4381 et

569 4412 893 4479 maerorem
905 4397 1853 4479 patiebaturnperamorem,quam
1880 4403 2219 4479 oportuerat

569 4469 739 4539 sequi
767 4467 1203 4539 discipulorum
1231 4467 1435 4532 ﬁdem,
1462 4467 1723 4538 primum
1749 4484 1811 4523 se
1833 4468 2089 4524 ostendit
2111 4469 2220 4524 Do-

568 4541 789 4604 minus,
821 4546 882 4594 ut
908 4539 1205 4595 desineret
1231 4556 1266 4592 ει
1298 4555 1571 4604 maerore,
1607 4555 1720 4595 non
1749 4544 1950 4595 tamen
1984 4539 2108 4595 sine
2132 4542 2219 4594 in-

570 4611 939 4679 dignatione.
974 4611 1114 4665 Hinc
1157 4610 1345 4674 audit,
1375 4610 1517 4665 Noli
1549 4627 1624 4666 me
1675 4618 1887 4681 tangere
1917 4631 1936 4667 :
1968 4611 2081 4666 hoc
2110 4617 2215 4676 est,

570 4681 883 4737 Carnalem
908 4697 1151 4737 sensum
1170 4682 1389 4753 quaeris
1413 4697 1425 4747 ;
1459 4681 1691 4736 abstine
1713 4688 1783 4747 te,
1815 4689 1868 4738 et
1890 4681 2220 4751 spiritualia

572 4767 823 4825 sequere
843 4768 978 4825 quae
1011 4768 1132 4807 non
1156 4752 1444 4825 videntur.
1468 4823 1477 4825 ξ
1499 4752 1773 4825 Nondum,
1794 4755 1957 4825 enim,
2003 4754 2214 4825 inquit,

572 4768 823 4824 sequere
842 4768 978 4878 quae
1011 4768 1132 4807 non
1156 4768 1444 4807 Videntur.
1499 4768 1750 4808 nondum
1794 4770 1957 4816 enim,
2003 4768 2214 4825 inqun,

571 4822 837 4895 ascendia
904 4824 1153 4880 Patrem.
1195 4823 1329 4879 Tale
1356 4823 1600 4887 esthoc,
1636 4823 1812 4895 quale
1867 4824 2011 4879 illud
2062 4825 2217 4879 beati

568 4894 818 4952 Joannis
847 4895 1124 4966 Baptistae
1164 4894 1445 4949 mittentis
1494 4894 1818 4965 discipulos
1852 4912 1993 4949 suos
2025 4896 2102 4950 ad
2132 4898 2212 4950 Je-

570 4984 729 5032 sum,
757 4971 815 5022 et
838 4966 1089 5021 dicentis
1124 4982 1136 5020 :
1170 4966 1272 5032 Ite,
1304 4966 1488 5029 dicite,
1521 4967 1755 5020 Joannes
1798 4967 2049 5037 Baptista
2070 4967 2218 5022 misit

569 5055 668 5096 nos
696 5038 767 5094 ad
802 5045 871 5103 te,
895 5037 1093 5103 dicens,
1127 5037 1210 5092 Tu
1239 5053 1291 5091 es
1318 5037 1412 5106 qui
1440 5044 1699 5092 venturus
1725 5055 1795 5103 es,
1835 5054 1906 5092 an
1931 5038 2105 5093 alium
2130 5055 2219 5092 ex-

565 5118 865 5182 spectamus
896 5110 1051 5181 (Luc.
1085 5124 1180 5175 v11,
1221 5110 1304 5182 t9,
1332 5108 1421 5180 ‘20)
1453 5108 1479 5162 ?
1510 5107 1634 5163 Sub
1661 5126 1768 5163 sua
1792 5125 2069 5179 persona,
2097 5110 2219 5164 dis-

570 5180 913 5255 cipulorum
932 5197 1175 5255 suorum
1200 5180 1320 5247 agit
1346 5196 1619 5255 causam.
1647 5183 1758 5255 Ne_c
1774 5182 1931 5255 enim
1956 5182 2219 5255 Joannes

568 5251 907 5317 dubitabat,
940 5253 1042 5323 qui
1068 5252 1320 5315 dixerat,
1352 5251 1488 5306 Ecce
1508 5252 1827 5323 AgnusDei,
1844 5268 1952 5306 ecce
1971 5254 2066 5323 qui
2076 5253 2221 5308 tottit

568 5269 907 5317 dubitabat,
986 5269 1320 5315 uinixerat,
1352 5269 1488 5306 uoce
1508 5269 1952 5323 agnusuei,ecce
2004 5269 2220 5308 uztouu

562 5332 787 5396 peccata
810 5269 1001 5380 mundi
1023 5323 1275 5396 (Joan._‘i,
1304 5326 1391 5379 29)
1427 5340 1439 5396 _:
1474 5324 1579 5378 sed
1614 5329 1696 5396 Aut
1733 5269 2043 5396 discipufis
2099 5324 2220 5378 suis

567 5393 951 5461 satisfaceret,
983 5396 1157 5450 mittit
1187 5393 1316 5449 illos
1349 5393 1471 5447 suis
1504 5394 1720 5457 verbis,
1784 5401 1846 5449 ut
1901 5394 2222 5451 Salvatoris

570 5480 671 5522 ore
701 5468 959 5524 firmaret
984 5466 1148 5538 quod
1175 5466 1301 5537 ipse
1333 5464 1406 5520 de
1436 5464 1535 5521 illo
1564 5465 1839 5531 docebat,
1871 5472 1933 5522 ut
1962 5472 2099 5539 post
2128 5483 2225 5523 ex-

654 5564 705 5612 al
733 5564 891 5612 Deest
915 5565 968 5612 in
994 5564 1183 5612 iisdem
1212 5563 1338 5612 Mss.

655 5624 701 5676 bl
738 5624 896 5673 Deest
919 5627 972 5673 in
998 5625 1188 5674 iisdem
1218 5624 1342 5676 Mss.

652 5684 695 5756 ο)
724 5684 884 5735 Deest
914 5686 971 5733 in
994 5687 1119 5735 Mss.
1150 5687 1561 5751 primigeneris.

630 5562 650 5756 Ξ

1438 140 1921 213 ΟΗᾸΞΞΤΙΟΝΗΜ
1962 143 2054 202 EX
2093 140 2285 203 Νονο
2326 142 2530 202 TEST.
2580 141 2765 202 PARS
2804 140 3158 203 SECUNDA.

3814 152 3916 213 2408

2353 284 2589 347 cessum
2622 286 2799 325 suum
2828 271 2953 325 sine
2979 269 3351 347 dubitatione
3375 270 3577 347 aliqua
3602 273 3837 347 discipuli
3855 284 3918 338 sui

2352 340 2649 395 Christum
2682 349 3094 413 sequerentur.
3134 345 3218 398 Ita
3239 348 3330 397 est
3367 340 3627 399 Salvator
3654 346 3707 400 in
3726 340 3921 407 setm-

2351 412 2500 467 riam
2533 412 2746 481 arguit,
2768 412 3004 478 dicens,
3035 413 3295 468 Nondum
3319 414 3526 468 escendi
3551 416 3618 470 ad
3638 416 3823 474 Puram
3846 424 3921 478 :id

2351 489 2460 559 est,
2496 483 2704 538 Adhuc
2730 491 3033 559 cor__tuum
3050 485 3217 559 humi
3235 500 3499 559 pressum
3515 494 3617 551 est,
3641 504 3759 559 quae
3785 492 3920 549 sinon

2351 554 2537 617 vides,
2571 569 2691 629 non
2711 556 2925 629 credis.
2961 558 3017 613 Si
3049 557 3207 611 enim
3236 554 3323 629 ad!
3342 560 3533 629 Deum
3557 554 3917 629 cor'elevasset,

2350 626 2739 680 resurrexisse
2774 628 3091 682 Dominum
3123 643 3262 682 cum
3293 627 3591 697 discipulis
3617 626 3921 690 credidisset.

2422 697 2811 772 XXXVllI_(a).
2828 768 2840 772 Δ
2862 729 2929 738 -
2962 698 3280 772 Quomon
3331 699 3679 772 intelligitur,
3704 704 3839 772 quod
3857 705 3923 759 di-

2352 776 2516 846 cente
2566 769 2741 823 Maria
2769 768 2845 824 ad
2877 770 3179 846 angelum.
3231 770 3306 846 Et
3331 770 3489 846 _unde
3519 770 3608 846 hoc
3645 768 3801 846 sciam.
3829 777 3922 846 quia

2350 840 2532 917 virum
2561 856 2665 893 non
2695 841 2914 911 cognovi
2942 841 3293 917 ?respondit
3321 841 3550 917 Gabriel
3573 844 3809 917 angelus,
3831 840 3921 917 Spi-

2349 910 2494 982 ritus
2512 917 2729 982 sanctus
2760 910 3116 982 superveniet
3170 911 3231 966 in
3297 917 3363 977 te,
3419 920 3467 967 et
3497 910 3675 968 virtus
3707 910 3923 972 Altissimi

2348 980 2684 1036 obumbrabit
2714 980 2813 1035 tibi
2839 980 2863 1032 ?

2419 1054 2523 1107 Am
2533 1052 2754 1126 bigenti
2772 1053 2961 1126 Mariae
2979 1052 3053 1107 de
3074 1058 3387 1126 conceptu,
3414 1054 3833 1125 possibilitatem
3849 1075 3923 1113 an-

2350 1125 2518 1194 gelus
2542 1124 2829 1194 praedicat
2858 1124 3085 1189 dicens,
3118 1129 3234 1182 etc.

2420 1196 2617 1271 XXXIX
2658 1194 2754 1266 (b).
2797 1225 2863 1235 —
2918 1197 3335 1271 Qua__ratione
3388 1197 3536 1265 Magi
3585 1196 3811 1271 Chaldaei
3850 1216 3925 1271 per

2349 1266 2576 1321 stellam
2629 1272 3017 1336 apparentem
3051 1268 3343 1323 Christum
3396 1283 3593 1336 regem
3644 1266 3922 1325 Judeeorum

2348 1342 2558 1413 natum
2585 1338 2997 1413 intellexerunt
3025 1355 3037 1403 ;
3071 1355 3209 1395 cum
3234 1338 3399 1395 stella
3428 1339 3621 1394 indice
3647 1343 3925 1413 temporalis

2348 1424 2446 1463 rex
2477 1408 2822 1477 designetur
2850 1407 2878 1462 ‘l‘

2420 1480 2483 1534 Hi
2516 1480 2667 1547 Magi
2695 1480 2955 1536 Chaldiei
2982 1496 3103 1535 non
3125 1479 3540 1536 malevolentia
3553 1488 3815 1537 astrorum
3831 1498 3926 1538 cur-

2348 1567 2504 1615 sum,
2525 1551 2626 1605 sed
2671 1567 2865 1606 rerum
2900 1552 3237 1607 curiositate
3269 1551 3734 1622 speculabantur.
3766 1559 3852 1607 etc.

2414 1624 2500 1678 XL
2521 1622 2593 1692 (ο)
2613 1653 2729 1695 ._—
2760 1623 2913 1695 Quid,
2943 1623 3056 1677 sibi
3110 1626 3233 1678 vult
3286 1630 3348 1678 ut
3377 1623 3557 1678 Isaias
3598 1624 3850 1695 propheta
3872 1625 3927 1679 de

2346 1694 2574 1750 Christo
2604 1694 2782 1757 dicat,
2812 1694 2917 1759 Qui
2938 1701 3208 1764 peccatum
3233 1710 3337 1748 non
3363 1696 3496 1762 fecit
3518 1712 3537 1759 ;
3567 1694 3754 1750 contra
3772 1701 3925 1751 autem

2344 1764 2677 1837 Apostolus,
2711 1765 2820 1837 Qui
2837 1773 3129 1836 peccatum,
3168 1766 3379 1837 inquit,
3408 1766 3683 1835 nesciebat,
3710 1774 3927 1837 peccatum

2340 1835 2442 1908 pro
2470 1835 2617 1890 nobis
2643 1835 2778 1905 fecit
2801 1835 2828 1889 ‘2

2415 1910 2719 1972 Quantum
2770 1908 2846 1962 ad
2880 1908 3257 1978 propositum
3315 1908 3586 1978 pertinet,
3636 1923 3742 1963 non
3776 1908 3926 1962 solum

2345 1980 2527 2033 verba
2548 1978 2906 2049 discrepant,
2937 1980 3037 2033 sed
3059 1987 3114 2033 et
3135 1994 3411 2049 personas
3433 1978 3674 2035 diversa:
3688 1986 3822 2039 sunt.
3843 1984 3925 2033 etc.

2419 1995 2527 2033 roa
2548 1995 2906 2049 discrepant,
2937 1995 3037 2033 sea
3059 1995 3114 2033 et
3178 1995 3411 2034 ersonas
3433 1995 3674 2035 diversa:
3688 1995 3822 2039 sum.
3843 1995 3925 2033 etc.

2417 2052 2522 2105 XLl
2550 2049 2649 2121 (ἀ).
2686 2079 2756 2091 -
2789 2052 2949 2104 Certe
2983 2050 3087 2121 qui
3116 1995 3274 2105 Iiplius
3317 2050 3418 2106 Dei
3472 2064 3590 2105 non
3628 2056 3723 2113 est,
3752 2049 3927 2104 diaboli

2343 2127 2431 2176 est
2462 2138 2474 2175 :
2511 2136 2746 2192 semper
2776 2135 2916 2189 ergo
2947 2121 3103 2175 ﬁlius
3128 2133 3238 2182 est,
3268 2121 3370 2175 sed
3390 2121 3707 2192 aliquando
3736 2121 3926 2183 Dei,ali-

2342 2192 2585 2263 quando
2614 2192 2858 2247 diaboli.
2887 2192 3039 2257 Quid
3061 2207 3204 2264 ergo
3219 2192 3544 2257 nascimur,
3567 2192 3925 2264 requirendum

2344 2270 2431 2320 est
2463 2269 2658 2318 utrum
2682 2263 2783 2317 ﬁlii
2818 2264 2934 2333 Dei,
2965 2279 3043 2319 an
3066 2263 3312 2329 diaboli,
3334 2279 3413 2319 an
3445 2264 3605 2319 aliud
3639 2263 3862 2326 tertium,
3889 2264 3923 2316 si

2344 2335 2531 2406 possit
2563 2335 2816 2389 admitti.

2416 2406 2729 2477 Dominus:
2759 2421 2897 2461 cum
2960 2404 3061 2459 ﬁlii
3120 2404 3925 2477 Israelnsaepedelinquerent

2343 2476 2538 2531 educti
2564 2478 2635 2531 de
2667 2475 2944 2547 lEgypto.
2982 2478 3189 2541 iratus,
3224 2475 3460 2532 nullum
3506 2476 3726 2532 illorum
3752 2475 3922 2531 terram

2344 2549 2753 2619 promissionis
2785 2552 3002 2602 intrare
3029 2547 3318 2619 permisit,
3351 2554 3465 2602 etc.

2414 2619 2557 2673 XLII
2589 2620 2682 2687 (e).
2719 2649 2782 2658 —
2817 2618 3217 2683 Quaerendum
3268 2634 3347 2689 an
3400 2618 3673 2689 Spiritum
3701 2622 3922 2672 sanctum

2340 2689 2658 2744 habuerint
2687 2690 2949 2760 Apostoli
2995 2696 3261 2761 tempore
3293 2688 3391 2744 illo
3445 2688 3566 2761 quo
3591 2690 3923 2745 fueruntcum

2343 2762 2615 2825 Domino,
2646 2765 2757 2815 etc.

2414 2833 2476 2887 In
2508 2832 2599 2886 his
2631 2830 2916 2886 omnibus
2938 2847 3073 2903 quae
3100 2831 3407 2903 proposita
3440 2836 3599 2901 sunt,
3617 2847 3725 2887 non
3749 2846 3848 2903 una
3862 2832 3925 2903 est

2414 2848 2476 2887 in
2508 2848 2599 2886 nis
2631 2848 2916 2886 omnibus
2938 2848 3073 2903 qua:
3100 2848 3407 2958 proposita
3440 2848 3599 2901 sunt,
3617 2848 3725 2887 non
3749 2848 3848 2886 una
3862 2848 3923 2883 est

2338 2920 2542 2959 causa.
2568 2904 2819 2958 Breviter
2842 2903 3001 2957 enim
3031 2903 3202 2972 singu
3230 2919 3402 2959 arum
3436 2919 3745 2959 causarum
3784 2899 3923 2970 signi-

2338 2975 2529 3030 ficatus
2559 2980 2697 3029 sunt
2723 2976 2945 3038 formas,
2979 2981 3093 3028 etc.

2406 3046 2565 3127 XLItI
2781 3045 3152 3127 paratione
3169 3044 3523 3116 responderi
3547 3044 3721 3117 possit
3741 3044 3924 3098 Arianae

2338 3116 2625 3186 impietati
2651 3116 2997 3186 simpliciter
3020 3132 3093 3171 ex
3112 3116 3282 3185 Lege.

2407 3189 2463 3243 Si
2491 3187 2701 3243 rationi
2733 3188 2881 3242 ﬁdes
2930 3187 3444 3251 accommodetur,
3507 3187 3633 3258 ipsa
3664 3187 3921 3242 nominum

2333 3262 2485 3315 ratio
2516 3259 2701 3314 Patris
2728 3265 2784 3313 et
2806 3258 2927 3314 Filii
2956 3259 3229 3315 ostendet
3256 3260 3573 3322 unitatem,
3605 3265 3713 3313 etc.

2403 3331 2556 3386 XLIV
2586 3330 2685 3401 (g).
2712 3362 2779 3371 ——
2800 3331 2945 3384 Cum
2970 3330 3334 3401 Salvatorem
3352 3337 3563 3401 natum
3576 3328 3921 3401 proﬁteamur,

2380 3402 2474 3456 uid
2500 3398 2689 3475 estut
2716 3402 3033 3475 Apostolus
3063 3400 3284 3475 factum
3318 3417 3462 3475 eum
3489 3398 3647 3475 dicat
3666 3416 3731 3475 ex
3748 3398 3922 3475 semine

2380 3418 2474 3456 uin
2510 3418 2595 3455 esr
2626 3418 2689 3456 ut
2716 3418 3033 3472 Aposroms
3063 3418 3284 3456 tactum
3318 3418 3462 3456 eum
3489 3418 3647 3456 alca:
3666 3418 3727 3455 ex
3748 3418 3921 3453 semine

2332 3418 2518 3528 David
2537 3472 2711 3543 (Rom.
2741 3472 2869 3547 1,_3)
2896 3488 2909 3535 ;
2938 3489 3077 3547 cum
3094 3473 3256 3547 aliud
3285 3474 3359 3547 sit
3399 3471 3550 3534 ﬁeri,
3582 3472 3734 3547 aliud
3764 3466 3921 3547 nasci?

2404 3542 2761 3614 Quanquam
2793 3542 2906 3598 hcc
2937 3543 3067 3599 loco
3092 3545 3279 3614 possit
3308 3542 3838 3614 facturanativitatis
3860 3542 3923 3593 in-

2332 3615 2515 3693 teliigi
2552 3634 2564 3668 :
2593 3611 2823 3693 iactura
2846 3615 3006 3693 enim
3033 3632 3067 3670 a
3093 3611 3478 3693 generatione
3510 3611 3919 3693 distatquidetn}

2332 3687 2435 3741 sed
2466 3688 2523 3742 in
2553 3687 2681 3742 aliis
2715 3685 2913 3741 causis
2944 3702 3065 3741 non
3095 3685 3400 3741 ubicarnis
3423 3690 3481 3741 et
3511 3685 3760 3756 corporis
3790 3685 3922 3756 verti-

2334 3761 2637 3832 turratio:
2670 3758 2986 3828 Apostolus
3018 3763 3222 3832 tamen
3248 3773 3366 3832 non
3414 3758 3544 3832 sine
3581 3752 3750 3832 causa
3778 3752 3921 3832 taliter

2330 3830 2527 3884 verbis
2553 3829 2786 3883 locutus
2809 3834 2930 3893 est;
2964 3830 3108 3899 quia
3128 3834 3185 3883 et
3210 3828 3269 3882 in
3295 3828 3412 3883 alio
3446 3828 3591 3899 loco,
3621 3828 3920 3899 Factumlin-

2332 3903 2478 3975 quit,
2510 3900 2817 3975 exmutiere
2832 3894 3035 3975 (Gata't.
3060 3916 3138 3963 ιν,
3159 3902 3211 3975 le)
3262 3898 3504 3975 Aliquid
3528 3914 3664 3971 ergo
3682 3894 3922 3975 signiﬁca-

2333 3970 2413 4027 vit
2439 3973 2551 4027 hoc
2575 3972 2752 4026 dicto.
2787 3972 3077 4035 Quoniam
3107 3973 3264 4024 enim
3299 3986 3421 4027 non
3455 3970 3714 4025 humano
3742 3970 3919 4021 semine

2330 4050 2607 4098 concreta
2638 4058 2777 4097 caro
2808 4042 3038 4095 Domini
3061 4046 3152 4097 est
3176 4042 3232 4096 in
3263 4048 3431 4097 utero
3458 4041 3722 4111 Virginis,
3752 4046 3922 4111 etcoro

2331 4131 2445 4196 pus
2470 4112 2697 4196 eﬁ‘ecta,
2732 4113 2835 4196 sed
2866 4111 3076 4196 effectu
3109 4118 3163 4196 et
3195 4114 3443 4196 virtute“
3464 4110 3919 4196 saneti‘Spiritus;

2329 4183 2465 4241 ideo
2492 4187 2574 4239 sic
2606 4185 2837 4239 locutus
2869 4190 2954 4239 est
2980 4184 3314 4254 Apostolus.
3356 4185 3536 4241 Aliud
3584 4190 3669 4238 est
3692 4183 3828 4236 enim
3857 4192 3923 4230 se-

2332 4258 2491 4312 mine
2524 4256 2788 4311 admixto
2822 4256 3176 4326 sanguinem
3216 4259 3559 4325 coagulare,
3592 4260 3645 4309 et
3671 4262 3920 4323 generare.

2331 4334 2385 4383 et
2411 4328 2571 4383 aliud
2603 4342 2722 4381 non
2776 4328 3185 4395 permixtione,
3247 4329 3350 4382 sed
3388 4330 3597 4384 virtute
3652 4334 3919 4394 procreare.

2330 4400 2472 4472 Ideo
2498 4398 2718 4472 factum
2748 4397 2945 4472 potius
2976 4396 3123 4472 dixit
3146 4414 3331 4469 quam
3353 4400 3629 4472 genitum
3661 4398 3699 4449 ².
3724 4466 3755 4472 _
3797 4462 3806 4472 θ

2402 4471 2540 4524 XLV
2565 4469 2661 4543 (Ii).
2699 4460 2765 4509 -Σ
2798 4469 2851 4524 Si
2879 4484 2951 4523 ex
2973 4460 3198 4543 semine
3220 4460 3409 4526 David
3435 4470 3694 4526 Christus
3722 4462 3807 4521 Dei
3833 4460 3923 4543 iac-

2332 4546 2426 4595 tus
2459 4546 2543 4595 est
2568 4541 2741 4595 Filius
2771 4539 3101 4594 secundum
3130 4556 3393 4605 carnem,
3424 4544 3539 4598 hoc
3554 4539 3922 4602 estnatusjam

2333 4612 2513 4667 Filius
2546 4612 2645 4665 Dei
2677 4616 2767 4683 est
2797 4610 2855 4665 in
2898 4616 3170 4683 utroque,
3197 4614 3337 4682 quia
3369 4610 3920 4683 sanctiﬁcatusnatus

2332 4689 2421 4738 est
2442 4700 2454 4737 :
2474 4682 2798 4754 quomodo
2803 4696 2944 4750 ergo
2948 4677 3273 4754 postquam
3291 4683 3626 4754 baptizatus
3638 4677 3921 4754 est,dictum

2331 4754 2383 4809 ei
2412 4770 2455 4826 ar
2480 4746 2597 4808 Deo
2629 4759 2735 4816 est,
2756 4752 2834 4826 Tu
2860 4746 2918 4826 ei!
2938 4746 3307 4826 Filius-meus,
3326 4746 3416 4826 ego
3441 4754 3593 4810 hodie
3616 4746 3769 4824 genui
3790 4746 3872 4826 te?

2404 4825 2664 4897 Christus
2694 4823 2866 4877 Filius
2892 4824 2991 4878 Dei
3017 4823 3644 4897 secundum'spiritum
3659 4839 3723 4897 ex
3746 4824 3920 4897 tetequ

2330 4902 2438 4960 est,
2460 4896 2630 4966 juxta
2658 4910 2899 4949 carnem
2913 4900 3111 4951 autem
3133 4896 3232 4952 Dei
3261 4880 3436 4952 Filius
3454 4880 3532 4953 ex
3553 4896 3764 4951 semine
3786 4880 3925 4943 David

2331 4973 2417 5023 est
2441 4984 2512 5022 ex
2548 4966 2875 5031 nativitate,
2908 4973 3019 5022 etc.

2392 5068 2406 5098 ί
2443 5064 2599 5113 Morel
2612 5062 2850 5128 afﬁrmat
2868 5063 3176 5126 legendum,
3203 5066 3329 5128 ipse.
3357 5066 3475 5115 Vid.
3504 5065 3747 5115 Element.
3775 5055 3918 5108 Crititu

2333 5126 2958 5262 pagﬁgzgmanensis,
2982 5189 3172 5262 factum
3192 5192 3323 5239 dixit
3342 5191 3464 5262 quia
3488 5189 3779 5262 ingenitum.

2395 5236 2475 5317 (ἀί
2491 5236 2726 5317 ilabetur
2744 5236 2909 5317 supra
2926 5236 3694 5317 nter-'p'r‘t‘aa'v‘sigaag3am
3709 5236 3922 5313 quam.

2397 5316 2464 5377 (b)
2493 5314 2644 5377 Ibid.,
2664 5315 2856 5377 qumst.
2890 5314 2967 5362 63.

2398 5376 2460 5438 (c)
2496 5376 2647 5431 lbid..
2680 5376 2874 5438 quaest.
2912 5377 2989 5425 74.

2419 5440 2469 5500 ἀ)
2511 5438 2662 5494 lbid..
2690 5441 2878 5500 quaest.
2906 5439 2989 5488 80.

2492 5486 2724 5574 ἐξέρεὼῦ
2741 5486 3056 5574 supra‘ipter
3069 5501 3239 5565 primo
3252 5501 3521 5566 volgatas,
3532 5501 3685 5564 juxta
3695 5494 3853 5560 quiest.
3864 5486 3919 5533 93.

2403 5566 2461 5626 (Ῑ)
2496 5564 2647 5618 lbid..
2670 5566 2865 5636 quaest.
2897 5565 3003 5635 97..
3355 5564 3371 5566 ⁷

2403 5626 2476 5738 fit
2488 5626 2899 5738 ξιξἔὲἒαῖεέἑῇ
2919 5640 3061 5738 ἂιτέἐῖ
3070 5629 3557 5738 ἓὲἓὲῗέἰηιαεά

2404 5670 2476 5753 δή
2488 5670 2899 5752 adiicitur—supra
2919 5670 3061 5741 {die}
3071 5670 3597 5755 bﬁEé'iiigmsJu
3606 5688 3692 5737 xta
3706 5670 3921 5748 quast.“-
