4158 6204
181 210 327 273 2413

258 323 369 377 LIV
389 323 487 394 (α).
522 352 589 363 -
614 321 929 394 Apostolus
953 320 1091 394 dicit
1123 319 1421 394 Christum
1487 334 1597 392 pro
1645 320 1837 377 omni-

179 392 299 447 bus
325 392 631 450 mortuum
661 392 791 449 esse
831 411 843 446 :
876 394 958 447 sic
992 393 1152 447 enim
1180 393 1280 457 ait,
1312 395 1459 464 Ergo
1486 406 1661 447 omnes
1696 406 1839 446 mor-

180 465 267 518 tui
296 471 443 530 sunt,
478 473 525 519 et
546 482 644 535 pro
662 464 901 519 omnibus
921 472 1164 536 mortuus
1183 473 1255 519 est
1274 466 1342 536 (ll
1373 468 1500 520 Cor.
1532 480 1587 536 v,
1612 465 1699 530 14,
1730 466 1831 536 15).

181 536 313 605 Ipse
342 552 479 590 vero
513 534 793 591 Dominus
826 538 922 600 ait,
978 535 1129 590 Venit
1186 534 1367 591 Filius
1418 534 1647 589 hominis
1704 535 1837 587 dare

180 607 423 660 animam
452 624 602 661 suam
620 607 1032 676 redemptionem
1044 624 1145 677 pro
1169 607 1353 662 multis
1372 608 1589 677 (Matth.
1606 622 1703 669 xx,
1720 608 1833 677 '28).

180 680 303 732 Hoc
337 680 516 733 modo
549 681 941 732 contrarium.

257 750 441 804 Verba
454 750 698 820 quidem
721 749 954 804 diversa
976 753 1134 813 sunt,
1162 750 1267 805 sed
1301 765 1455 805 unus
1480 754 1568 803 est
1588 762 1831 813 sensus;

180 820 491 889 quomodo
520 820 733 875 iterum
765 820 949 876 verba
998 822 1209 877 eadem
1257 822 1559 877 diversum
1610 820 1837 873 habent

180 906 447 955 sensum,
477 897 705 962 utputa,
741 892 903 946 Omne
922 892 1065 962 quod
1094 906 1199 949 non
1224 900 1299 946 est
1328 908 1393 946 ea)
1420 892 1539 962 ﬁde,
1562 898 1833 962 peccatum

180 970 259 1017 est
280 964 454 1033 (Rom.
485 960 595 1026 xiv,
622 964 715 1031 23)
743 980 755 1027 ;
784 968 858 1028 et,
882 960 1009 1027 Lex,
1040 964 1140 1027 ait,
1183 980 1284 1019 non
1305 970 1379 1017 est
1404 960 1468 1017 ea:
1492 963 1593 1033 ﬁde
1624 960 1831 1031 (Gatat.

178 1047 261 1101 ιιι,
297 1038 399 1104 t2),
429 1050 537 1089 nec
572 1042 773 1089 tamen
806 1042 1116 1105 peccatum
1162 1042 1270 1090 est.
1300 1036 1417 1091 Hos
1480 1048 1621 1103 ergo
1676 1045 1831 1105 quos

179 1105 401 1160 multos
433 1105 578 1177 dixit
608 1104 895 1171 Salvator,
937 1107 1099 1175 ipsos
1148 1107 1465 1177 Apostolus
1513 1118 1726 1159 omnes
1754 1104 1835 1157 si-

177 1176 501 1246 gniﬁcavit.
536 1177 691 1232 Multi
718 1177 878 1231 enim
911 1183 1065 1241 sunt,
1099 1176 1239 1246 quia
1266 1178 1535 1233 maxima
1570 1190 1710 1246 pars
1762 1188 1833 1229 ex

176 1249 346 1302 omni
385 1248 610 1319 populo
638 1254 694 1301 et
725 1252 896 1318 gente
924 1249 1217 1303 creditura
1245 1248 1651 1319 estSalvatori.
1686 1246 1831 1301 Istos

174 1320 504 1389 Apostolus
535 1319 842 1373 credentes
884 1334 1095 1373 omnes
1132 1320 1516 1389 nuncupavit.
1547 1318 1641 1389 Sic
1670 1319 1831 1371 enim

178 1387 330 1445 inter
367 1396 579 1445 caetera
610 1390 708 1455 ait,
742 1390 854 1444 Pro
877 1390 1119 1444 omnibus
1152 1387 1393 1445 mortuas
1427 1396 1536 1458 est;
1583 1387 1675 1442 his
1728 1388 1833 1441 uti-

171 1474 296 1531 que
326 1462 427 1532 qui
460 1462 839 1516 crediderunt
870 1468 925 1515 et
956 1462 1233 1516 credituri
1260 1467 1412 1515 sunt.
1451 1464 1541 1515 Est
1572 1461 1749 1532 etiam
1778 1461 1834 1513 et

174 1529 300 1613 pro.
321 1529 475 1613 ipsis
492 1538 782 1613 mortuus,
814 1532 915 1603 qui
940 1533 1196 1613 .credere
1247 1535 1457 1613 nolunt
1488 1547 1499 1584 :
1526 1531 1628 1585 sed
1684 1529 1833 1583 dum

171 1602 259 1657 illi
288 1603 643 1657 beneficium
672 1618 791 1657 non
838 1602 1147 1674 recipiunt,
1200 1603 1407 1658 nolunt
1437 1617 1546 1673 pro
1578 1618 1639 1656 se
1670 1616 1834 1655 mor-

172 1679 352 1731 tuum
379 1690 509 1728 esse
540 1674 832 1730 Christum
862 1690 875 1738 ;
902 1689 970 1729 ac
1004 1689 1107 1738 per
1134 1675 1248 1729 hoc
1273 1688 1394 1729 non
1422 1674 1654 1727 videtur
1674 1686 1832 1726 mor-

170 1751 318 1799 tuus
350 1761 458 1814 pro
484 1745 593 1811 his,
627 1745 849 1816 quibus
876 1744 1019 1799 nihil
1061 1744 1301 1815 profuit,
1333 1744 1438 1816 sed
1491 1744 1833 1816 magis__ob-

173 1816 305 1871 fuit.
340 1813 446 1870 Pro
478 1817 570 1871 his
610 1813 811 1870 autem
844 1816 953 1870 rite
992 1813 1263 1871 mortuus
1316 1815 1552 1881 dicitur,
1612 1813 1833 1885 quibus

174 1887 471 1957 acquisita
502 1887 742 1941 victoria
768 1890 875 1949 est,
909 1888 1010 1957 qui
1038 1887 1430 1956 intelligentes
1461 1886 1829 1956 mysterium,

172 1956 296 2013 Deo
323 1958 544 2027 gratias
575 1956 853 2023 referunt,
888 1956 992 2028 per
1023 1960 1316 2014 Christum
1351 1958 1666 2013 Dominum
1701 1971 1833 2010 nos-

178 2035 370 2085 trum.

249 2100 337 2153 LV
367 2097 445 2169 (ἁ.
470 2098 489 2169 )
518 2128 582 2138 --
603 2099 717 2153 Cur
739 2098 1044 2169 apostolus
1072 2097 1287 2154 Paulus
1322 2099 1562 2153 Petrum
1616 2111 1835 2169 ooapo:

178 2167 398 2225 stolum
450 2167 623 2224 suum
686 2167 1083 2242 reprehendit,
1130 2170 1293 2242 quod
1342 2170 1556 2242 timens
1581 2167 1835 2242 eosqui

174 2248 343 2297 erant
366 2257 437 2295 ex
458 2238 929 2306 circumcisione,
955 2238 1347 2297 subtrahebat
1368 2257 1428 2295 so
1452 2257 1487 2297 a
1503 2238 1833 2294 Gentilibus

176 2314 390 2393 (Galat.
420 2330 475 2376 II,
504 2316 595 2392 it,
626 2314 732 2393 ili),
762 2328 900 2366 cum
926 2320 981 2393 et
1013 2313 1143 2393 ipse
1175 2314 1390 2393 timens
1414 2312 1837 2393 eosquierant

175 2400 250 2439 ex
320 2382 794 2447 circumcisione,
846 2383 1148 2454 accipiens
1221 2382 1593 2438 circumcidit
1645 2384 1837 2437 Timo-

177 2456 408 2517 theum,
439 2455 601 2525 quod
630 2455 754 2508 fieri
781 2454 1137 2524 prohibebat
1163 2455 1308 2523 (Aet.
1337 2470 1454 2519 xv1,
1487 2455 1540 2525 3)
1562 2455 1590 2510 ?
1627 2459 1683 2508 et
1708 2454 1835 2524 ipse

179 2541 323 2593 ergo
352 2525 880 2596 reprehendendus
914 2531 1002 2579 est
1031 2526 1060 2581 ‘P

253 2593 599 2651 Incredibile
612 2603 701 2651 est
716 2602 942 2651 tantum
963 2594 1303 2666 apostolum
1322 2593 1380 2649 in
1394 2608 1465 2648 eo
1477 2593 1725 2648 alterum
1742 2606 1837 2647 re-

178 2668 591 2741 prehendisse,
624 2669 679 2741 in
714 2683 833 2741 quo
864 2683 924 2721 se
970 2665 1145 2720 seiret
1193 2665 1604 2741 succubuisse.
1654 2667 1835 2741 [ioca

178 2736 303 2794 tam
340 2755 564 2808 magno
597 2739 720 2793 viro
736 2736 991 2802 factum,
1023 2752 1141 2791 non
1161 2736 1354 2791 estfas
1380 2736 1664 2808 credere;
1690 2736 1835 2806 quia

177 2812 250 2865 iis
308 2806 739 2880 competit‘qui
798 2809 1379 2880 carnaliterrvivunt.
1434 2811 1603 2862 Caret
1634 2806 1835 2876 itaque

178 2876 908 2952 apostoli'l’auli'factum
951 2879 1431 2952 reprehensione.
1474 2879 1621 2931 Cum
1646 2879 1835 2952 _enim

176 2945 531 3021 praedicaret
562 2967 681 3007 non
707 2945 1073 3015 circumcidi,
1119 2946 1328 3004 volens
1387 2955 1586 3003 autem
1644 2945 1837 3001 Timo-

178 3025 386 3079 theam
418 3038 621 3079 secum
654 3037 978 3085 assumere,
1012 3021 1113 3093 qui
1145 3024 1467 3093 comesset
1496 3023 1670 3093 natus
1708 3031 1837 3071 ma-

182 3101 267 3150 tre
297 3095 523 3163 Judiea,
553 3099 718 3165 patre
744 3098 945 3165 autem
967 3090 1187 3157 Grch,
1214 3096 1271 3165 et
1298 3092 1410 3165 hoc
1433 3090 1654 3165 Judaeis
1682 3093 1839 3143 esset

185 3161 569 3231 scandalum,
600 3171 661 3220 ut
682 3180 754 3219 ex
781 3164 986 3219 Judaaa
1005 3168 1211 3218 natum
1235 3161 1722 3217 incircumcisum
1747 3175 1838 3214 asa

181 3245 445 3292 sumeret
474 3253 487 3301 ;
514 3245 652 3291 tunc
688 3235 1041 3304 subjectioni
1075 3250 1136 3289 se
1179 3234 1459 3288 submisit
1490 3231 1566 3287 ad
1599 3232 1833 3304 horam,

183 3314 240 3363 et
257 3308 558 3379 accipiens
575 3301 939 3361 circumcidit
956 3319 1115 3360 eum.
1142 3307 1281 3359 Rem
1300 3317 1443 3379 ergo
1456 3301 1836 3379 superﬂuam

188 3380 341 3443 fecit,
368 3374 742 3451 permittente
769 3393 836 3432 eo
866 3379 967 3451 qui
995 3392 1211 3451 passus
1228 3374 1511 3451 est._Quia
1533 3374 1689 3428 enim
1714 3378 1839 3427 erat

186 3467 259 3507 ex
283 3447 473 3505 matre
499 3451 725 3514 Judaaa,
749 3447 1016 3503 eruditus
1049 3449 1125 3503 ab
1158 3447 1405 3502 infantia
1430 3448 1490 3500 in
1525 3456 1837 3515 synagoga

185 3523 391 3577 litteris
450 3520 658 3583 sacris,
727 3520 786 3574 id
832 3524 923 3575 est
975 3517 1378 3573 voluminibus
1434 3516 1835 3580 Iiebrmorum,

186 3593 457 3664 permisit
487 3591 831 3664 circumcidi
854 3606 947 3664 se,
981 3595 1043 3643 ut
1069 3590 1311 3664 λιιόωὶεῇ
1332 3586 1841 3664 scandalutntol-

187 3657 350 3730 leret,
378 3664 521 3735 quia
548 3663 738 3735 zelum
768 3661 1073 3735 habebant
1116 3660 1349 3729 generis
1408 3661 1517 3713 sui.
1575 3657 1839 3735 Denique

182 3752 300 3789 cum
332 3729 507 3795 Titus,
537 3733 751 3805 inquit,
780 3736 907 3786 esset
932 3732 1173 3805 Greecas,
1198 3746 1303 3783 non
1328 3736 1400 3784 est
1421 3729 1717 3805 compulsus
1732 3730 1841 3805 cir-

182 3796 651 3884 cumcidi_(G_atat'.
702 3818 761 3884 ii,
786 3809 815 3859 3
907 3804 1278 3884 Timotheum
1316 3796 1546 3884 autem;
1580 3798 1723 3884 quia
1748 3796 1840 3884 ‘de

183 3883 376 3932 matre
405 3870 608 3931 iudica
634 3882 778 3939 erat,
808 3870 958 3929 sicut
978 3874 1119 3937 dixi,
1154 3888 1275 3928 non
1307 3877 1444 3926 sunt
1471 3872 1630 3941 passi
1654 3870 1841 3941 Judaei

184 3947 412 4003 assumi
444 3948 593 4002 inter
614 3950 885 4001 doctores
914 3942 1521 3999 incircumcisum.Ad
1542 3942 1656 3995 hoc
1673 3940 1839 3996 illum

184 4019 517 4090 assumpsit
536 4017 880 4090 Apostolus,
903 4022 1119 4090 ut_eum
1141 4016 1502 4090 episcopum
1518 4013 1838 4090 ordinaret,

188 4092 341 4146 sicut
373 4084 525 4144 fecit.
581 4084 855 4143 Eruditus
887 4086 1047 4141 enim
1078 4084 1438 4158 propheticis
1486 4085 1734 4158 Litteris,
1763 4084 1840 4137 ad

185 4161 581 4216 asserendum
612 4159 905 4214 Christum
946 4156 1203 4212 idoneus
1236 4157 1520 4225 magister
1564 4156 1841 4210 inventus

184 4239 294 4287 est.
331 4231 649 4302 Apostolus
682 4231 841 4302 enim
870 4230 1073 4283 Petrus
1095 4231 1405 4302 nonesset
1424 4227 1838 4302 reprehensus,

188 4304 237 4359 si
268 4320 332 4359 se
385 4300 549 4357 more
576 4303 594 4336 ¹
641 4301 985 4355 Judaeorum
1015 4316 1048 4356 a
1079 4300 1405 4355 Gentilibus
1444 4300 1835 4366 segregasset,

186 4390 261 4430 ne
303 4374 410 4428 illis
442 4371 729 4427 seandalo
772 4377 944 4426 esset.
980 4369 1095 4425 Sed
1124 4370 1240 4425 hoc
1280 4370 1709 4440 reprehensum
1754 4370 1844 4440 est

187 4447 247 4500 in
274 4444 546 4516 apostolo
575 4447 759 4508 Petro,
786 4444 950 4514 quod
968 4457 1118 4516 eum
1142 4447 1277 4516 ante
1310 4439 1523 4516 Graecis
1542 4439 1844 4516 credenti-

186 4508 623 4585 bus'gentiliter
642 4508 881 4579 viveret,
910 4513 1373 4585 advenientibus
1387 4512 1471 4585 ab
1498 4508 1720 4585 laccho
1744 4511 1841 4585 Ju-

186 4580 362 4651 (imis:
419 4588 627 4641 timore
686 4585 989 4654 subjectus
1046 4599 1119 4639 ex
1171 4582 1498 4639 Gentilibus
1554 4580 1844 4654 credenti-

187 4659 305 4715 bus
332 4658 640 4729 judaizare
682 4652 895 4729 debere
942 4655 1219 4729 docebat.
1266 4656 1421 4729 Hinc
1456 4652 1642 4729 audit,
1673 4652 1739 4729 §i
1762 4659 1843 4729 tu,

186 4746 308 4786 eum
332 4724 411 4783 'sis
437 4728 681 4791 Iudaeus,
712 4728 991 4799 gentiliter
1016 4726 1171 4799 vivis,
1203 4726 1454 4799 quomodo
1484 4724 1631 4794 cogis
1660 4724 1846 4799 Gentes

177 4802 477 4873 judaizare
524 4802 552 4854 ?
603 4793 883 4873 Dubitari
912 4799 1070 4854 enim
1119 4793 1338 4873 fecerat
1383 4798 1457 4850 de
1506 4793 1847 4873 evangelica

188 4866 509 4943 disciplina
542 4887 553 4925 :
588 4873 751 4943 quod
805 4870 1047 4943 crimen
1075 4872 1183 4943 est,
1234 4868 1378 4943 dum
1407 4883 1541 4943 quas
1590 4866 1845 4943 aedifica:-

188 4938 376 5014 verat,
410 4938 773 4997 destruebat.
822 4942 962 4996 Ideo
1006 4938 1445 5014 simulationem
1494 4938 1657 5014 hanc
1676 4938 1849 5014 vocat

189 5009 500 5097 apostolus
532 5014 763 5097 Paulus,
798 5026 979 5097 quem
1024 5017 1254 5097 constat
1284 5012 1331 5065 si
1381 5009 1850 5097 circumcidisset

188 5080 568 5143 Timotheum
590 5088 633 5155 ’,
665 5091 725 5141 ut
752 5080 886 5139 non
912 5088 1153 5155 Ataceret
1198 5098 1323 5137 rem
1372 5098 1433 5136 se
1462 5080 1849 5155 superﬂuam

189 5162 439 5231 propter
464 5150 701 5212 illorum
745 5152 1097 5231 scandalum
1125 5154 1338 5231 facere,
1364 5158 1431 5231 et
1460 5150 1595 5231 ideo
1643 5167 1703 5205 se
1756 5166 1847 5205 ce-

190 5223 355 5309 dere,
385 5232 632 5309 propter
656 5227 819 5309 quod
851 5225 1377 5309 matremhaberet
1400 5223 1667 5304 Judaeum
1704 5236 1851 5309 :nec

191 5303 353 5356 enim
374 5294 566 5354 Judaei
594 5294 952 5361 insisterent,
985 5297 1096 5351 nisi
1118 5298 1356 5352 inventa
1377 5294 1691 5350 occasione
1728 5308 1852 5349 ma-

191 5374 297 5427 tris
326 5370 571 5433 Judaire,
605 5370 750 5442 quia
778 5372 892 5425 hoc
951 5368 1173 5423 minine
1219 5372 1463 5440 possent
1508 5365 1853 5437 improbare

253 5489 267 5519 ⁸
294 5486 393 5536 Ms.
427 5484 825 5540 Germanensis,
860 5482 1043 5532 timore
1071 5481 1386 5531 Judteorum.

254 5550 273 5581 ³
302 5546 468 5598 Morel
495 5546 727 5597 affirmat
750 5544 1059 5601 legendum,
1090 5559 1236 5601 quem
1269 5547 1464 5593 constat
1493 5542 1564 5592 sic
1598 5542 1853 5591 circumeid

199 5610 331 5659 disse
358 5608 699 5658 Timotheum.
728 5601 842 5656 Vid'.
874 5601 1133 5658 Element.
1158 5603 1353 5664 Critic.,
1378 5619 1501 5670 pag.
1524 5606 1634 5665 264,
1658 5601 1850 5655 265.34.

258 5676 332 5734 (α)
371 5673 527 5721 Deest
556 5675 612 5722 in
646 5671 833 5720 iisdem
860 5670 985 5734 Mss.

258 5731 330 5802 (ὁ)
370 5736 525 5786 Deest
554 5736 610 5785 in
643 5734 833 5784 iisdem
863 5731 981 5782 Mss.

1695 204 2080 267 APPENDIX.

3457 226 3601 288 2414

1947 318 2295 410 gentilibus,
2320 319 2679 410 neckhabere'
2691 322 2863 410 facile
2883 328 2951 410 de
2978 326 3071 383 his
3095 332 3471 410 scandalum,
3495 342 3601 410 qui

1946 406 2067 471 non
2095 399 2287 471 essent
2320 393 2393 471 de
2424 398 2861 471 genereplsrael.
2896 402 3017 454 Non
3052 416 3192 471 ergo
3220 393 3596 467 simulatiolne

1944 463 2065 548 hoc‘
2089 464 2243 548 fecit,
2278 464 2387 548 sed
2418 465 2716 548 violentia.
2745 469 2935 548 Supra
2960 463 3301 529 dictavenim
3322 463 3508 536 causa
3526 463 3599 536 si:

1946 534 2333 589 mulationem
2372 536 2583 592 habuit
2610 554 2729 593 non
2764 534 3094 599 minimam.
3127 552 3268 600 Nam
3302 534 3596 607 multivre-

1944 607 2380 687 prehensisunt
2407 607 2464 661 in
2488 608 2831 687 haecausa,
2850 612 2927 687 ita
2964 618 3027 687 ut
3047 616 3228 687 aliqui
3252 620 3597 679 Judasorum

1943 682 1995 731 et
2029 677 2329 732 Barnabas
2355 680 2752 735 consentirent
2783 682 2919 736 huic
2950 677 3331 743 simulationi.

2017 747 2249 820 hvl(a).
2276 778 2341 787 α-
2369 751 2686 820 Apostolus
2715 754 2814 815 ait,
2858 754 2970 807 Nos
3017 761 3222 811 natura
3269 761 3469 816 Judaei.
3518 765 3597 819 De

1939 818 2315 900 Judaeisergo
2330 821 2355 873 J
2368 818 2568 876 tlth03
2583 824 2744 900 nasci
2760 826 3034 900 ostendit.
3050 826 3311 900 Denique
3327 834 3382 886 in
3398 818 3596 891 eremo

1940 894 2044 958 qui
2078 894 2198 970 nati
2230 899 2385 971 sunt,
2420 894 3109 971 n_on_circumcisiJuda3i
3135 894 3322 955 erant.
3356 906 3479 959 Non
3510 921 3595 960 er-

1941 975 2018 1029 go
2050 964 2416 1015 circumcisio
2440 964 2713 1019 Judaeum
2746 965 2901 1031 facit,
2938 969 3043 1022 sed
3066 972 3339 1026 nativitas
3363 975 3476 1029 sub
3500 976 3597 1031 Dei

1941 1033 2222 1112 ereatoris
2253 1032 2569 1089 devotione
2602 1038 2929 1112 progenita.
2973 1040 3027 1094 Si
3065 1056 3205 1109 ergo
3250 1044 3323 1097 de
3371 1044 3594 1101 Judazis

1940 1102 2127 1183 iudici
2147 1111 2494 1183 naseuntur,
2525 1112 2579 1183 et
2602 1102 2952 1183 de_l3aganis
2978 1102 3195 1180 Pagahi
3224 1123 3555 1172 nascuntur
3580 1135 3591 1183 ;

1939 1175 2121 1228 etiam
2153 1175 2226 1227 de
2253 1176 2596 1231 Christianis
2637 1175 2953 1234 Christiani
2984 1175 3326 1238 naécuntur.

1978 1248 2339 1324 __Non_omne
2362 1249 2524 1318 quod
2553 1251 2831 1324 nascitur,
2852 1252 2963 1306 hoc
2986 1260 3070 1307 est
3093 1258 3255 1324 quod
3282 1256 3440 1312 unde
3462 1273 3598 1313 nas-

1939 1320 2291 1391 cit_ur.__Nam
2321 1323 2375 1371 et
2402 1335 2614 1391 aurum
2643 1321 2717 1374 de
2750 1326 2902 1377 terra
2929 1320 3211 1391 nascitur,
3242 1333 3352 1382 etc.

2010 1386 2371 1468 LVlI_(b)._—-
2400 1388 2558 1468 Quid
2593 1406 2746 1460 opus
2782 1400 3022 1468 erat_ut_
3058 1386 3295 1452 Galatas
3335 1414 3593 1468 arguens

1938 1458 2813 1539 Apostolushocinterponeret.
2841 1464 3237 1539 Galatisenim
3257 1458 3599 1539 postEvan-

1939 1528 2161 1608 gelium
2194 1531 2267 1583 ad
2306 1533 2518 1608 Legem
2548 1528 3033 1608 confugientibus
3068 1538 3217 1593 inter
3247 1528 3461 1594 caetera
3491 1542 3592 1607 ait,

1939 1600 2391 1681 mediatorantem
2422 1604 2587 1681 unius
2608 1600 2817 1681 nonest,
2852 1605 3178 1681 Deusaujem
3202 1625 3340 1663 unus
3370 1619 3441 1665 est
3469 1600 3597 1681 (Gal

1940 1669 2049 1751 that.
2070 1687 2146 1738 ιιι,
2194 1674 2283 1742 20)
2309 1690 2319 1726 :
2345 1676 2517 1751 quasi
2552 1675 2777 1751 Galatae
2817 1677 3242 1751 unumrDeum
3286 1669 3592 1751 negarent.

1941 1743 2174 1819 Quippe
2200 1759 2335 1819 cuni
2372 1744 2486 1819 hac
2509 1746 2735 1799 ratione
2766 1746 2989 1819 inducti
3022 1750 3080 1804 in
3111 1752 3281 1819 Lege,
3312 1743 3592 1808 ut'unum

1942 1816 2137 1895 Deum
2157 1820 2212 1868 et
2250 1815 2611 1895 singularem
2663 1817 2966 1895 crederent
3000 1834 3011 1871 :
3045 1815 3341 1895 Christum
3392 1830 3593 1878 autem

1941 1888 2280 1958 ministrum
2310 1892 2536 1958 tantum
2565 1902 2636 1941 ex
2667 1888 3186 1958 praidestinatione
3250 1893 3483 1949 venisse
3516 1895 3593 1950 ad

1939 1955 2411 2026 dispensandum
2439 1955 2907 2027 donum'gratiaa
2936 1961 3050 2015 Dei.

2011 2027 2382 2103 Manifestum
2410 2032 2499 2103 est
2520 2028 2602 2083 sic
2656 2030 2929 2103 inductos
2978 2032 3219 2088 Galatas
3270 2034 3330 2089 in
3378 2034 3593 2103 Legem

1940 2097 2120 2171 fuisse
2154 2104 2215 2152 ut
2244 2105 2299 2152 et
2327 2098 2622 2154 Christum
2652 2101 3088 2171 proﬁterentur,
3123 2106 3227 2159 sed
3277 2121 3399 2161 non
3449 2097 3594 2161 sicut

1940 2170 2192 2255 dignum
2210 2173 2314 2255 est,
2348 2171 2451 2255 sed
2474 2186 2637 2255 more
2656 2170 2892 2255 'ijhotini
2915 2190 2928 2239 ;
2952 2180 3011 2255 ut
3035 2175 3177 2255 quia
3197 2192 3382 2255 unum
3408 2178 3593 2232 Deum

1942 2240 2054 2319 Lex
2088 2241 2392 2319 praedicat,
2437 2247 2643 2298 contra
2672 2244 2906 2319 Legem_
2934 2245 3005 2300 sit
3036 2240 3083 2301 si
3122 2247 3384 2303 Christus
3424 2251 3591 2319 Deus

1941 2313 2189 2390 dicatur.
2224 2315 2338 2390 Hoc
2366 2320 2769 2390 commentum
2797 2316 3141 2390 Iudaeorum
3174 2323 3279 2383 est,
3332 2318 3433 2390 qui
3466 2334 3593 2373 ma-

1942 2382 2547 2460 gnalibusvirtuturn
2570 2385 2707 2439 victi
2755 2386 3135 2460 crediderunt
3179 2394 3313 2460 post
3350 2382 3592 2445 erucem

1941 2453 2172 2517 Christi,
2206 2454 2287 2509 ita
2317 2461 2375 2510 ut
2400 2456 2742 2528 proﬁtentes
2774 2457 3086 2524 Christum,
3128 2453 3343 2528 Legem
3392 2465 3593 2515 tamen

1944 2526 2470 2605 servarenthquasi
2497 2542 2619 2605 non
2650 2533 2805 2605 esset
2845 2526 3308 2605 omnis_s_pes'i_n
3360 2530 3593 2587 Christo

1944 2597 2244 2674 ponenda:
2278 2597 2342 2650 Hi
2374 2600 3020 2674 suntquosAApostolus
3043 2597 3225 2674 falsos
3258 2602 3466 2657 fratres
3494 2618 3596 2674 ap-

1944 2666 2121 2744 pellat
2157 2666 2264 2744 (_Id.
2313 2684 2367 2731 ιι,
2405 2668 2457 2731 4,
2499 2666 2636 2744 etii
2677 2666 2926 2744 eos.”
2982 2671 3092 2742 26).
3137 2672 3231 2727 Isti
3269 2688 3409 2742 ergo
3456 2666 3595 2744 post

1942 2741 2360 2808 Apostolorum
2394 2739 2793 2804 traditionem,
2814 2739 3156 2797 Galatarum
3195 2739 3439 2799 sensum
3459 2739 3594 2799 'cor-

1940 2814 2246 2871 ruperant,
2288 2809 2367 2861 ita
2394 2814 2457 2863 ut
2484 2810 2723 2864 Judaeos
2753 2826 2853 2865 eos
2904 2812 3163 2869 facerent
3196 2815 3309 2869 sub
3351 2815 3594 2869 nomine

1942 2879 2277 2933 Salvatoris.
2313 2879 2457 2933 Iliuc
2488 2880 2807 2949 Apostolus
2840 2881 3136 2938 Christum
3176 2885 3316 2939 dicit
3363 2887 3596 2940 venisse

1943 2950 2227 3024 arbitrum
2262 2950 2729 3024 circumcisionis
2761 2957 2817 3007 et
2842 2955 3138 3024 praeputii,
3172 2956 3319 3010 sicut
3351 2956 3491 3010 dicit
3521 2955 3594 3010 ad

1946 3020 2227 3097 Ephesios
2254 3034 2264 3071 :
2294 3020 2361 3072 In
2403 3035 2503 3097 uno
2530 3037 2665 3097 novo
2692 3020 2905 3097 homine
2936 3020 3144 3094 faciens
3159 3041 3339 3096 pacem
3370 3026 3590 3097 (Ephes.

1942 3108 2001 3154 ιι,
2032 3091 2137 3161 15).
2166 3092 2219 3145 Si
2248 3105 2389 3158 ergo
2417 3091 2633 3161 arbiter
2655 3094 2813 3146 venit
2834 3091 3123 3160 Christus,
3146 3091 3593 3152 arbiter'autem

1944 3162 2028 3217 sic
2057 3160 2195 3237 facit
2227 3176 2435 3232 pacem
2464 3160 2611 3237 inter
2640 3162 2819 3237 duos,
2851 3169 3164 3237 utpnovam
3195 3167 3461 3237 regulam
3496 3184 3596 3237 po-

1944 3238 2063 3299 nat,
2081 3233 2356 3286 auferens
2369 3232 2669 3287 ambobus
2688 3235 3099 3304 professiones,
3116 3232 3591 3300 reconciliateos,

1946 3310 2008 3380 ut
2029 3304 2157 3373 ejus
2172 3304 2525 3380 sententiam
2546 3304 2754 3380 secuti,
2775 3306 3048 3380 amittant
3064 3306 3429 3380 discordiam
3445 3307 3595 3380 pris-

1946 3375 2153 3429 tinam.
2194 3374 2402 3429 Judreo
2430 3374 2584 3429 enim
2612 3375 3129 3433 circumcisionem
3162 3374 3519 3442 vindicante,
3542 3384 3595 3433 et

1947 3446 2148 3501 Gentili
2172 3446 2554 3516 praeputium,
2576 3445 2877 3500 discordia
2903 3449 2982 3502 tit.
3005 3451 3148 3503 Cum
3173 3464 3309 3503 vero
3332 3450 3444 3504 hoc
3473 3465 3596 3503 am-

1945 3517 2141 3572 bobus
2173 3518 2454 3582 aufertur,
2478 3518 2691 3588 titpax.
2725 3517 2783 3571 Si
2804 3518 2978 3587 igitur
3006 3520 3087 3573 sic
3118 3537 3180 3574 se
3199 3520 3324 3574 haec
3350 3518 3593 3586 habent,

1945 3588 2253 3659 quomodo
2284 3604 2414 3653 vos,
2450 3588 2659 3659 inquit,
2695 3589 2907 3643 Galatae
2952 3589 3143 3644 Judaei
3186 3591 3342 3655 facti,
3387 3590 3595 3645 Christi

1947 3658 2255 3730 arbitrium
2306 3658 2685 3730 corrumpitis
2725 3660 2911 3715 ?Ideo
2952 3661 3096 3715 dixit
3148 3661 3259 3715 illis
3289 3678 3299 3714 :
3331 3660 3600 3715 Evacuati

1946 3731 2069 3784 estis
2106 3748 2138 3783 a
2169 3729 2405 3804 Christo.
2439 3729 2723 3784 Jus’enim
2749 3732 3248 3804 reconciliationis
3301 3733 3465 3804 quod
3514 3732 3600 3804 in-

1950 3809 2033 3875 ter
2064 3817 2167 3855 eos
2199 3802 2587 3856 constituerat
2630 3807 2995 3872 spernentes,
3025 3803 3101 3859 ad
3152 3802 3472 3875 pristinum
3499 3802 3600 3857 Ju-

1947 3872 2216 3927 dreorum
2262 3886 2501 3926 sensum
2554 3875 2824 3927 conversi
2858 3879 3014 3939 sunt,
3077 3872 3426 3930 accusantes
3478 3878 3600 3929 tam

1948 3959 2010 3997 se
2032 3959 2217 4014 quam
2248 3943 2773 3998 reconciliatorem.
2797 3944 2983 3999 Omne
3005 3946 3164 4000 enim
3198 3946 3361 4014 quod
3395 3945 3601 4014 displi-

1949 4020 2057 4077 cet,
2090 4021 2423 4069 accusatur.
2457 4015 2517 4068 Et
2538 4016 2823 4085 quoniam
2850 4016 2975 4071 haec
3007 4032 3101 4071 res
3134 4015 3369 4073 Galatas
3391 4017 3468 4072 ad
3495 4015 3599 4071 Le-

1949 4100 2081 4159 gem
2114 4085 2374 4159 converti
2401 4091 2792 4159 coegerat,rut
2821 4102 3007 4159 unum
3048 4089 3235 4144 Deum
3267 4091 3393 4143 sine
3443 4104 3603 4159 mysg

1951 4158 2093 4228 terio
2147 4156 2488 4221 faterentur,
2547 4158 2721 4228 quasi
2788 4156 2921 4225 Legi
2974 4164 3127 4214 esset
3174 4156 3520 4221 inimicum,
3552 4157 3602 4212 si

1951 4226 2212 4282 Christus
2238 4230 2387 4283 Deus
2412 4226 2706 4283 diceretur
2729 4244 2742 4292 ;
2767 4228 2925 4291 dicit,
2950 4230 3195 4295 Arbiter,
3218 4230 3333 4284 hoc
3360 4233 3466 4291 est,
3499 4243 3601 4281 me-

1948 4298 2150 4363 diator,
2192 4300 2364 4372 unius
2385 4306 2613 4372 nonest,
2647 4299 2751 4353 sed
2774 4301 3032 4372 duorum
3079 4301 3282 4372 utique
3315 4317 3327 4354 :
3363 4312 3602 4372 _vos_au‘

1951 4378 2066 4424 tem
2096 4371 2368 4425 conversi
2390 4371 2467 4423 ad
2495 4370 2728 4438 Legem,
2772 4369 3062 4425 arbitrum
3093 4368 3427 4435 rec’usastis,
3458 4368 3603 4424 Deus

1952 4446 2149 4496 tamen
2172 4458 2311 4495 unus
2324 4448 2420 4495 est.
2450 4441 2575 4505 Quo
2599 4441 2749 4495 dicto
2770 4455 2887 4496 non
2916 4441 2998 4495 sic
3018 4457 3080 4495 se
3100 4439 3392 4496 Christum
3418 4442 3600 4496 Deum

1950 4512 2274 4583 praedicare
2314 4516 2583 4579 testatur,
2618 4517 2677 4565 ut
2709 4511 2959 4566 alterum
2994 4515 3176 4567 Deum
3221 4513 3453 4576 faceret,
3501 4517 3603 4583 aut

1950 4582 2103 4638 duos
2133 4583 2501 4654 proﬁteretur
2528 4583 2637 4654 sed,
2665 4597 2849 4654 unum
2882 4598 3009 4638 esse
3037 4584 3244 4649 Deum,
3280 4583 3430 4654 sicut
3449 4586 3514 4654 et
3543 4582 3603 4636 in

1954 4654 2103 4723 Lege
2134 4652 2360 4709 dictum
2395 4659 2499 4707 est.
2534 4652 2682 4717 Quia
2714 4653 2981 4709 Christus
3012 4670 3150 4709 cum
3183 4655 3255 4709 de
3297 4653 3414 4709 Deo
3447 4652 3601 4707 Dens

1951 4725 2326 4797 praedicatur,
2359 4738 2480 4777 non
2509 4724 2585 4779 ad
2628 4724 2881 4779 alterum
2927 4726 3163 4797 proficit
3196 4724 3381 4781 Deum
3410 4723 3605 4797 gquia

1952 4794 2114 4921 quod
2143 4795 2216 4849 de
2246 4796 2363 4849 Deo
2387 4800 2491 4852 est.
2527 4810 2646 4849 non
2672 4812 2735 4849 se
2778 4794 3061 4867 permittit
3115 4796 3367 4853 alterum
3414 4794 3603 4850 Deum

1999 4867 2091 4921 ici.
2129 4868 2256 4921 Sive
2286 4865 2443 4920 enim
2472 4865 2647 4921 Deus.
2681 4867 2803 4921 sive
2841 4868 3002 4921 quod
3028 4868 3101 4921 de
3144 4868 3262 4921 Deo
3316 4872 3420 4921 est.
3451 4882 3603 4921 unus

1999 4867 2091 4921 ici.
2129 4868 2256 4921 Sive
2286 4865 2447 4938 enim
2472 4865 2647 4930 Deus,
2681 4865 2803 4921 sive
2841 4868 3002 4938 quod
3028 4868 3101 4922 de
3144 4868 3262 4925 Deo
3316 4872 3420 4931 est,
3451 4882 3606 4921 unus

1955 4943 2047 4992 est
2096 4938 2277 5010 Deus:
2306 4937 2455 4992 Nihil
2487 4938 2647 4992 enim
2680 4937 2894 5010 utique
2920 4937 3095 4993 distat
3127 4939 3277 4995 inter
3308 4940 3516 5010 Deum,
3553 4940 3607 4991 et

1954 5010 2117 5081 quod
2140 5009 2212 5063 de
2251 5008 2371 5063 Deo
2397 5012 2500 5063 est.
2533 5010 2628 5065 Est
2657 5007 2815 5063 enim
2847 5008 3015 5067 alter.
3053 5010 3187 5082 Ipse
3231 5012 3389 5067 enim
3438 5007 3604 5082 alter,

1957 5079 2199 5161 propter
2250 5095 2594 5161 personam,
2647 5096 2775 5161 qua
2807 5081 3000 5161 Filius_
3026 5079 3444 5161 nuncupatur:
3480 5079 3607 5149 ipse

1954 5152 2097 5206 vero
2118 5153 2297 5223 idem,
2328 5157 2568 5223 propter
2596 5152 2882 5207 unitatem
2912 5152 3277 5209 substantiae.
3304 5156 3382 5207 Ne
3415 5165 3610 5223 repre-

1957 5222 2249 5278 hensibile
2317 5223 2587 5276 videatur
2642 5223 2786 5292 quia
2834 5237 3150 5292 personam
3224 5225 3368 5288 dixi,
3424 5222 3611 5277 solent

1958 5296 2117 5350 enim
2150 5295 2263 5375 hoc
2294 5294 2540 5375 quidam
2574 5292 2865 5375 abnuere;
2900 5295 3368 5375 sedApostolum
3393 5302 3611 5375 sequa-

1962 5382 2096 5420 mur
2138 5365 2239 5435 qui
2272 5364 2349 5419 ait
2376 5381 2386 5417 :
2422 5364 2564 5419 Nam
2594 5364 2730 5433 quod
2752 5364 2971 5429 donavi,
2998 5364 3204 5435 siquid
3233 5365 3448 5427 donavi,
3478 5380 3609 5435 pro-

1960 5444 2080 5509 pter
2108 5453 2196 5509 vos
2222 5436 2277 5509 in
2298 5452 2530 5509 persona
2564 5435 2774 5509 Christi
2803 5436 2871 5506 (ll
2897 5436 3109 5509 Cor._ii,
3141 5440 3262 5505 l0).

2032 5508 2195 5562 LVIII
2224 5508 2319 5577 (c).
2344 5538 2410 5547 -
2435 5507 2490 5562 Si
2520 5522 2618 5577 per
2640 5508 2940 5563 Christum
2958 5506 3142 5575 salus,
3167 5513 3221 5562 et
3240 5522 3380 5563 vera
3406 5512 3462 5564 et
3484 5522 3614 5581 per-

2023 5605 2095 5671 (ᾳ)
2118 5604 2354 5671 [labetur
2367 5617 2533 5671 supra
2553 5604 2881 5671 interprimo
2900 5602 3322 5671 vulgatasjuxta
3336 5606 3587 5671 quast.“
3598 5643 3609 5655 .

2025 5668 2096 5738 to)
2126 5668 2287 5738 Deest
2314 5668 2366 5714 in
2394 5665 2517 5714 Mss.
2551 5665 2965 5738 primi'generis.

2028 5722 2091 5792 (ei
2126 5728 2363 5779 Habetur
2377 5742 2541 5793 supra
2552 5722 2695 5779 inter
2704 5722 2877 5793 pi'imo
2896 5722 3315 5795 vulgatas,juxta
3326 5735 3515 5798 quaest.
3534 5730 3612 5785 83.
