4140 6208
164 190 311 249 2H7

159 320 338 385 gatus
359 314 586 370 nescire
613 330 674 370 se
701 313 846 369 dixit
866 313 1023 370 diem
1056 318 1115 370 et
1136 313 1352 372 horam
1380 314 1563 371 futuri
1572 314 1815 385 judicii;

162 388 269 441 sed
304 392 362 441 ut
395 387 570 441 nobis
592 386 919 457 prodesset,
954 389 1191 455 negavit
1213 404 1274 443 se
1310 389 1459 443 scire
1482 390 1642 459 quod
1674 391 1807 445 scit.

160 459 580 540 Ignorantibus
606 473 743 525 ergo
773 459 1121 540 nobis-quid
1163 460 1367 540 .prosit
1412 460 1605 540 nobis,
1668 462 1815 540 scire

158 528 406 584 omnino
437 528 715 582 volumus
740 528 905 599 quod
936 528 1341 588 si’scieriinus.
1373 531 1563 585 oberit
1592 532 1767 586 nobis
1798 547 1810 586 :

159 601 427 655 Christus
461 604 661 653 autem
692 600 969 669 provisor
999 599 1204 655 salutis
1226 607 1462 665 nostrae,
1488 617 1560 656 ne
1583 603 1815 657 audire-

368 671 485 725 uod
512 676 719 725 contra
760 687 865 725 nos
895 677 1071 734 esset,
1100 672 1241 727 dixit
1272 690 1332 727 se
1361 675 1605 727 nescire.
1635 677 1812 728 Num-

158 688 295 726 mus
322 688 485 741 quou
512 688 719 725 contra
760 688 865 725 nos
895 688 1071 734 esset,
1100 688 1241 727 dum
1272 690 1332 727 se
1361 688 1605 727 neseire.
1635 688 1810 728 ivum-

154 744 300 813 quid
330 743 375 815 si
400 742 577 797 alicui
608 742 666 815 in
694 741 900 815 dolore
931 745 1123 813 posito
1156 742 1421 810 gladium
1448 746 1717 815 poscenti
1748 761 1810 799 se

160 820 221 867 ut
246 814 517 883 perimat,
561 813 663 883 qui
697 813 878 867 habet
921 815 1282 884 respondeat
1326 832 1387 868 se
1417 813 1535 869 non
1564 814 1805 880 habere,

153 883 454 957 mendacii
479 884 824 957 arguendus
846 883 1211 954 eritnegans,
1234 886 1397 957 quod
1411 887 1591 941 sinon
1611 892 1804 957 neget,

152 956 303 1010 sciat
335 955 700 1010 contrarium
732 955 760 1008 ?

221 1027 386 1080 LXIII
417 1028 518 1095 (a).
553 1057 620 1066 —
680 1026 829 1090 Quid
864 1030 950 1079 est
983 1030 1045 1080 ut
1082 1042 1221 1081 cum
1278 1026 1543 1097 Apostoli
1592 1044 1805 1083 omnes

152 1112 328 1153 curas
353 1096 465 1150 sibi
495 1097 731 1151 oblatas
757 1102 1089 1161 sanassent,
1122 1096 1377 1168 propriis
1417 1102 1617 1153 tamen
1640 1100 1806 1153 inﬁr-

150 1170 264 1222 mis
302 1168 745 1240 medelam‘non
772 1168 1095 1222 dederint?
1119 1171 1265 1223 Nam
1286 1168 1486 1240 utique
1501 1170 1803 1240 Epaphro-

148 1240 307 1312 ditus
334 1255 519 1312 usque
551 1238 629 1293 ad
686 1244 935 1312 mortem
968 1255 1108 1312 non__
1136 1238 1796 1312 aegrotas—setjPh‘itipp.

150 1325 212 1374 ιι,
242 1311 356 1378 27),
394 1308 439 1363 si
474 1310 813 1363 intercessio
850 1308 1112 1379 Apostoli
1155 1308 1357 1364 fuisset
1395 1308 1617 1366 audita.
1658 1308 1800 1376 Quis

148 1382 308 1435 enim
358 1380 587 1435 dubitet
612 1396 810 1435 orasse
846 1380 958 1452 hoc
1006 1396 1165 1450 saepe
1191 1381 1564 1452 Apostolum,
1594 1388 1647 1436 et
1679 1398 1799 1438 non

146 1452 543 1521 impetrasse?
569 1452 621 1505 Si
651 1452 804 1504 enim
830 1451 1067 1505 auditus
1081 1451 1303 1517 fuisset,
1340 1452 1801 1509 statiminﬁrmi-

149 1528 239 1577 tas
272 1523 478 1577 fuisset
506 1522 789 1591 adempta
818 1523 847 1573 ‘?

221 1593 405 1661 Signa
433 1599 485 1648 et
514 1593 756 1648 virtutes
783 1592 999 1664 idcirco
1030 1593 1106 1647 ab
1136 1593 1417 1664 Apostolis
1450 1592 1617 1649 facta:
1638 1600 1796 1663 sunt,

146 1669 212 1717 ut
234 1665 552 1719 infidelitas
583 1669 893 1731 cogeretur
914 1663 991 1717 ad
1024 1663 1226 1731 tidem,
1263 1672 1321 1718 ut
1348 1665 1615 1719 videntes
1639 1666 1798 1721 facta

144 1751 276 1805 quae
302 1736 649 1791 hominibus
670 1734 1060 1806 impossibilia
1110 1742 1265 1800 sunt,
1302 1737 1400 1790 Dei
1430 1752 1500 1790 ex
1531 1736 1644 1791 hoc
1669 1753 1797 1792 esse

144 1807 634 1876 {medicationem
668 1811 1080 1873 agnoscerent,
1140 1813 1196 1860 et
1232 1807 1523 1861 rationem
1574 1823 1705 1861 esse
1736 1809 1796 1863 in

144 1876 284 1941 ﬁde,
314 1880 522 1932 virtute
546 1877 903 1949 probarent:
929 1882 988 1932 ut
1014 1878 1303 1947 quoniam
1337 1879 1533 1931 verbis
1560 1894 1797 1949 semper

142 1949 589 2016 contradicitur,
618 1948 776 2002 testis
790 1948 974 2003 virtus
1003 1949 1196 2017 posita
1210 1949 1429 2011 est,cui
1450 1965 1586 2003 cum
1609 1948 1796 2006 verba

143 2020 385 2084 cedunt,
416 2020 707 2075 rationem
735 2018 939 2091 essein
963 2017 1079 2091 ﬁde
1096 2018 1414 2091 signiﬁcat,
1442 2036 1575 2091 quae
1598 2019 1793 2075 verbis

144 2092 396 2162 exprimi
418 2107 537 2145 non
568 2090 950 2161 potest.lnter
981 2089 1177 2144 ﬁdeles
1206 2090 1390 2162 igitur
1407 2089 1527 2145 non
1562 2092 1689 2159 jam
1722 2092 1793 2145 si-

143 2161 266 2222 gna
292 2169 349 2217 et
378 2162 653 2232 prodigia
713 2167 851 2216 sunt
907 2162 1264 2225 necessaria,
1295 2161 1396 2215 sed
1439 2178 1572 2231 spes
1596 2162 1787 2217 ﬁrma.

141 2234 467 2304 Postquam
496 2236 654 2288 enim
702 2232 944 2286 discitur
983 2248 1119 2286 vera
1150 2248 1277 2286 esse
1327 2248 1462 2304 quae
1496 2234 1791 2303 promissa

138 2303 406 2367 sunt,’ad
438 2304 549 2358 hoc
577 2320 638 2357 se
670 2304 1133 2369 armatanimus,
1163 2309 1224 2357 ut
1251 2303 1465 2373 spretis
1491 2306 1789 2373 praesenti-

138 2374 275 2439 bus,
301 2374 509 2429 futuris
540 2376 760 2442 dignus
793 2374 1025 2437 existat,
1061 2374 1337 2428 meritum
1353 2373 1462 2428 sibi
1486 2374 1788 2429 collocans

136 2446 529 2515 perlaborem
570 2463 582 2512 ;
616 2447 727 2499 hoc
752 2445 1068 2499 Salomone
1093 2451 1361 2509 testante,
1393 2446 1495 2515 qui
1525 2446 1620 2507 ait,
1647 2446 1782 2511 Fili,

134 2517 382 2571 accedens
406 2517 475 2570 ad
494 2518 805 2570 servitutem
832 2517 951 2580 Dei,
980 2524 1063 2570 sta
1103 2518 1157 2569 in
1180 2517 1401 2584 justitia
1424 2523 1474 2571 et
1504 2516 1717 2581 timore,
1738 2523 1786 2571 et

133 2606 397 2657 prtepara
422 2589 661 2642 animum
700 2595 843 2641 tuam
871 2588 940 2641 ad
970 2589 1317 2641 tentationem
1370 2587 1565 2655 (Eccli.
1615 2605 1674 2649 ll,
1715 2590 1780 2656 t).

134 2659 433 2724 Quoniam
487 2659 905 2713 tentationibus
958 2658 1190 2729 proﬁcit
1250 2658 1452 2721 homo,
1486 2658 1615 2712 haec
1644 2660 1786 2715 data

133 2736 277 2784 sunt
306 2730 549 2784 monita.
586 2730 748 2785 Unde
776 2729 1092 2798 Apostolus
1120 2745 1130 2781 :
1165 2729 1270 2783 Per
1288 2729 1685 2793 tribulationes,
1704 2731 1785 2784 in-

131 2802 283 2869 quit,
311 2809 519 2871 oportet
554 2818 645 2854 nos
674 2802 886 2854 intrare
918 2803 973 2853 in
1005 2816 1226 2869 regnum
1240 2801 1352 2871 Dei
1371 2801 1432 2870 (Α
1446 2807 1517 2855 ct.
1546 2804 1781 2871 x1v,2t).

132 2873 230 2927 llze
257 2870 713 2926 tribulationum
748 2872 1104 2926 tentationes
1129 2870 1380 2925 diversis
1411 2872 1605 2925 modis
1636 2870 1785 2926 acci-

128 2943 301 3009 dunt,
334 2949 395 2999 ut
420 2959 802 3014 perseverans
828 2943 1062 2997 animus
1088 2942 1148 2996 in
1179 2947 1425 3014 accepta
1454 2942 1570 2997 tide
1601 2944 1786 3014 possit

188 3094 259 3153 (α)
284 3093 441 3141 Deest
468 3092 521 3140 in
545 3092 666 3140 Mss.
712 3092 868 3154 primi
904 3091 1131 3154 generis.

1659 185 2045 250 APPENDIX.

3436 202 3578 258 2418

1927 320 2222 395 coronari.
2254 322 2379 395 Non
2407 318 2601 395 solum
2632 318 2793 395 enim
2838 318 2900 395 in
2930 319 3047 375 ﬂde
3080 323 3334 395 tentatur
3364 324 3567 395 homo,

1926 390 2029 465 sed
2062 397 2117 445 et
2144 390 2601 465 inraagritudine,
2633 395 2690 445 et
2740 392 2799 462 in
2848 391 3098 465 damno,
3132 394 3273 465 etin
3304 390 3575 465 persecu-

1923 461 2861 534 _tione,ietinmortecharorum:
2900 469 2960 516 ut
2987 464 3035 517 si
3068 464 3124 516 in
3153 464 3242 517 his
3274 461 3569 534 passioni-

1919 532 2034 586 bus
2048 533 2126 587 ad
2152 533 2443 587 auxilium
2464 532 2898 587 dmmoniorum
2914 550 3031 588 non
3056 533 3230 589 fuerit
3251 532 3567 604 abductus,

1920 603 2047 657 sine
2072 604 2380 675 sanguinis
2443 604 2631 674 pretio
2685 610 2977 675 mercetur
3009 605 3382 675 martyrium.
3444 603 3569 664 Non

1918 689 2061 748 ergo
2092 674 2169 748 ad
2213 675 2606 748 dispendium
2650 674 3033 748 Epaphroditi
3067 674 3186 748 non
3233 677 3570 748 impetravit

1915 745 2235 819 Apostolus
2261 746 2423 816 quod
2467 746 2653 815 petiit,
2698 747 2801 819 sed
2833 746 2910 800 ad
2943 746 3269 819 proiectum
3303 745 3484 819 {quia
3512 756 3569 804 et

1915 816 1971 870 in
2006 832 2115 889 sua
2136 832 2341 881 causa,
2370 832 2507 889 cum
2539 816 2917 889 postulasset,
2949 818 3196 883 audivit,
3227 816 3438 889 Su/ﬁbz‘t
3468 822 3568 875 tibi

1910 888 2094 956 gratia
2110 904 2222 943 mea
2243 911 2263 958 ;
2286 906 2406 943 nam
2429 887 2607 941 virtus
2626 889 2682 942 in
2702 887 3022 958 inﬁrmitate
3036 887 3332 959 per/icitur
3350 892 3413 959 (ll
3433 892 3560 947 Cor.

1915 974 2008 1017 xu,
2043 961 2116 1021 9).

1986 1028 2144 1082 LXIV
2174 1028 2275 1099 (a).
2308 1060 2377 1070 —
2404 1030 2604 1083 Petrus
2633 1028 2937 1100 apostolus
2968 1028 3133 1093 dicit,
3158 1030 3409 1085 Christus
3427 1048 3567 1085 mor-

1909 1107 2033 1173 tuus
2060 1107 2133 1155 est
2158 1117 2259 1173 pro
2282 1101 2432 1173 vobis
2459 1102 2501 1171 (l
2522 1101 2672 1155 Petr.
2694 1104 2877 1165 ii,2t).
2904 1101 3122 1155 Paulus
3149 1116 3289 1155 vero
3324 1108 3564 1173 aposto-

1906 1170 2000 1243 lus
2022 1171 2385 1243 asseritquia
2416 1170 2477 1227 et
2502 1187 2610 1242 pro
2625 1187 2685 1226 se
2713 1176 2983 1226 mortuus
3001 1170 3560 1243 est,Factus,ihquit,

1905 1242 2149 1296 obediens
2174 1258 2332 1311 usque
2379 1242 2448 1295 ad
2498 1250 2719 1296 mortem
2749 1265 2769 1311 ;
2816 1249 3037 1312 propter
3067 1243 3203 1313 quod
3230 1242 3449 1298 donavit
3474 1245 3563 1298 illi

1906 1314 2265 1385 Deus‘nomen
2288 1314 2523 1385 quodest
2550 1330 2712 1385 super
2740 1329 2889 1385 omne
2932 1330 3118 1385 nomen
3172 1314 3442 1385 (Philipp.
3492 1334 3553 1380 ιι,

1908 1332 2048 1366 ueus
2076 1332 2265 1367 nomen
2288 1332 2424 1382 quoa
2449 1332 2523 1367 es;
2550 1332 2712 1383 super
2740 1332 2889 1366 omne
2932 1332 3118 1367 nomen
3172 1332 3386 1385 μἠιιιρ
3431 1358 3442 1368 .
3492 1334 3553 1380 li,

1908 1386 1938 1437 8
1965 1390 2013 1437 et
2042 1383 2119 1453 9).
2156 1385 2327 1447 Quod
2351 1384 2399 1437 si
2427 1383 2507 1438 ita
2527 1389 2632 1448 est,
2656 1383 3035 1453 imperfectus
3068 1332 3559 1442 videbiturtlhisse

1905 1455 2007 1525 qui
2038 1470 2143 1579 per
2169 1470 2353 1524 opera
2388 1470 2495 1508 sua
2522 1453 2656 1508 fecit
2690 1460 3102 1522 augmentum.

1979 1525 2036 1577 Fi
2066 1526 2188 1579 ium
2222 1526 2321 1579 Dei
2351 1525 2674 1579 perfectum
2696 1532 2903 1579 natum
2933 1542 3064 1579 esse
3096 1547 3102 1575 ι

1979 1525 2188 1580 Filium
2222 1526 2321 1579 Dei
2351 1525 2674 1594 perfectum
2696 1532 2903 1579 natum
2933 1542 3064 1579 esse
3096 1526 3167 1578 de
3202 1526 3341 1590 Deo,
3368 1542 3553 1582 nemo

1904 1595 2170 1651 fidelium
2192 1596 2463 1664 ambigit.
2499 1596 2713 1667 Omnia
2742 1596 2901 1650 enim
2928 1596 3251 1650 divinitatis
3291 1602 3555 1667 paternae

1904 1668 2454 1737 accepitnascendo
2486 1666 2559 1720 de
2594 1668 2707 1720 Deo
2740 1667 2929 1721 Patre.
2970 1669 3129 1721 Tunc
3152 1666 3307 1735 ergo
3327 1668 3557 1738 accepit

1902 1752 2144 1809 nomen,
2169 1738 2332 1809 quod
2365 1742 2451 1790 est
2474 1753 2654 1809 super
2683 1752 2861 1791 omne
2887 1752 3124 1809 nomen,
3155 1738 3213 1791 id
3237 1742 3323 1791 est
3355 1744 3415 1792 ut
3442 1738 3556 1792 hoc

1902 1807 2135 1863 dicatur
2164 1807 2323 1879 quod
2350 1810 2535 1874 Pater,
2554 1807 2729 1861 Deus.
2764 1811 2910 1863 Nam
2940 1808 3082 1862 nihil
3108 1809 3269 1878 apud
3295 1825 3433 1879 eum
3464 1808 3556 1862 fu-

1901 1884 2101 1933 turum
2129 1878 2345 1934 dicitur
2377 1894 2389 1929 :
2420 1879 2625 1933 omnia
2654 1879 2812 1933 enim
2834 1884 2971 1933 ante
3002 1894 3063 1933 se
3088 1879 3288 1933 habet.
3318 1878 3453 1933 ldeo
3476 1880 3552 1934 ad

1899 1948 2027 2004 haec
2048 1951 2253 2004 omnia
2283 1950 2543 2004 creanda
2564 1955 2620 2003 et
2644 1950 3038 2004 restauranda
3065 1953 3241 2003 natus
3265 1954 3372 2003 est.
3402 1953 3549 2004 Nam

1903 2021 2101 2091 utique
2132 2021 2365 2091 ordoet
2390 2020 2540 2075 ratio
2562 2021 2671 2074 hoc
2702 2020 2905 2083 habet,
2936 2026 3000 2075 ut
3040 2026 3288 2090 paterno
3316 2020 3547 2075 nomini

1900 2090 2074 2146 omne
2103 2106 2258 2159 genu
2283 2090 2566 2146 ﬂectatur.
2600 2091 2720 2146 Hoc
2760 2095 2928 2146 Pater
2956 2091 3203 2146 donavit
3249 2091 3388 2145 Filio
3422 2107 3553 2160 pro-

1898 2169 2025 2232 pter
2050 2178 2119 2217 ea
2142 2179 2276 2233 quae
2306 2168 2432 2217 erat
2461 2168 2702 2233 acturus
2731 2181 2742 2229 ;
2790 2162 3037 2233 donavit
3066 2168 3267 2217 autem
3299 2161 3545 2233 quando

1897 2234 2124 2301 genuit.
2164 2232 2254 2289 Sic
2284 2234 2443 2287 enim
2476 2232 2641 2287 illum
2657 2234 2880 2303 genuit,
2912 2238 2971 2288 ut
2996 2232 3057 2287 in
3080 2233 3289 2288 eodem
3319 2232 3550 2288 honore

1895 2310 2068 2367 esset,
2093 2320 2213 2373 quo
2242 2305 2367 2374 ipse
2397 2308 2561 2359 Pater
2583 2310 2690 2359 est.

1967 2375 2098 2430 LXV
2118 2376 2211 2445 (b).
2246 2373 2311 2414 έ-
2347 2375 2495 2440 Quid
2519 2381 2608 2446 est
2638 2374 2801 2446 quod
2819 2373 3059 2446 dictum
3086 2378 3180 2446 est
3203 2373 3442 2437 Joanni,
3472 2373 3545 2446 si-

1894 2451 1991 2498 cut
2022 2447 2080 2500 in
2111 2444 2470 2516 Apocalypsi
2499 2444 2786 2515 scriptum
2816 2445 3047 2513 legitur,
3081 2444 3266 2509 Valde,
3298 2451 3349 2497 et
3374 2445 3551 2514 accipe

1895 2516 2113 2580 librum,
2142 2524 2191 2570 et
2212 2518 2408 2570 devora
2430 2516 2584 2570 illum
2617 2525 2706 2581 ;et
2738 2516 3063 2570 amaricabit
3094 2524 3331 2569 ventrem
3364 2523 3544 2579 tuum,

1890 2588 1979 2641 sed
2005 2588 2168 2642 inore
2190 2595 2281 2642 tuo
2305 2590 2413 2641 erit
2432 2587 2583 2641 dulce
2612 2594 2863 2657 tanquam
2896 2588 2997 2641 mel
3020 2588 3049 2639 ‘2
3072 2588 3217 2651 Quid
3242 2592 3329 2641 est
3354 2587 3449 2641 hic
3478 2586 3547 2640 li-

1890 2658 1998 2730 ber
2025 2674 2037 2710 :
2070 2659 2161 2713 vel
2186 2658 2496 2730 quomodo
2518 2674 2791 2714 amarum
2822 2658 2963 2714 facit
2993 2665 3277 2722 ventrem,
3303 2673 3440 2711 cum
3474 2658 3549 2711 sit

1892 2729 2083 2783 dulcis
2113 2730 2140 2784 ?

1966 2800 2343 2871 Frequenter,
2359 2800 2461 2871 qui
2480 2798 2905 2871 compendium
2920 2800 3147 2870 quaerit,
3164 2799 3307 2853 solet
3321 2813 3537 2853 errare.

1893 2872 2047 2937 Quid
2060 2870 2146 2927 est
2163 2876 2354 2926 utnon
2368 2870 2664 2927 omniaad
2678 2886 2923 2926 causam
2937 2872 3092 2926 dicta
3103 2875 3543 2941 proponas,etc.

1955 3031 2027 3089 ta)
2062 3028 2221 3077 Deest
2251 3028 2305 3076 in
2340 3029 2467 3076 Mss.
2506 3028 2663 3089 primi
2702 3029 2933 3089 generis.

1954 3092 2025 3153 (b)
2054 3090 2288 3139 Habetur
2316 3104 2433 3153 sup.
2454 3091 2592 3138 inter
2608 3091 2779 3152 primo
2802 3090 3237 3152 vulgatas,juxta
3257 3092 3442 3153 quazst.
3461 3090 3543 3139 72.

1152 3320 2511 3499 QU/ESTIONUM

839 3524 1100 3635 EX
1209 3523 2040 3658 UTROQUE
2156 3520 2825 3636 MIXTIM

1536 3717 1723 3773 PARS
1764 3717 2113 3774 SECUNDA.

1307 3842 2323 3898 W

191 3969 455 4032 Quaas'rio
483 3983 649 4021 PRIMA
694 3968 795 4038 (a).
853 3998 917 4008 -
952 3966 1104 4034 Quid
1154 3969 1226 4022 sit
1257 3967 1333 4021 ad
1361 3967 1689 4037 imaginem
1715 3975 1772 4023 et

113 4038 572 4093 similitudinem
606 4040 703 4094 Dei
735 4038 947 4094 fecisse
977 4038 1284 4095 hominem
1319 4044 1412 4095 :et
1441 4055 1518 4094 an
1559 4038 1770 4095 mulier

107 4110 320 4177 imago
350 4110 448 4164 Dei
481 4109 577 4166 sit.

184 4184 306 4236 Hoc
335 4187 422 4235 est
452 4182 529 4235 ad
570 4181 890 4244 imaginem
916 4180 1016 4235 Dei
1037 4180 1257 4237 factum
1287 4195 1416 4236 esse
1435 4180 1764 4247 hominem,

105 4252 260 4324 quia
281 4268 445 4324 unus
475 4267 663 4307 unum
696 4252 849 4324 fecit,
872 4257 986 4307 etc.

178 4324 227 4377 Il
252 4322 347 4391 (b).
405 4353 471 4361 —
504 4323 891 4390 Evangelium
949 4327 1197 4378 testatur
1229 4322 1374 4393 quia
1414 4337 1592 4377 nemo
1620 4322 1768 4377 vidit

107 4395 301 4449 Deum
330 4393 511 4462 (Joan.
548 4410 586 4461 ι,
626 4398 705 4457 18,
735 4411 806 4458 γι,
845 4395 933 4458 46,
989 4396 1079 4448 etl
1112 4394 1251 4448 Tim.
1282 4411 1359 4457 v1,
1400 4394 1482 4463 16)
1513 4412 1526 4447 :
1561 4398 1768 4449 contra

99 4464 289 4520 Jacob
315 4471 371 4519 et
400 4466 623 4535 Moyses
651 4472 706 4519 et
728 4464 909 4521 Isaias
936 4470 1213 4520 asserunt
1241 4466 1424 4519 Deum
1456 4480 1517 4518 se
1548 4464 1766 4519 vidisse

99 4536 264 4605 (Gen.
287 4552 469 4601 xxxu,
499 4540 587 4597 30,
617 4536 812 4590 etlsai.
841 4553 916 4599 vn,
953 4538 1020 4606 t).
1050 4536 1161 4591 Sed
1187 4536 1331 4590 dicit
1354 4536 1513 4606 quis,
1545 4536 1765 4590 Patrem

102 4624 257 4661 nemo
282 4606 443 4660 vidit.
470 4608 619 4671 Quid
654 4610 731 4662 ad
758 4624 880 4662 rem
914 4608 940 4660 ‘t
970 4606 1026 4661 Si
1054 4607 1231 4661 Filius
1260 4608 1425 4660 visus
1458 4611 1568 4671 est,
1597 4608 1763 4661 visus

97 4685 155 4731 et
192 4682 361 4733 Pater
383 4684 469 4749 est
502 4696 514 4731 :
548 4679 774 4749 quippe
825 4694 961 4749 cum
996 4678 1165 4732 Pater
1214 4685 1267 4733 et
1302 4677 1480 4731 Filius
1515 4684 1764 4749 uterque

99 4750 181 4804 sit
217 4766 372 4803 unus
402 4748 583 4811 Deus,
613 4748 671 4803 et
701 4749 758 4803 iu
788 4748 1141 4811 substantia,
1163 4755 1217 4803 et
1240 4750 1299 4803 iu
1332 4748 1767 4817 imagine,quia

96 4822 367 4874 duorum
400 4835 518 4875 una
549 4822 751 4887 imago
782 4826 886 4881 est,
920 4826 976 4873 et
1008 4821 1158 4874 sicut
1202 4820 1329 4889 ipse
1356 4820 1515 4887 dicit,
1550 4820 1658 4884 Qui
1684 4837 1765 4874 me

96 4892 271 4955 videt,
305 4890 445 4944 videt
471 4899 521 4945 et
549 4895 773 4945 Putrem
805 4892 984 4954 (Joan.
1016 4908 1136 4959 xw,
1168 4891 1246 4955 9).
1274 4890 1589 4954 Quomodo
1623 4907 1763 4961 ergo

98 4978 288 5017 nemo
315 4963 462 5016 vidit
489 4966 717 5017 Patrem
753 4962 960 5025 Deum,
997 4978 1134 5017 cum
1188 4962 1362 5017 Filius
1392 4962 1553 5016 dicat
1579 4961 1764 5017 videri

94 5033 336 5088 Patrem
365 5050 502 5087 cum
543 5034 671 5104 ipse
706 5033 938 5087 videtur
957 5034 994 5104 ?r
1016 5032 1167 5099 Quia
1192 5047 1385 5103 neque
1412 5032 1555 5087 alter
1587 5032 1758 5086 Deus.

91 5106 152 5159 Si
193 5120 334 5228 e630
359 5104 509 5160 alter
534 5103 779 5169 nonest,
805 5103 1103 5175 ipseidem
1126 5105 1268 5176 quia
1292 5118 1448 5159 unus
1471 5108 1579 5167 est,
1597 5104 1760 5158 visus

92 5182 185 5228 est
274 5192 400 5228 eus.

92 5182 185 5231 est
224 5182 400 5229 Deus.

169 5246 473 5313 Quantum
507 5244 580 5300 ad
608 5246 1039 5314 Evangelistam
1071 5246 1339 5315 pertinet,
1359 5246 1432 5301 de
1458 5246 1625 5300 Patre
1644 5247 1762 5300 Deo

90 5318 215 5373 hoc
242 5318 410 5380 dixit,
443 5316 583 5387 quia
612 5333 790 5371 nemo
822 5318 965 5371 vidit
1019 5320 1222 5381 Deum,
1275 5318 1385 5372 nisi
1419 5315 1595 5372 Filius
1628 5316 1764 5371 uni-

92 5390 339 5455 genitus
365 5388 467 5458 qui
487 5394 570 5442 est
594 5389 650 5442 in
668 5392 802 5442 sinu
833 5389 1037 5450 Patris,
1057 5389 1183 5459 ipse
1207 5388 1523 5443 enarravit.
1552 5387 1758 5459 Creda-

87 5477 235 5517 mus
266 5460 445 5524 Filio;
474 5460 596 5530 ipse
620 5460 918 5517 enarravit
939 5461 1095 5514 enim
1111 5460 1253 5529 quia
1268 5458 1758 5530 nemo,nisiipse,

153 5558 231 5615 (a)
292 5556 491 5605 Eadem
541 5571 664 5606 cum
721 5570 785 5607 ea
850 5570 968 5619 quae
1014 5558 1155 5605 inter
1189 5558 1360 5619 primo
1404 5556 1648 5619 vulgatas
1684 5559 1761 5605 est

88 5623 291 5682 quiest.
326 5621 403 5667 21.

156 5683 233 5743 (b)
271 5682 428 5731 Deest
463 5682 516 5730 in
549 5682 679 5737 Mss.
718 5682 879 5746 primi
914 5681 1149 5745 generis,

1884 3969 2029 4023 vidit
2072 3969 2281 4024 Deum.
2321 3970 2438 4023 Hoc
2487 3972 2685 4022 autem
2728 3965 2863 4021 ideo
2893 3964 3061 4029 dixit,
3096 3968 3159 4019 ut
3206 3964 3444 4020 doceret
3474 3982 3535 4021 se

1880 4056 2111 4111 semper
2124 4040 2471 4111 apparuisse
2488 4037 2835 4111 Patriarchis
2851 4041 2907 4092 et
2920 4036 3292 4111 Prophetis.N
3301 4052 3378 4092 on
3393 4052 3534 4111 ergo

1878 4110 1993 4166 hoc
2013 4108 2099 4166 ad
2128 4108 2312 4166 uhum
2343 4112 2527 4165 Deum
2560 4110 2830 4181 pertinet,
2851 4108 2955 4163 sed
2985 4109 3062 4163 ad
3084 4124 3401 4181 personam
3422 4109 3532 4163 Pa-

1880 4182 2001 4245 tris,
2025 4181 2100 4236 de
2126 4197 2248 4253 quo
2280 4197 2399 4237 non
2422 4180 2613 4253 potest
2630 4180 2740 4235 dici
2763 4180 2939 4253 aliter
2955 4196 3139 4253 quam
3176 4182 3323 4253 Deus
3348 4180 3530 4253 Pater.

1881 4254 2055 4307 Filius
2082 4248 2282 4308 autem
2308 4254 2391 4308 sic
2423 4248 2487 4307 se
2519 4252 2711 4306 visum
2741 4251 2903 4313 dicit,
2936 4248 2999 4303 ut
3020 4248 3338 4303 invisibilis
3368 4249 3533 4303 sitta-

1878 4340 2013 4379 men
2044 4324 2102 4378 in
2134 4340 2203 4379 eo
2232 4325 2366 4394 ipso
2398 4340 2537 4377 cum
2552 4322 2737 4377 videri
2760 4321 3230 4394 putatur.__Vis_us
3252 4318 3407 4373 enim
3437 4318 3531 4394 hic

1875 4394 2206 4472 intellectus
2228 4389 2320 4472 est
2349 4412 2362 4460 ;
2388 4394 2529 4464 quia
2551 4408 2672 4472 non
2694 4389 2895 4472 utique
2911 4389 3099 4472 oculis
3117 4390 3407 4472 visusnest,
3425 4392 3531 4444 sed

1878 4469 2073 4520 mente
2101 4459 2433 4520 intellectus
2470 4480 2480 4518 :
2511 4468 2568 4517 et
2596 4463 2709 4518 hoc
2740 4459 2846 4517 fuit
2872 4460 3110 4523 vidisse,
3144 4459 3525 4526 intellexisse,

1856 4536 1936 4591 .in
1956 4553 2026 4591 eo
2046 4536 2211 4608 quod
2229 4535 2508 4608 apparuit
2522 4534 2813 4608 ibiinesse
2832 4535 3035 4608 Deum.
3062 4532 3207 4585 Cum
3224 4535 3425 4585 autem

1876 4608 1952 4663 cit
1972 4602 2402 4670 Sal'vatoerui
2422 4622 2498 4658 me
2529 4604 2692 4665 videt,
2722 4603 2869 4657 videt
2897 4610 2944 4656 et
2970 4602 3191 4656 Patrem
3224 4617 3382 4666 ;non
3420 4603 3532 4657 uti-

1874 4695 1991 4750 que
2010 4680 2085 4750 ad
2105 4677 2413 4750 oculorum
2448 4675 2787 4750 visuinhoc
2818 4673 3032 4750 retulit,
3067 4672 3169 4727 sed
3204 4673 3436 4737 mentis,
3471 4678 3529 4729 et

1875 4744 2083 4804 iitnihil
2117 4748 2267 4801 inter
2302 4750 2466 4801 Pater
2498 4753 2555 4802 et
2590 4746 2802 4801 Filium
2846 4744 3151 4798 diversum
3183 4760 3312 4798 esse
3347 4750 3521 4814 puta-

1874 4826 2051 4875 retur.
2078 4822 2288 4873 Neuter
2318 4833 2458 4888 ergo
2490 4832 2697 4873 eorum
2744 4817 2907 4870 visus
2934 4816 3220 4888 estjuxta
3247 4814 3526 4871 substan-

1873 4892 2039 4945 tiam.
2067 4890 2295 4944 Circum
2334 4886 2688 4960 apparentia
2719 4892 2917 4960 autem
2945 4886 3329 4960 solus_Fil_ius_
3364 4887 3527 4960 visus

1872 4967 1959 5016 est
1989 4966 2205 5025 mente,
2237 4976 2359 5015 non
2374 4956 2727 5016 "carnalibus
2759 4958 2948 5014 oculis
2977 4974 2996 5023 ;
3036 4956 3181 5030 quia
3212 4957 3525 5013 invisibilis

1872 5036 1959 5087 est
1987 5033 2137 5087 sicut
2161 5033 2345 5086 Pater.

1944 5104 2133 5172 “1(a).
2162 5135 2229 5142 —
2269 5105 2441 5157 Vetus
2494 5102 2609 5156 Lex
2648 5101 2830 5155 Deum
2879 5097 3527 5172 jurasse_allegat_:_4sic

1872 5169 2210 5233 enim—dicit.
2228 5175 2333 5227 Per
2344 5170 3083 5243 memetipsumjuravi,dicit_
3094 5169 3522 5243 Dominuswm}.

1870 5262 2010 5311 xxu,
2044 5246 2145 5315 t6).
2187 5245 2459 5298 Salvator
2490 5240 2691 5315 autem
2724 5240 2930 5315 jurare
2961 5240 3265 5315 prohibuit
3312 5241 3518 5311 (Matth.

1870 5332 1927 5381 v,
1962 5310 2054 5383 34)
2097 5310 2115 5370 ε’
2152 5315 2604 5388 quomodonon
2628 5310 2918 5388 destruxit
2945 5316 3148 5388 vetera
3186 5310 3212 5364 ?
3324 5310 3329 5311 ⁷
3396 5379 3431 5388 η

1942 5380 2277 5457 Antequam
2312 5385 2653 5457 notitiaiDei
2684 5391 2836 5457 esset
2884 5383 2944 5457 in
2977 5381 3176 5457 terris,
3212 5380 3525 5457 nonaliter

1870 5451 2132 5527 oportuit
2162 5472 2487 5528 provocare
2540 5456 2814 5528 homines
2840 5454 2923 5528 ad
2949 5469 3117 5528 spem
3164 5451 3521 5528 inauditam,

1868 5522 2054 5601 quam
2079 5522 2474 5600 jurejurando
2504 5526 2822 5598 promissio
2848 5525 2961 5582 illis
2982 5522 3177 5592 'ﬁeret,
3206 5524 3284 5580 ab
3315 5539 3385 5578 eo
3417 5522 3524 5579 uti-

1930 5681 2002 5743 (a)
2031 5679 2185 5729 Deest
2205 5680 2259 5728 in
2284 5679 2473 5729 iisdem
2508 5678 2631 5727 Mss.
