  <div class='ocr_page' id='page_1' title='image "/cluster/home/n/w/nwhite01/storage/ocr_20150623/35/hvd.32044054170956/560.png"; bbox 0 0 4140 6208; ppageno 0'>
   <div class='ocr_carea' id='block_1_1' title="bbox 201 120 354 183">
    <p class='ocr_par' dir='ltr' id='par_1_1' title="bbox 201 120 354 183">
     <span class='ocr_line' id='line_1_1' title="bbox 201 120 354 183; baseline -0.007 0"><span class='ocrx_word' id='word_1_1' title='bbox 201 120 354 183; x_wconf 63' lang='grc'><strong>9421</strong></span> 
     </span>
    </p>
   </div>
   <div class='ocr_carea' id='block_1_2' title="bbox 202 251 1870 331">
    <p class='ocr_par' dir='ltr' id='par_1_2' title="bbox 202 251 1870 331">
     <span class='ocr_line' id='line_1_2' title="bbox 202 251 1870 331; baseline 0.005 -26"><span class='ocrx_word' id='word_1_2' title='bbox 202 251 456 331; x_wconf 73' lang='lat' dir='ltr'><strong>generis</strong></span> <span class='ocrx_word' id='word_1_3' title='bbox 476 251 569 331; x_wconf 75' lang='lat' dir='ltr'><strong>sui</strong></span> <span class='ocrx_word' id='word_1_4' title='bbox 594 254 851 331; x_wconf 75' lang='lat' dir='ltr'><strong>speciem</strong></span> <span class='ocrx_word' id='word_1_5' title='bbox 869 257 1210 331; x_wconf 82' lang='lat' dir='ltr'><strong>coalescunt</strong></span> <span class='ocrx_word' id='word_1_6' title='bbox 1235 258 1251 295; x_wconf 87' lang='grc'>¹</span> <span class='ocrx_word' id='word_1_7' title='bbox 1277 277 1289 314; x_wconf 92' lang='lat'><strong>:</strong></span> <span class='ocrx_word' id='word_1_8' title='bbox 1317 258 1445 316; x_wconf 64' lang='lat' dir='ltr'><strong>haec</strong></span> <span class='ocrx_word' id='word_1_9' title='bbox 1469 260 1670 313; x_wconf 88' lang='lat' dir='ltr'><strong>autem</strong></span> <span class='ocrx_word' id='word_1_10' title='bbox 1723 256 1870 331; x_wconf 64' lang='lat' dir='ltr'><strong>divi;</strong></span> 
     </span>
    </p>
   </div>
   <div class='ocr_carea' id='block_1_3' title="bbox 198 321 1865 387">
    <p class='ocr_par' dir='ltr' id='par_1_3' title="bbox 198 321 1865 387">
     <span class='ocr_line' id='line_1_3' title="bbox 198 321 1865 387; baseline 0.006 -11"><span class='ocrx_word' id='word_1_11' title='bbox 198 322 374 377; x_wconf 90' lang='lat' dir='ltr'><strong>nitus</strong></span> <span class='ocrx_word' id='word_1_12' title='bbox 406 321 572 379; x_wconf 91' lang='lat' dir='ltr'><strong>nullo</strong></span> <span class='ocrx_word' id='word_1_13' title='bbox 608 321 830 383; x_wconf 78' lang='lat' dir='ltr'><strong>auxilio</strong></span> <span class='ocrx_word' id='word_1_14' title='bbox 886 328 1266 387; x_wconf 82' lang='lat' dir='ltr'><strong>admixtionis</strong></span> <span class='ocrx_word' id='word_1_15' title='bbox 1298 334 1557 387; x_wconf 68' lang='lat' dir='ltr'><strong>externas</strong></span> <span class='ocrx_word' id='word_1_16' title='bbox 1597 344 1670 387; x_wconf 80' lang='lat' dir='ltr'><strong>ex</strong></span> <span class='ocrx_word' id='word_1_17' title='bbox 1710 346 1774 385; x_wconf 93' lang='lat' dir='ltr'><strong>se</strong></span> <span class='ocrx_word' id='word_1_18' title='bbox 1801 329 1865 386; x_wconf 91' lang='lat' dir='ltr'>id</span> 
     </span>
    </p>
   </div>
   <div class='ocr_carea' id='block_1_4' title="bbox 198 393 1866 475">
    <p class='ocr_par' dir='ltr' id='par_1_4' title="bbox 198 393 1866 475">
     <span class='ocr_line' id='line_1_4' title="bbox 198 393 1866 475; baseline 0.006 -29"><span class='ocrx_word' id='word_1_19' title='bbox 198 393 374 475; x_wconf 76' lang='lat' dir='ltr'><strong>quod</strong></span> <span class='ocrx_word' id='word_1_20' title='bbox 410 394 469 475; x_wconf 84' lang='lat' dir='ltr'><strong>in</strong></span> <span class='ocrx_word' id='word_1_21' title='bbox 498 411 563 475; x_wconf 79' lang='lat' dir='ltr'><strong>se</strong></span> <span class='ocrx_word' id='word_1_22' title='bbox 589 412 658 453; x_wconf 94' lang='lat' dir='ltr'><strong>ac</strong></span> <span class='ocrx_word' id='word_1_23' title='bbox 689 413 889 475; x_wconf 82' lang='lat' dir='ltr'><strong>secum</strong></span> <span class='ocrx_word' id='word_1_24' title='bbox 917 417 1153 475; x_wconf 80' lang='lat' dir='ltr'><strong>semper</strong></span> <span class='ocrx_word' id='word_1_25' title='bbox 1179 399 1638 475; x_wconf 78' lang='lat' dir='ltr'><strong>habuit,eduxit</strong></span> <span class='ocrx_word' id='word_1_26' title='bbox 1661 404 1718 457; x_wconf 87' lang='lat' dir='ltr'><strong>et</strong></span> <span class='ocrx_word' id='word_1_27' title='bbox 1732 417 1866 475; x_wconf 62' lang='lat' dir='ltr'><strong>pro;</strong></span> 
     </span>
    </p>
   </div>
   <div class='ocr_carea' id='block_1_5' title="bbox 197 464 1862 548">
    <p class='ocr_par' dir='ltr' id='par_1_5' title="bbox 197 464 1862 548">
     <span class='ocr_line' id='line_1_5' title="bbox 197 464 1862 548; baseline 0.004 -29"><span class='ocrx_word' id='word_1_28' title='bbox 197 464 362 548; x_wconf 74' lang='lat' dir='ltr'><strong>tulit,</strong></span> <span class='ocrx_word' id='word_1_29' title='bbox 391 466 634 548; x_wconf 77' lang='lat' dir='ltr'><strong>utenim</strong></span> <span class='ocrx_word' id='word_1_30' title='bbox 663 468 711 548; x_wconf 82' lang='lat' dir='ltr'><strong>si</strong></span> <span class='ocrx_word' id='word_1_31' title='bbox 741 469 935 548; x_wconf 88' lang='lat' dir='ltr'><strong>lucem</strong></span> <span class='ocrx_word' id='word_1_32' title='bbox 968 464 1137 548; x_wconf 75' lang='lat' dir='ltr'><strong>nasci</strong></span> <span class='ocrx_word' id='word_1_33' title='bbox 1168 489 1237 529; x_wconf 86' lang='lat' dir='ltr'><strong>ex</strong></span> <span class='ocrx_word' id='word_1_34' title='bbox 1252 464 1862 548; x_wconf 61' lang='lat' dir='ltr'><strong>soledicamus,q&#39;u_od</strong></span> 
     </span>
    </p>
   </div>
   <div class='ocr_carea' id='block_1_6' title="bbox 197 535 1864 615">
    <p class='ocr_par' dir='ltr' id='par_1_6' title="bbox 197 535 1864 615">
     <span class='ocr_line' id='line_1_6' title="bbox 197 535 1864 615; baseline 0.005 -25"><span class='ocrx_word' id='word_1_35' title='bbox 197 535 288 591; x_wconf 91' lang='lat' dir='ltr'><strong>ab</strong></span> <span class='ocrx_word' id='word_1_36' title='bbox 321 552 392 592; x_wconf 90' lang='lat' dir='ltr'><strong>eo</strong></span> <span class='ocrx_word' id='word_1_37' title='bbox 422 539 702 615; x_wconf 81' lang='lat' dir='ltr'><strong>procedat</strong></span> <span class='ocrx_word' id='word_1_38' title='bbox 750 546 807 597; x_wconf 90' lang='lat' dir='ltr'><strong>et</strong></span> <span class='ocrx_word' id='word_1_39' title='bbox 858 542 1161 615; x_wconf 80' lang='lat' dir='ltr'><strong>proﬂuat;</strong></span> <span class='ocrx_word' id='word_1_40' title='bbox 1210 559 1330 601; x_wconf 88' lang='lat' dir='ltr'><strong>non</strong></span> <span class='ocrx_word' id='word_1_41' title='bbox 1346 545 1550 615; x_wconf 88' lang='lat' dir='ltr'><strong>utique</strong></span> <span class='ocrx_word' id='word_1_42' title='bbox 1600 535 1684 599; x_wconf 79' lang='lat' dir='ltr'><strong>sic</strong></span> <span class='ocrx_word' id='word_1_43' title='bbox 1716 535 1864 599; x_wconf 67' lang='lat' dir='ltr'><strong>Ilici-</strong></span> 
     </span>
    </p>
   </div>
   <div class='ocr_carea' id='block_1_7' title="bbox 198 608 1858 688">
    <p class='ocr_par' dir='ltr' id='par_1_7' title="bbox 198 608 1858 688">
     <span class='ocr_line' id='line_1_7' title="bbox 198 608 1858 688; baseline 0.005 -27"><span class='ocrx_word' id='word_1_44' title='bbox 198 622 371 688; x_wconf 57' lang='lat' dir='ltr'><strong>mus:</strong></span> <span class='ocrx_word' id='word_1_45' title='bbox 403 608 581 688; x_wconf 78' lang='lat' dir='ltr'><strong>quasi</strong></span> <span class='ocrx_word' id='word_1_46' title='bbox 608 608 937 688; x_wconf 83' lang='lat' dir='ltr'><strong>aliquando</strong></span> <span class='ocrx_word' id='word_1_47' title='bbox 970 616 1096 670; x_wconf 86' lang='lat' dir='ltr'><strong>sine</strong></span> <span class='ocrx_word' id='word_1_48' title='bbox 1116 615 1248 688; x_wconf 82' lang='lat' dir='ltr'><strong>luce</strong></span> <span class='ocrx_word' id='word_1_49' title='bbox 1270 608 1477 671; x_wconf 74' lang='lat' dir='ltr'><strong>solaut</strong></span> <span class='ocrx_word' id='word_1_50' title='bbox 1506 630 1637 670; x_wconf 90' lang='lat' dir='ltr'><strong>esse</strong></span> <span class='ocrx_word' id='word_1_51' title='bbox 1652 616 1858 688; x_wconf 81' lang='lat' dir='ltr'><strong>possit,</strong></span> 
     </span>
    </p>
   </div>
   <div class='ocr_carea' id='block_1_8' title="bbox 197 677 1862 758">
    <p class='ocr_par' dir='ltr' id='par_1_8' title="bbox 197 677 1862 758">
     <span class='ocr_line' id='line_1_8' title="bbox 197 677 1862 758; baseline 0.005 -25"><span class='ocrx_word' id='word_1_52' title='bbox 197 684 312 733; x_wconf 87' lang='lat' dir='ltr'><strong>aut</strong></span> <span class='ocrx_word' id='word_1_53' title='bbox 341 677 535 745; x_wconf 64' lang='lat' dir='ltr'><strong>fuerit,</strong></span> <span class='ocrx_word' id='word_1_54' title='bbox 572 684 632 737; x_wconf 92' lang='lat' dir='ltr'><strong>ut</strong></span> <span class='ocrx_word' id='word_1_55' title='bbox 662 677 797 758; x_wconf 69' lang='lat' dir='ltr'><strong>eam</strong></span> <span class='ocrx_word' id='word_1_56' title='bbox 828 689 1092 758; x_wconf 84' lang='lat' dir='ltr'><strong>tempore</strong></span> <span class='ocrx_word' id='word_1_57' title='bbox 1144 686 1346 758; x_wconf 89' lang='lat' dir='ltr'><strong>aliquo</strong></span> <span class='ocrx_word' id='word_1_58' title='bbox 1402 702 1438 743; x_wconf 87' lang='lat' dir='ltr'><strong>a</strong></span> <span class='ocrx_word' id='word_1_59' title='bbox 1467 702 1529 742; x_wconf 90' lang='lat' dir='ltr'><strong>se</strong></span> <span class='ocrx_word' id='word_1_60' title='bbox 1578 677 1862 758; x_wconf 53' lang='lat' dir='ltr'><strong>posterio;</strong></span> 
     </span>
    </p>
   </div>
   <div class='ocr_carea' id='block_1_9' title="bbox 199 752 1859 839">
    <p class='ocr_par' dir='ltr' id='par_1_9' title="bbox 199 752 1859 839">
     <span class='ocr_line' id='line_1_9' title="bbox 199 752 1859 839; baseline 0.005 -36"><span class='ocrx_word' id='word_1_61' title='bbox 199 752 739 839; x_wconf 34' lang='lat' dir='ltr'><strong>remo-generaverit</strong></span> <span class='ocrx_word' id='word_1_62' title='bbox 769 756 811 820; x_wconf 73' lang='grc' dir='ltr'><strong>ί,</strong></span> <span class='ocrx_word' id='word_1_63' title='bbox 836 752 1034 839; x_wconf 53' lang='grc' dir='ltr'>ἓβάἰιῐ</span> <span class='ocrx_word' id='word_1_64' title='bbox 1062 760 1221 839; x_wconf 78' lang='lat' dir='ltr'><strong>quod</strong></span> <span class='ocrx_word' id='word_1_65' title='bbox 1243 752 1463 839; x_wconf 57' lang='lat' dir='ltr'><strong>&#39;secum</strong></span> <span class='ocrx_word' id='word_1_66' title='bbox 1484 752 1859 839; x_wconf 62' lang='lat' dir='ltr'><strong>semperob-</strong></span> 
     </span>
    </p>
   </div>
   <div class='ocr_carea' id='block_1_10' title="bbox 199 823 1861 903">
    <p class='ocr_par' dir='ltr' id='par_1_10' title="bbox 199 823 1861 903">
     <span class='ocr_line' id='line_1_10' title="bbox 199 823 1861 903; baseline 0.006 -30"><span class='ocrx_word' id='word_1_67' title='bbox 199 823 404 903; x_wconf 67' lang='lat' dir='ltr'><strong>tinuit,</strong></span> <span class='ocrx_word' id='word_1_68' title='bbox 436 836 568 903; x_wconf 68' lang='lat' dir='ltr'><strong>eam</strong></span> <span class='ocrx_word' id='word_1_69' title='bbox 586 823 661 879; x_wconf 89' lang='lat' dir='ltr'><strong>de</strong></span> <span class='ocrx_word' id='word_1_70' title='bbox 686 826 984 903; x_wconf 82' lang='lat' dir='ltr'><strong>sescilicet</strong></span> <span class='ocrx_word' id='word_1_71' title='bbox 1008 823 1269 897; x_wconf 78' lang='lat' dir='ltr'><strong>genitam</strong></span> <span class='ocrx_word' id='word_1_72' title='bbox 1296 830 1422 883; x_wconf 85' lang='lat' dir='ltr'><strong>sine</strong></span> <span class='ocrx_word' id='word_1_73' title='bbox 1444 823 1633 903; x_wconf 65' lang='lat' dir='ltr'><strong>coepti</strong></span> <span class='ocrx_word' id='word_1_74' title='bbox 1660 828 1861 900; x_wconf 89' lang='lat' dir='ltr'><strong>aliqua</strong></span> 
     </span>
    </p>
   </div>
   <div class='ocr_carea' id='block_1_11' title="bbox 197 890 1862 972">
    <p class='ocr_par' dir='ltr' id='par_1_11' title="bbox 197 890 1862 972">
     <span class='ocr_line' id='line_1_11' title="bbox 197 890 1862 972; baseline 0.005 -27"><span class='ocrx_word' id='word_1_75' title='bbox 197 890 588 949; x_wconf 90' lang='lat' dir='ltr'><strong>distinctione</strong></span> <span class='ocrx_word' id='word_1_76' title='bbox 607 911 651 972; x_wconf 81' lang='lat' dir='ltr'><strong>_a</strong></span> <span class='ocrx_word' id='word_1_77' title='bbox 682 890 1148 970; x_wconf 47' lang='lat' dir='ltr'><strong>principiofqua</strong></span> <span class='ocrx_word' id='word_1_78' title='bbox 1175 915 1414 972; x_wconf 86' lang='lat' dir='ltr'><strong>semper</strong></span> <span class='ocrx_word' id='word_1_79' title='bbox 1438 890 1676 972; x_wconf 79' lang='lat' dir='ltr'><strong>fulgeat,</strong></span> <span class='ocrx_word' id='word_1_80' title='bbox 1709 890 1862 972; x_wconf 73' lang='lat' dir='ltr'><strong>sem-</strong></span> 
     </span>
    </p>
   </div>
   <div class='ocr_carea' id='block_1_12' title="bbox 247 964 1859 1044">
    <p class='ocr_par' dir='ltr' id='par_1_12' title="bbox 247 964 1859 1044">
     <span class='ocr_line' id='line_1_12' title="bbox 247 964 1859 1044; baseline 0.005 -27"><span class='ocrx_word' id='word_1_81' title='bbox 247 978 314 1044; x_wconf 73' lang='lat' dir='ltr'><strong>er</strong></span> <span class='ocrx_word' id='word_1_82' title='bbox 338 978 503 1044; x_wconf 62' lang='lat' dir='ltr'><strong>exse</strong></span> <span class='ocrx_word' id='word_1_83' title='bbox 536 964 699 1044; x_wconf 78' lang='lat' dir='ltr'><strong>velut</strong></span> <span class='ocrx_word' id='word_1_84' title='bbox 748 964 993 1025; x_wconf 80' lang='lat' dir='ltr'><strong>munere</strong></span> <span class='ocrx_word' id='word_1_85' title='bbox 1035 964 1347 1044; x_wconf 63' lang='lat' dir='ltr'><strong>reparante</strong></span> <span class='ocrx_word' id='word_1_86' title='bbox 1387 964 1736 1044; x_wconf 29' lang='lat' dir='ltr'><strong>collustret‘:</strong></span> <span class='ocrx_word' id='word_1_87' title='bbox 1772 970 1859 1025; x_wconf 89' lang='lat' dir='ltr'><strong>sic</strong></span> 
     </span>
    </p>
   </div>
   <div class='ocr_carea' id='block_1_13' title="bbox 253 1035 1859 1117">
    <p class='ocr_par' dir='ltr' id='par_1_13' title="bbox 253 1035 1859 1117">
     <span class='ocr_line' id='line_1_13' title="bbox 253 1035 1859 1117; baseline 0.006 -30"><span class='ocrx_word' id='word_1_88' title='bbox 253 1035 308 1087; x_wconf 89' lang='lat' dir='ltr'><strong>ei</strong></span> <span class='ocrx_word' id='word_1_89' title='bbox 338 1035 531 1117; x_wconf 41' lang='lat' dir='ltr'><strong>Filius.</strong></span> <span class='ocrx_word' id='word_1_90' title='bbox 551 1036 629 1093; x_wconf 92' lang='lat' dir='ltr'><strong>ab</strong></span> <span class='ocrx_word' id='word_1_91' title='bbox 654 1043 875 1117; x_wconf 63' lang='lat' dir='ltr'><strong>esterno</strong></span> <span class='ocrx_word' id='word_1_92' title='bbox 900 1035 1150 1117; x_wconf 70' lang='lat' dir='ltr'><strong>omnino</strong></span> <span class='ocrx_word' id='word_1_93' title='bbox 1181 1042 1330 1117; x_wconf 79' lang='lat' dir='ltr'><strong>Patri</strong></span> <span class='ocrx_word' id='word_1_94' title='bbox 1346 1042 1674 1106; x_wconf 70' lang='lat' dir='ltr'><strong>cohaerens,</strong></span> <span class='ocrx_word' id='word_1_95' title='bbox 1703 1040 1859 1097; x_wconf 92' lang='lat' dir='ltr'><strong>hanc</strong></span> 
     </span>
    </p>
   </div>
   <div class='ocr_carea' id='block_1_14' title="bbox 198 1108 1853 1175">
    <p class='ocr_par' dir='ltr' id='par_1_14' title="bbox 198 1108 1853 1175">
     <span class='ocr_line' id='line_1_14' title="bbox 198 1108 1853 1175; baseline 0.005 -18"><span class='ocrx_word' id='word_1_96' title='bbox 198 1119 452 1175; x_wconf 81' lang='lat' dir='ltr'><strong>quoque</strong></span> <span class='ocrx_word' id='word_1_97' title='bbox 481 1108 612 1175; x_wconf 82' lang='lat' dir='ltr'><strong>ejus</strong></span> <span class='ocrx_word' id='word_1_98' title='bbox 645 1108 1090 1167; x_wconf 74' lang='lat' dir='ltr'><strong>similitudinem</strong></span> <span class='ocrx_word' id='word_1_99' title='bbox 1142 1113 1345 1173; x_wconf 87' lang='lat' dir='ltr'><strong>tenuit,</strong></span> <span class='ocrx_word' id='word_1_100' title='bbox 1399 1119 1461 1167; x_wconf 90' lang='lat' dir='ltr'><strong>ut</strong></span> <span class='ocrx_word' id='word_1_101' title='bbox 1526 1129 1634 1168; x_wconf 92' lang='lat' dir='ltr'><strong>nec</strong></span> <span class='ocrx_word' id='word_1_102' title='bbox 1660 1119 1853 1168; x_wconf 89' lang='lat' dir='ltr'><strong>ortum</strong></span> 
     </span>
    </p>
   </div>
   <div class='ocr_carea' id='block_1_15' title="bbox 194 1174 1859 1255">
    <p class='ocr_par' dir='ltr' id='par_1_15' title="bbox 194 1174 1859 1255">
     <span class='ocr_line' id='line_1_15' title="bbox 194 1174 1859 1255; baseline 0.005 -25"><span class='ocrx_word' id='word_1_103' title='bbox 194 1174 446 1255; x_wconf 71' lang='lat' dir='ltr'><strong>habeat,</strong></span> <span class='ocrx_word' id='word_1_104' title='bbox 478 1174 588 1255; x_wconf 80' lang='lat' dir='ltr'><strong>nec</strong></span> <span class='ocrx_word' id='word_1_105' title='bbox 613 1194 920 1255; x_wconf 80' lang='lat' dir='ltr'><strong>occasum.</strong></span> <span class='ocrx_word' id='word_1_106' title='bbox 954 1184 1019 1237; x_wconf 88' lang='lat' dir='ltr'><strong>Et</strong></span> <span class='ocrx_word' id='word_1_107' title='bbox 1047 1188 1108 1238; x_wconf 90' lang='lat' dir='ltr'><strong>ut</strong></span> <span class='ocrx_word' id='word_1_108' title='bbox 1130 1184 1281 1238; x_wconf 86' lang='lat' dir='ltr'><strong>Deus</strong></span> <span class='ocrx_word' id='word_1_109' title='bbox 1312 1184 1440 1237; x_wconf 84' lang='lat' dir='ltr'><strong>sine</strong></span> <span class='ocrx_word' id='word_1_110' title='bbox 1457 1183 1682 1255; x_wconf 85' lang='lat' dir='ltr'><strong>origine</strong></span> <span class='ocrx_word' id='word_1_111' title='bbox 1706 1199 1859 1238; x_wconf 89' lang='lat' dir='ltr'><strong>sem-</strong></span> 
     </span>
    </p>
   </div>
   <div class='ocr_carea' id='block_1_16' title="bbox 199 1250 1858 1326">
    <p class='ocr_par' dir='ltr' id='par_1_16' title="bbox 199 1250 1858 1326">
     <span class='ocr_line' id='line_1_16' title="bbox 199 1250 1858 1326; baseline 0.004 -26"><span class='ocrx_word' id='word_1_112' title='bbox 199 1250 495 1326; x_wconf 84' lang='lat' dir='ltr'><strong>piternus,</strong></span> <span class='ocrx_word' id='word_1_113' title='bbox 538 1250 619 1326; x_wconf 80' lang='lat' dir='ltr'><strong>ita</strong></span> <span class='ocrx_word' id='word_1_114' title='bbox 665 1257 720 1326; x_wconf 79' lang='lat' dir='ltr'><strong>et</strong></span> <span class='ocrx_word' id='word_1_115' title='bbox 771 1253 949 1326; x_wconf 82' lang='lat' dir='ltr'><strong>Filius</strong></span> <span class='ocrx_word' id='word_1_116' title='bbox 1001 1256 1443 1326; x_wconf 87' lang='lat' dir='ltr'><strong>sempiternus:</strong></span> <span class='ocrx_word' id='word_1_117' title='bbox 1501 1250 1579 1309; x_wconf 62' lang='lat' dir='ltr'><strong>et&#39;</strong></span> <span class='ocrx_word' id='word_1_118' title='bbox 1599 1261 1661 1309; x_wconf 91' lang='lat' dir='ltr'><strong>ut</strong></span> <span class='ocrx_word' id='word_1_119' title='bbox 1703 1255 1858 1309; x_wconf 86' lang='lat' dir='ltr'><strong>Deus</strong></span> 
     </span>
    </p>
   </div>
   <div class='ocr_carea' id='block_1_17' title="bbox 202 1320 1855 1396">
    <p class='ocr_par' dir='ltr' id='par_1_17' title="bbox 202 1320 1855 1396">
     <span class='ocr_line' id='line_1_17' title="bbox 202 1320 1855 1396; baseline 0.005 -23"><span class='ocrx_word' id='word_1_120' title='bbox 202 1332 366 1396; x_wconf 79' lang='lat' dir='ltr'><strong>unus</strong></span> <span class='ocrx_word' id='word_1_121' title='bbox 396 1325 505 1384; x_wconf 89' lang='lat' dir='ltr'><strong>est,</strong></span> <span class='ocrx_word' id='word_1_122' title='bbox 538 1320 813 1396; x_wconf 75' lang='lat' dir='ltr'><strong>simplex,</strong></span> <span class='ocrx_word' id='word_1_123' title='bbox 854 1320 1156 1396; x_wconf 56' lang='lat' dir='ltr'><strong>idemque&quot;,</strong></span> <span class='ocrx_word' id='word_1_124' title='bbox 1209 1326 1294 1380; x_wconf 91' lang='lat' dir='ltr'><strong>sic</strong></span> <span class='ocrx_word' id='word_1_125' title='bbox 1332 1342 1468 1381; x_wconf 91' lang='lat' dir='ltr'><strong>cum</strong></span> <span class='ocrx_word' id='word_1_126' title='bbox 1527 1330 1690 1380; x_wconf 86' lang='lat' dir='ltr'><strong>Patre</strong></span> <span class='ocrx_word' id='word_1_127' title='bbox 1718 1341 1855 1396; x_wconf 85' lang='lat' dir='ltr'><strong>per-</strong></span> 
     </span>
    </p>
   </div>
   <div class='ocr_carea' id='block_1_18' title="bbox 198 1340 1854 1472">
    <p class='ocr_par' dir='ltr' id='par_1_18' title="bbox 198 1340 1854 1472">
     <span class='ocr_line' id='line_1_18' title="bbox 204 1340 1854 1396; baseline 0.005 -23"><span class='ocrx_word' id='word_1_128' title='bbox 204 1340 366 1373; x_wconf 82' lang='lat' dir='ltr'><strong>uuus</strong></span> <span class='ocrx_word' id='word_1_129' title='bbox 396 1340 505 1384; x_wconf 76' lang='lat' dir='ltr'><strong>BSt,</strong></span> <span class='ocrx_word' id='word_1_130' title='bbox 538 1340 813 1392; x_wconf 76' lang='lat' dir='ltr'><strong>81mplex,</strong></span> <span class='ocrx_word' id='word_1_131' title='bbox 854 1340 1010 1379; x_wconf 82' lang='lat' dir='ltr'><strong>mem</strong></span> <span class='ocrx_word' id='word_1_132' title='bbox 1065 1341 1156 1391; x_wconf 91' lang='lat' dir='ltr'><strong>ue,</strong></span> <span class='ocrx_word' id='word_1_133' title='bbox 1209 1342 1294 1380; x_wconf 80' lang='lat' dir='ltr'><strong>sic</strong></span> <span class='ocrx_word' id='word_1_134' title='bbox 1332 1342 1468 1381; x_wconf 90' lang='lat' dir='ltr'><strong>cum</strong></span> <span class='ocrx_word' id='word_1_135' title='bbox 1527 1340 1690 1380; x_wconf 71' lang='lat' dir='ltr'><strong>Patre</strong></span> <span class='ocrx_word' id='word_1_136' title='bbox 1729 1341 1854 1396; x_wconf 85' lang='lat' dir='ltr'><strong>per-</strong></span> 
     </span>
     <span class='ocr_line' id='line_1_19' title="bbox 198 1340 1854 1472; baseline 0.006 -30"><span class='ocrx_word' id='word_1_137' title='bbox 198 1388 448 1472; x_wconf 65' lang='lat' dir='ltr'><strong>mixtus,</strong></span> <span class='ocrx_word' id='word_1_138' title='bbox 466 1393 891 1472; x_wconf 76' lang='lat' dir='ltr'><strong>utnominibus</strong></span> <span class='ocrx_word' id='word_1_139' title='bbox 914 1340 1568 1472; x_wconf 34' lang='lat' dir='ltr'><strong>etagiectibusdislincti</strong></span> <span class='ocrx_word' id='word_1_140' title='bbox 1586 1395 1854 1472; x_wconf 81' lang='lat' dir='ltr'><strong>quidem,</strong></span> 
     </span>
    </p>
   </div>
   <div class='ocr_carea' id='block_1_19' title="bbox 202 1460 1856 1541">
    <p class='ocr_par' dir='ltr' id='par_1_19' title="bbox 202 1460 1856 1541">
     <span class='ocr_line' id='line_1_20' title="bbox 202 1460 1856 1541; baseline 0.005 -28"><span class='ocrx_word' id='word_1_141' title='bbox 202 1460 312 1514; x_wconf 90' lang='lat' dir='ltr'><strong>sed</strong></span> <span class='ocrx_word' id='word_1_142' title='bbox 349 1460 519 1541; x_wconf 81' lang='lat' dir='ltr'><strong>idem</strong></span> <span class='ocrx_word' id='word_1_143' title='bbox 565 1464 727 1541; x_wconf 70' lang='lat' dir='ltr'><strong>sipt_,__</strong></span> <span class='ocrx_word' id='word_1_144' title='bbox 757 1464 819 1520; x_wconf 89' lang='lat' dir='ltr'><strong>in</strong></span> <span class='ocrx_word' id='word_1_145' title='bbox 871 1466 1176 1541; x_wconf 82' lang='lat' dir='ltr'><strong>ambobus</strong></span> <span class='ocrx_word' id='word_1_146' title='bbox 1211 1484 1384 1541; x_wconf 85' lang='lat' dir='ltr'><strong>unus,</strong></span> <span class='ocrx_word' id='word_1_147' title='bbox 1425 1473 1481 1522; x_wconf 91' lang='lat' dir='ltr'><strong>et</strong></span> <span class='ocrx_word' id='word_1_148' title='bbox 1522 1460 1765 1541; x_wconf 76' lang='lat' dir='ltr'><strong>uterque</strong></span> <span class='ocrx_word' id='word_1_149' title='bbox 1796 1467 1856 1521; x_wconf 94' lang='lat' dir='ltr'><strong>in</strong></span> 
     </span>
    </p>
   </div>
   <div class='ocr_carea' id='block_1_20' title="bbox 196 1535 1856 1612">
    <p class='ocr_par' dir='ltr' id='par_1_20' title="bbox 196 1535 1856 1612">
     <span class='ocr_line' id='line_1_21' title="bbox 196 1535 1856 1612; baseline 0.005 -28"><span class='ocrx_word' id='word_1_150' title='bbox 196 1545 324 1612; x_wconf 58' lang='lat' dir='ltr'><strong>uno</strong></span> <span class='ocrx_word' id='word_1_151' title='bbox 345 1535 731 1603; x_wconf 88' lang='lat' dir='ltr'><strong>inseparabili</strong></span> <span class='ocrx_word' id='word_1_152' title='bbox 764 1537 1449 1612; x_wconf 67' lang='lat' dir='ltr'><strong>majestatecontinuus.</strong></span> <span class='ocrx_word' id='word_1_153' title='bbox 1470 1541 1621 1593; x_wconf 90' lang='lat' dir='ltr'><strong>Deus</strong></span> <span class='ocrx_word' id='word_1_154' title='bbox 1650 1535 1856 1610; x_wconf 68' lang='lat' dir='ltr'><strong>iiaque</strong></span> 
     </span>
    </p>
   </div>
   <div class='ocr_carea' id='block_1_21' title="bbox 201 1602 1854 1676">
    <p class='ocr_par' dir='ltr' id='par_1_21' title="bbox 201 1602 1854 1676">
     <span class='ocr_line' id='line_1_22' title="bbox 201 1602 1854 1676; baseline 0.004 -19"><span class='ocrx_word' id='word_1_155' title='bbox 201 1602 416 1676; x_wconf 79' lang='lat' dir='ltr'><strong>Filium</strong></span> <span class='ocrx_word' id='word_1_156' title='bbox 442 1602 565 1659; x_wconf 76' lang='lat' dir='ltr'><strong>nun</strong></span> <span class='ocrx_word' id='word_1_157' title='bbox 621 1622 688 1660; x_wconf 87' lang='lat' dir='ltr'><strong>ex</strong></span> <span class='ocrx_word' id='word_1_158' title='bbox 734 1602 998 1663; x_wconf 81' lang='lat' dir='ltr'><strong>materiis</strong></span> <span class='ocrx_word' id='word_1_159' title='bbox 1063 1609 1550 1666; x_wconf 88' lang='lat' dir='ltr'><strong>discordantibus</strong></span> <span class='ocrx_word' id='word_1_160' title='bbox 1577 1602 1854 1676; x_wconf 72' lang='lat' dir='ltr'><strong>tractum,</strong></span> 
     </span>
    </p>
   </div>
   <div class='ocr_carea' id='block_1_22' title="bbox 200 1673 1857 1756">
    <p class='ocr_par' dir='ltr' id='par_1_22' title="bbox 200 1673 1857 1756">
     <span class='ocr_line' id='line_1_23' title="bbox 200 1673 1857 1756; baseline 0.005 -29"><span class='ocrx_word' id='word_1_161' title='bbox 200 1673 310 1729; x_wconf 91' lang='lat' dir='ltr'><strong>sed</strong></span> <span class='ocrx_word' id='word_1_162' title='bbox 340 1689 406 1755; x_wconf 77' lang='lat' dir='ltr'><strong>ex</strong></span> <span class='ocrx_word' id='word_1_163' title='bbox 438 1676 688 1756; x_wconf 74' lang='lat' dir='ltr'><strong>simplici</strong></span> <span class='ocrx_word' id='word_1_164' title='bbox 719 1693 789 1734; x_wconf 90' lang='lat' dir='ltr'><strong>ac</strong></span> <span class='ocrx_word' id='word_1_165' title='bbox 824 1680 1373 1756; x_wconf 69' lang='lat' dir='ltr'><strong>singularinatura:</strong></span> <span class='ocrx_word' id='word_1_166' title='bbox 1412 1697 1552 1756; x_wconf 73' lang='lat' dir='ltr'><strong>sum</strong></span> <span class='ocrx_word' id='word_1_167' title='bbox 1584 1682 1767 1750; x_wconf 90' lang='lat' dir='ltr'><strong>stirpe</strong></span> <span class='ocrx_word' id='word_1_168' title='bbox 1787 1673 1857 1736; x_wconf 81' lang='lat' dir='ltr'><strong>ac</strong></span> 
     </span>
    </p>
   </div>
   <div class='ocr_carea' id='block_1_23' title="bbox 203 1748 1859 1822">
    <p class='ocr_par' dir='ltr' id='par_1_23' title="bbox 203 1748 1859 1822">
     <span class='ocr_line' id='line_1_24' title="bbox 203 1748 1859 1822; baseline 0.006 -24"><span class='ocrx_word' id='word_1_169' title='bbox 203 1748 529 1822; x_wconf 65' lang='lat' dir='ltr'><strong>seminario</strong></span> <span class='ocrx_word' id='word_1_170' title='bbox 569 1748 817 1814; x_wconf 88' lang='lat' dir='ltr'><strong>editum,</strong></span> <span class='ocrx_word' id='word_1_171' title='bbox 851 1748 1089 1822; x_wconf 79' lang='lat' dir='ltr'><strong>semper</strong></span> <span class='ocrx_word' id='word_1_172' title='bbox 1121 1751 1181 1807; x_wconf 91' lang='lat' dir='ltr'><strong>in</strong></span> <span class='ocrx_word' id='word_1_173' title='bbox 1222 1768 1284 1808; x_wconf 91' lang='lat' dir='ltr'><strong>se</strong></span> <span class='ocrx_word' id='word_1_174' title='bbox 1325 1752 1624 1813; x_wconf 88' lang='lat' dir='ltr'><strong>habitum.</strong></span> <span class='ocrx_word' id='word_1_175' title='bbox 1669 1748 1778 1806; x_wconf 77' lang='lat' dir='ltr'><strong>nec</strong></span> <span class='ocrx_word' id='word_1_176' title='bbox 1821 1768 1859 1808; x_wconf 88' lang='lat' dir='ltr'><strong>a</strong></span> 
     </span>
    </p>
   </div>
   <div class='ocr_carea' id='block_1_24' title="bbox 198 1814 1853 1891">
    <p class='ocr_par' dir='ltr' id='par_1_24' title="bbox 198 1814 1853 1891">
     <span class='ocr_line' id='line_1_25' title="bbox 198 1814 1853 1891; baseline 0.005 -22"><span class='ocrx_word' id='word_1_177' title='bbox 198 1829 264 1870; x_wconf 89' lang='lat' dir='ltr'><strong>se</strong></span> <span class='ocrx_word' id='word_1_178' title='bbox 290 1814 410 1891; x_wconf 86' lang='lat' dir='ltr'><strong>ulla</strong></span> <span class='ocrx_word' id='word_1_179' title='bbox 433 1833 703 1889; x_wconf 89' lang='lat' dir='ltr'><strong>unquam</strong></span> <span class='ocrx_word' id='word_1_180' title='bbox 732 1814 1112 1891; x_wconf 83' lang='lat' dir='ltr'><strong>separatione</strong></span> <span class='ocrx_word' id='word_1_181' title='bbox 1142 1822 1486 1887; x_wconf 86' lang='lat' dir='ltr'><strong>dimissum,</strong></span> <span class='ocrx_word' id='word_1_182' title='bbox 1534 1822 1614 1878; x_wconf 91' lang='lat' dir='ltr'><strong>ita</strong></span> <span class='ocrx_word' id='word_1_183' title='bbox 1649 1838 1853 1877; x_wconf 88' lang='lat' dir='ltr'><strong>secum</strong></span> 
     </span>
    </p>
   </div>
   <div class='ocr_carea' id='block_1_25' title="bbox 198 1888 1856 1967">
    <p class='ocr_par' dir='ltr' id='par_1_25' title="bbox 198 1888 1856 1967">
     <span class='ocr_line' id='line_1_26' title="bbox 198 1888 1856 1967; baseline 0.005 -27"><span class='ocrx_word' id='word_1_184' title='bbox 198 1888 466 1967; x_wconf 67' lang='lat' dir='ltr'><strong>continet</strong></span> <span class='ocrx_word' id='word_1_185' title='bbox 493 1888 552 1967; x_wconf 83' lang='lat' dir='ltr'><strong>et</strong></span> <span class='ocrx_word' id='word_1_186' title='bbox 604 1888 997 1962; x_wconf 76' lang='lat' dir='ltr'><strong>amplectitur,</strong></span> <span class='ocrx_word' id='word_1_187' title='bbox 1037 1899 1101 1949; x_wconf 92' lang='lat' dir='ltr'><strong>ut</strong></span> <span class='ocrx_word' id='word_1_188' title='bbox 1152 1894 1299 1950; x_wconf 87' lang='lat' dir='ltr'><strong>nihil</strong></span> <span class='ocrx_word' id='word_1_189' title='bbox 1369 1896 1428 1949; x_wconf 91' lang='lat' dir='ltr'><strong>in</strong></span> <span class='ocrx_word' id='word_1_190' title='bbox 1461 1894 1756 1949; x_wconf 89' lang='lat' dir='ltr'><strong>ambobus</strong></span> <span class='ocrx_word' id='word_1_191' title='bbox 1782 1893 1856 1948; x_wconf 94' lang='lat' dir='ltr'><strong>de</strong></span> 
     </span>
    </p>
   </div>
   <div class='ocr_carea' id='block_1_26' title="bbox 197 1956 862 2017">
    <p class='ocr_par' dir='ltr' id='par_1_26' title="bbox 197 1956 862 2017">
     <span class='ocr_line' id='line_1_27' title="bbox 197 1956 862 2017; baseline 0.006 -6"><span class='ocrx_word' id='word_1_192' title='bbox 197 1956 300 2013; x_wconf 88' lang='lat' dir='ltr'><strong>illa</strong></span> <span class='ocrx_word' id='word_1_193' title='bbox 333 1958 553 2015; x_wconf 90' lang='lat' dir='ltr'><strong>unitate</strong></span> <span class='ocrx_word' id='word_1_194' title='bbox 583 1956 862 2017; x_wconf 76' lang='lat' dir='ltr'><strong>mutetur.</strong></span> 
     </span>
    </p>
   </div>
   <div class='ocr_carea' id='block_1_27' title="bbox 269 2031 1851 2109">
    <p class='ocr_par' dir='ltr' id='par_1_27' title="bbox 269 2031 1851 2109">
     <span class='ocr_line' id='line_1_28' title="bbox 269 2031 1851 2109; baseline 0.003 -26"><span class='ocrx_word' id='word_1_195' title='bbox 269 2031 309 2109; x_wconf 64' lang='grc' dir='ltr'><strong>ξ(</strong></span> <span class='ocrx_word' id='word_1_196' title='bbox 339 2032 436 2101; x_wconf 74' lang='lat' dir='ltr'><strong>(a).</strong></span> <span class='ocrx_word' id='word_1_197' title='bbox 472 2060 546 2109; x_wconf 84' lang='lat'><strong>-_</strong></span> <span class='ocrx_word' id='word_1_198' title='bbox 570 2032 722 2109; x_wconf 82' lang='lat' dir='ltr'><strong>Quid</strong></span> <span class='ocrx_word' id='word_1_199' title='bbox 752 2042 840 2088; x_wconf 88' lang='lat' dir='ltr'><strong>est</strong></span> <span class='ocrx_word' id='word_1_200' title='bbox 862 2034 1039 2109; x_wconf 79' lang='lat' dir='ltr'><strong>quod</strong></span> <span class='ocrx_word' id='word_1_201' title='bbox 1081 2035 1404 2109; x_wconf 76' lang='lat' dir='ltr'><strong>Apostolus</strong></span> <span class='ocrx_word' id='word_1_202' title='bbox 1434 2034 1577 2109; x_wconf 85' lang='lat' dir='ltr'><strong>dicit</strong></span> <span class='ocrx_word' id='word_1_203' title='bbox 1606 2034 1851 2109; x_wconf 80' lang='lat' dir='ltr'><strong>Calatis,</strong></span> 
     </span>
    </p>
   </div>
   <div class='ocr_carea' id='block_1_28' title="bbox 197 2099 1856 2177">
    <p class='ocr_par' dir='ltr' id='par_1_28' title="bbox 197 2099 1856 2177">
     <span class='ocr_line' id='line_1_29' title="bbox 197 2099 1856 2177; baseline 0.004 -25"><span class='ocrx_word' id='word_1_204' title='bbox 197 2099 381 2177; x_wconf 66' lang='lat' dir='ltr'><strong>Miror</strong></span> <span class='ocrx_word' id='word_1_205' title='bbox 400 2099 546 2177; x_wconf 72' lang='lat' dir='ltr'><strong>quod</strong></span> <span class='ocrx_word' id='word_1_206' title='bbox 573 2103 787 2177; x_wconf 9' lang='lat' dir='ltr'><strong>sicrtam</strong></span> <span class='ocrx_word' id='word_1_207' title='bbox 817 2099 925 2159; x_wconf 78' lang='lat' dir='ltr'><strong>cito</strong></span> <span class='ocrx_word' id='word_1_208' title='bbox 957 2099 1362 2174; x_wconf 71' lang='lat' dir='ltr'><strong>trans/crimini</strong></span> <span class='ocrx_word' id='word_1_209' title='bbox 1395 2107 1461 2163; x_wconf 85' lang='lat' dir='ltr'><strong>ab</strong></span> <span class='ocrx_word' id='word_1_210' title='bbox 1489 2122 1547 2162; x_wconf 83' lang='lat' dir='ltr'><strong>eo</strong></span> <span class='ocrx_word' id='word_1_211' title='bbox 1583 2107 1680 2177; x_wconf 88' lang='lat' dir='ltr'><strong>qui</strong></span> <span class='ocrx_word' id='word_1_212' title='bbox 1698 2123 1856 2160; x_wconf 80' lang='lat' dir='ltr'><strong>voca-</strong></span> 
     </span>
    </p>
   </div>
   <div class='ocr_carea' id='block_1_29' title="bbox 198 2172 1857 2252">
    <p class='ocr_par' dir='ltr' id='par_1_29' title="bbox 198 2172 1857 2252">
     <span class='ocr_line' id='line_1_30' title="bbox 198 2172 1857 2252; baseline 0.006 -29"><span class='ocrx_word' id='word_1_213' title='bbox 198 2172 283 2252; x_wconf 70' lang='lat' dir='ltr'><strong>vit</strong></span> <span class='ocrx_word' id='word_1_214' title='bbox 312 2187 399 2252; x_wconf 75' lang='lat' dir='ltr'><strong>vos</strong></span> <span class='ocrx_word' id='word_1_215' title='bbox 418 2173 476 2252; x_wconf 45' lang='lat' dir='ltr'><strong>inn</strong></span> <span class='ocrx_word' id='word_1_216' title='bbox 498 2176 774 2252; x_wconf 78' lang='lat' dir='ltr'><strong>_gratiam,</strong></span> <span class='ocrx_word' id='word_1_217' title='bbox 810 2178 877 2252; x_wconf 46' lang='lat' dir='ltr'><strong>iis</strong></span> <span class='ocrx_word' id='word_1_218' title='bbox 900 2177 1063 2252; x_wconf 76' lang='lat' dir='ltr'><strong>aliud</strong></span> <span class='ocrx_word' id='word_1_219' title='bbox 1088 2172 1458 2252; x_wconf 73' lang='lat' dir='ltr'><strong>Euangelium,</strong></span> <span class='ocrx_word' id='word_1_220' title='bbox 1489 2172 1627 2252; x_wconf 70' lang='lat' dir='ltr'><strong>quod</strong></span> <span class='ocrx_word' id='word_1_221' title='bbox 1648 2194 1752 2232; x_wconf 87' lang='lat' dir='ltr'><strong>non</strong></span> <span class='ocrx_word' id='word_1_222' title='bbox 1778 2183 1857 2233; x_wconf 82' lang='lat' dir='ltr'><strong>est</strong></span> 
     </span>
    </p>
   </div>
   <div class='ocr_carea' id='block_1_30' title="bbox 198 2242 1854 2318">
    <p class='ocr_par' dir='ltr' id='par_1_30' title="bbox 198 2242 1854 2318">
     <span class='ocr_line' id='line_1_31' title="bbox 198 2242 1854 2318; baseline 0.005 -24"><span class='ocrx_word' id='word_1_223' title='bbox 198 2242 357 2295; x_wconf 85' lang='lat' dir='ltr'><strong>aliud</strong></span> <span class='ocrx_word' id='word_1_224' title='bbox 386 2242 588 2318; x_wconf 78' lang='lat' dir='ltr'><strong>(Galat.</strong></span> <span class='ocrx_word' id='word_1_225' title='bbox 622 2260 659 2309; x_wconf 86' lang='grc' dir='ltr'>ι,</span> <span class='ocrx_word' id='word_1_226' title='bbox 694 2251 745 2309; x_wconf 86' lang='lat'><strong>6,</strong></span> <span class='ocrx_word' id='word_1_227' title='bbox 770 2252 825 2313; x_wconf 84' lang='lat'><strong>7)</strong></span> <span class='ocrx_word' id='word_1_228' title='bbox 852 2246 880 2301; x_wconf 64' lang='grc' dir='ltr'><strong>εἴ</strong></span> <span class='ocrx_word' id='word_1_229' title='bbox 902 2248 961 2303; x_wconf 82' lang='lat' dir='ltr'><strong>Si</strong></span> <span class='ocrx_word' id='word_1_230' title='bbox 992 2248 1155 2302; x_wconf 87' lang='lat' dir='ltr'><strong>aliud</strong></span> <span class='ocrx_word' id='word_1_231' title='bbox 1186 2242 1339 2304; x_wconf 83' lang='lat' dir='ltr'><strong>certe</strong></span> <span class='ocrx_word' id='word_1_232' title='bbox 1370 2242 1713 2318; x_wconf 41' lang='lat' dir='ltr'><strong>estfipsum</strong></span> <span class='ocrx_word' id='word_1_233' title='bbox 1735 2263 1854 2303; x_wconf 91' lang='lat' dir='ltr'><strong>non</strong></span> 
     </span>
    </p>
   </div>
   <div class='ocr_carea' id='block_1_31' title="bbox 199 2316 1786 2390">
    <p class='ocr_par' dir='ltr' id='par_1_31' title="bbox 199 2316 1786 2390">
     <span class='ocr_line' id='line_1_32' title="bbox 199 2316 1786 2390; baseline 0.004 -23"><span class='ocrx_word' id='word_1_234' title='bbox 199 2319 292 2390; x_wconf 79' lang='lat' dir='ltr'><strong>est</strong></span> <span class='ocrx_word' id='word_1_235' title='bbox 315 2330 347 2390; x_wconf 86' lang='lat'><strong>_:</strong></span> <span class='ocrx_word' id='word_1_236' title='bbox 378 2316 427 2369; x_wconf 88' lang='lat' dir='ltr'><strong>si</strong></span> <span class='ocrx_word' id='word_1_237' title='bbox 452 2316 804 2390; x_wconf 80' lang='lat' dir='ltr'><strong>ipsu_m_non</strong></span> <span class='ocrx_word' id='word_1_238' title='bbox 833 2324 940 2383; x_wconf 89' lang='lat' dir='ltr'><strong>est,</strong></span> <span class='ocrx_word' id='word_1_239' title='bbox 971 2319 1281 2390; x_wconf 87' lang='lat' dir='ltr'><strong>quomodo</strong></span> <span class='ocrx_word' id='word_1_240' title='bbox 1307 2336 1427 2375; x_wconf 91' lang='lat' dir='ltr'><strong>non</strong></span> <span class='ocrx_word' id='word_1_241' title='bbox 1458 2316 1619 2377; x_wconf 85' lang='lat' dir='ltr'><strong>aliud</strong></span> <span class='ocrx_word' id='word_1_242' title='bbox 1643 2325 1731 2374; x_wconf 89' lang='lat' dir='ltr'><strong>est</strong></span> <span class='ocrx_word' id='word_1_243' title='bbox 1758 2320 1786 2390; x_wconf 73' lang='lat'><strong>?</strong></span> 
     </span>
    </p>
   </div>
   <div class='ocr_carea' id='block_1_32' title="bbox 276 2383 1856 2461">
    <p class='ocr_par' dir='ltr' id='par_1_32' title="bbox 276 2383 1856 2461">
     <span class='ocr_line' id='line_1_33' title="bbox 276 2383 1856 2461; baseline 0.005 -24"><span class='ocrx_word' id='word_1_244' title='bbox 276 2383 412 2439; x_wconf 88' lang='lat' dir='ltr'><strong>Ideo</strong></span> <span class='ocrx_word' id='word_1_245' title='bbox 442 2383 602 2461; x_wconf 81' lang='lat' dir='ltr'><strong>aliud</strong></span> <span class='ocrx_word' id='word_1_246' title='bbox 632 2387 774 2461; x_wconf 86' lang='lat' dir='ltr'><strong>dicit</strong></span> <span class='ocrx_word' id='word_1_247' title='bbox 803 2383 1203 2461; x_wconf 52' lang='lat' dir='ltr'><strong>Evang&#39;elium,</strong></span> <span class='ocrx_word' id='word_1_248' title='bbox 1234 2391 1312 2446; x_wconf 91' lang='lat' dir='ltr'><strong>ad</strong></span> <span class='ocrx_word' id='word_1_249' title='bbox 1341 2390 1506 2461; x_wconf 91' lang='lat' dir='ltr'><strong>quod</strong></span> <span class='ocrx_word' id='word_1_250' title='bbox 1538 2390 1733 2445; x_wconf 83' lang='lat' dir='ltr'><strong>vocati</strong></span> <span class='ocrx_word' id='word_1_251' title='bbox 1764 2389 1856 2445; x_wconf 77' lang='lat' dir='ltr'><strong>fu-</strong></span> 
     </span>
    </p>
   </div>
   <div class='ocr_carea' id='block_1_33' title="bbox 200 2455 1854 2533">
    <p class='ocr_par' dir='ltr' id='par_1_33' title="bbox 200 2455 1854 2533">
     <span class='ocr_line' id='line_1_34' title="bbox 200 2455 1854 2533; baseline 0.005 -26"><span class='ocrx_word' id='word_1_252' title='bbox 200 2462 400 2533; x_wconf 48' lang='lat' dir='ltr'><strong>erant,</strong></span> <span class='ocrx_word' id='word_1_253' title='bbox 420 2455 562 2533; x_wconf 82' lang='lat' dir='ltr'><strong>quia</strong></span> <span class='ocrx_word' id='word_1_254' title='bbox 588 2474 706 2533; x_wconf 85' lang='lat' dir='ltr'><strong>non</strong></span> <span class='ocrx_word' id='word_1_255' title='bbox 761 2460 874 2515; x_wconf 90' lang='lat' dir='ltr'><strong>hoc</strong></span> <span class='ocrx_word' id='word_1_256' title='bbox 905 2455 1001 2533; x_wconf 66' lang='lat' dir='ltr'><strong>est</strong></span> <span class='ocrx_word' id='word_1_257' title='bbox 1026 2464 1190 2532; x_wconf 86' lang='lat' dir='ltr'><strong>quod</strong></span> <span class='ocrx_word' id='word_1_258' title='bbox 1222 2455 1429 2532; x_wconf 78' lang='lat' dir='ltr'><strong>postea</strong></span> <span class='ocrx_word' id='word_1_259' title='bbox 1456 2462 1623 2533; x_wconf 87' lang='lat' dir='ltr'><strong>sequi</strong></span> <span class='ocrx_word' id='word_1_260' title='bbox 1664 2477 1854 2533; x_wconf 79' lang='lat' dir='ltr'><strong>cmpe-</strong></span> 
     </span>
    </p>
   </div>
   <div class='ocr_carea' id='block_1_34' title="bbox 199 2526 1853 2597">
    <p class='ocr_par' dir='ltr' id='par_1_34' title="bbox 199 2526 1853 2597">
     <span class='ocr_line' id='line_1_35' title="bbox 199 2526 1853 2597; baseline 0.005 -18"><span class='ocrx_word' id='word_1_261' title='bbox 199 2532 335 2597; x_wconf 85' lang='lat' dir='ltr'><strong>rant</strong></span> <span class='ocrx_word' id='word_1_262' title='bbox 360 2526 600 2583; x_wconf 72' lang='lat' dir='ltr'><strong>Galatae.</strong></span> <span class='ocrx_word' id='word_1_263' title='bbox 640 2529 729 2584; x_wconf 85' lang='lat' dir='ltr'><strong>Ab</strong></span> <span class='ocrx_word' id='word_1_264' title='bbox 754 2526 1239 2595; x_wconf 72' lang='lat' dir='ltr'><strong>Evangelioenim</strong></span> <span class='ocrx_word' id='word_1_265' title='bbox 1265 2533 1470 2588; x_wconf 85' lang='lat' dir='ltr'><strong>Christi</strong></span> <span class='ocrx_word' id='word_1_266' title='bbox 1495 2526 1772 2597; x_wconf 60' lang='lat' dir='ltr'><strong>abducti,</strong></span> <span class='ocrx_word' id='word_1_267' title='bbox 1795 2534 1853 2587; x_wconf 90' lang='lat' dir='ltr'><strong>in</strong></span> 
     </span>
    </p>
   </div>
   <div class='ocr_carea' id='block_1_35' title="bbox 201 2596 1818 2660">
    <p class='ocr_par' dir='ltr' id='par_1_35' title="bbox 201 2596 1818 2660">
     <span class='ocr_line' id='line_1_36' title="bbox 201 2596 1818 2660; baseline 0.004 -10"><span class='ocrx_word' id='word_1_268' title='bbox 201 2596 578 2654; x_wconf 88' lang='lat' dir='ltr'><strong>Judaismum</strong></span> <span class='ocrx_word' id='word_1_269' title='bbox 611 2601 847 2659; x_wconf 83' lang='lat' dir='ltr'><strong>fuerant</strong></span> <span class='ocrx_word' id='word_1_270' title='bbox 885 2606 1117 2658; x_wconf 89' lang='lat' dir='ltr'><strong>attracti</strong></span> <span class='ocrx_word' id='word_1_271' title='bbox 1150 2604 1264 2659; x_wconf 89' lang='lat' dir='ltr'><strong>sub</strong></span> <span class='ocrx_word' id='word_1_272' title='bbox 1328 2604 1571 2660; x_wconf 86' lang='lat' dir='ltr'><strong>nomine</strong></span> <span class='ocrx_word' id='word_1_273' title='bbox 1609 2596 1818 2658; x_wconf 86' lang='lat' dir='ltr'><strong>Christi</strong></span> 
     </span>
    </p>
   </div>
   <div class='ocr_carea' id='block_1_36' title="bbox 200 2644 1852 2747">
    <p class='ocr_par' dir='ltr' id='par_1_36' title="bbox 200 2644 1852 2747">
     <span class='ocr_line' id='line_1_37' title="bbox 200 2644 1852 2747; baseline 0.004 -27"><span class='ocrx_word' id='word_1_274' title='bbox 200 2669 381 2747; x_wconf 88' lang='lat' dir='ltr'><strong>quasi</strong></span> <span class='ocrx_word' id='word_1_275' title='bbox 400 2669 513 2747; x_wconf 82' lang='lat' dir='ltr'><strong>hoc</strong></span> <span class='ocrx_word' id='word_1_276' title='bbox 539 2674 1100 2747; x_wconf 26' lang='lat' dir='ltr'><strong>esset‘sequendum</strong></span> <span class='ocrx_word' id='word_1_277' title='bbox 1127 2691 1139 2739; x_wconf 93' lang='lat'><strong>;</strong></span> <span class='ocrx_word' id='word_1_278' title='bbox 1169 2681 1225 2747; x_wconf 84' lang='lat' dir='ltr'><strong>et</strong></span> <span class='ocrx_word' id='word_1_279' title='bbox 1249 2674 1407 2730; x_wconf 90' lang='lat' dir='ltr'><strong>aliud</strong></span> <span class='ocrx_word' id='word_1_280' title='bbox 1464 2690 1649 2747; x_wconf 89' lang='lat' dir='ltr'><strong>quam</strong></span> <span class='ocrx_word' id='word_1_281' title='bbox 1674 2644 1852 2747; x_wconf 75' lang='lat' dir='ltr'><strong>quod</strong></span> 
     </span>
    </p>
   </div>
   <div class='ocr_carea' id='block_1_37' title="bbox 200 2742 1853 2815">
    <p class='ocr_par' dir='ltr' id='par_1_37' title="bbox 200 2742 1853 2815">
     <span class='ocr_line' id='line_1_38' title="bbox 200 2742 1853 2815; baseline 0.004 -22"><span class='ocrx_word' id='word_1_282' title='bbox 200 2742 523 2815; x_wconf 70' lang='lat' dir='ltr'><strong>Apostolus</strong></span> <span class='ocrx_word' id='word_1_283' title='bbox 558 2742 942 2815; x_wconf 68' lang='lat' dir='ltr'><strong>praedicabat,</strong></span> <span class='ocrx_word' id='word_1_284' title='bbox 975 2744 1380 2801; x_wconf 85' lang='lat' dir='ltr'><strong>afﬁrmabant.</strong></span> <span class='ocrx_word' id='word_1_285' title='bbox 1408 2742 1571 2801; x_wconf 42' lang='lat' dir='ltr'><strong>Un‘de</strong></span> <span class='ocrx_word' id='word_1_286' title='bbox 1595 2742 1853 2815; x_wconf 81' lang='lat' dir='ltr'><strong>sublegi-</strong></span> 
     </span>
    </p>
   </div>
   <div class='ocr_carea' id='block_1_38' title="bbox 201 2810 1849 2886">
    <p class='ocr_par' dir='ltr' id='par_1_38' title="bbox 201 2810 1849 2886">
     <span class='ocr_line' id='line_1_39' title="bbox 201 2810 1849 2886; baseline 0.005 -23"><span class='ocrx_word' id='word_1_287' title='bbox 201 2816 315 2877; x_wconf 88' lang='lat' dir='ltr'><strong>tur,</strong></span> <span class='ocrx_word' id='word_1_288' title='bbox 351 2810 512 2886; x_wconf 74' lang='lat' dir='ltr'><strong>Sicut</strong></span> <span class='ocrx_word' id='word_1_289' title='bbox 560 2810 1008 2886; x_wconf 11' lang='lat' dir='ltr'><strong>’vobis‘suadent.</strong></span> <span class='ocrx_word' id='word_1_290' title='bbox 1068 2816 1295 2872; x_wconf 90' lang='lat' dir='ltr'><strong>Pseudo</strong></span> <span class='ocrx_word' id='word_1_291' title='bbox 1353 2816 1511 2872; x_wconf 90' lang='lat' dir='ltr'><strong>enim</strong></span> <span class='ocrx_word' id='word_1_292' title='bbox 1571 2810 1849 2886; x_wconf 74' lang='lat' dir='ltr'><strong>apostoli,</strong></span> 
     </span>
    </p>
   </div>
   <div class='ocr_carea' id='block_1_39' title="bbox 201 2884 1854 2951">
    <p class='ocr_par' dir='ltr' id='par_1_39' title="bbox 201 2884 1854 2951">
     <span class='ocr_line' id='line_1_40' title="bbox 201 2884 1854 2951; baseline 0.004 -17"><span class='ocrx_word' id='word_1_293' title='bbox 201 2896 340 2935; x_wconf 89' lang='lat' dir='ltr'><strong>cum</strong></span> <span class='ocrx_word' id='word_1_294' title='bbox 380 2884 877 2942; x_wconf 90' lang='lat' dir='ltr'><strong>circumvenirent</strong></span> <span class='ocrx_word' id='word_1_295' title='bbox 902 2886 1155 2942; x_wconf 86' lang='lat' dir='ltr'><strong>Gentiles</strong></span> <span class='ocrx_word' id='word_1_296' title='bbox 1179 2887 1506 2951; x_wconf 70' lang='lat' dir='ltr'><strong>credentes,</strong></span> <span class='ocrx_word' id='word_1_297' title='bbox 1536 2884 1652 2941; x_wconf 86' lang='lat' dir='ltr'><strong>hoc</strong></span> <span class='ocrx_word' id='word_1_298' title='bbox 1699 2887 1854 2941; x_wconf 86' lang='lat' dir='ltr'><strong>dice-</strong></span> 
     </span>
    </p>
   </div>
   <div class='ocr_carea' id='block_1_40' title="bbox 202 2951 1851 3029">
    <p class='ocr_par' dir='ltr' id='par_1_40' title="bbox 202 2951 1851 3029">
     <span class='ocr_line' id='line_1_41' title="bbox 202 2951 1851 3029; baseline 0.004 -24"><span class='ocrx_word' id='word_1_299' title='bbox 202 2951 348 3029; x_wconf 84' lang='lat' dir='ltr'><strong>bant</strong></span> <span class='ocrx_word' id='word_1_300' title='bbox 377 2968 413 3008; x_wconf 90' lang='lat' dir='ltr'><strong>a</strong></span> <span class='ocrx_word' id='word_1_301' title='bbox 468 2955 768 3029; x_wconf 81' lang='lat' dir='ltr'><strong>salvatore</strong></span> <span class='ocrx_word' id='word_1_302' title='bbox 813 2958 1118 3023; x_wconf 87' lang='lat' dir='ltr'><strong>traditum,</strong></span> <span class='ocrx_word' id='word_1_303' title='bbox 1173 2957 1483 3029; x_wconf 12' lang='lat' dir='ltr'><strong>quodripsi</strong></span> <span class='ocrx_word' id='word_1_304' title='bbox 1531 2957 1851 3029; x_wconf 74' lang='lat' dir='ltr'><strong>docebant,</strong></span> 
     </span>
    </p>
   </div>
   <div class='ocr_carea' id='block_1_41' title="bbox 199 3024 1855 3099">
    <p class='ocr_par' dir='ltr' id='par_1_41' title="bbox 199 3024 1855 3099">
     <span class='ocr_line' id='line_1_42' title="bbox 199 3024 1855 3099; baseline 0.004 -22"><span class='ocrx_word' id='word_1_305' title='bbox 199 3024 350 3099; x_wconf 81' lang='lat' dir='ltr'><strong>sicut</strong></span> <span class='ocrx_word' id='word_1_306' title='bbox 379 3027 708 3099; x_wconf 82' lang='lat' dir='ltr'><strong>continetur</strong></span> <span class='ocrx_word' id='word_1_307' title='bbox 739 3027 796 3083; x_wconf 91' lang='lat' dir='ltr'><strong>in</strong></span> <span class='ocrx_word' id='word_1_308' title='bbox 838 3029 1080 3083; x_wconf 80' lang='lat' dir='ltr'><strong>Actibus</strong></span> <span class='ocrx_word' id='word_1_309' title='bbox 1110 3024 1551 3099; x_wconf 76' lang='lat' dir='ltr'><strong>Apostolorum,</strong></span> <span class='ocrx_word' id='word_1_310' title='bbox 1583 3028 1722 3095; x_wconf 87' lang='lat' dir='ltr'><strong>Quia</strong></span> <span class='ocrx_word' id='word_1_311' title='bbox 1747 3028 1855 3083; x_wconf 82' lang='lat' dir='ltr'><strong>nisi</strong></span> 
     </span>
    </p>
   </div>
   <div class='ocr_carea' id='block_1_42' title="bbox 199 3095 1852 3172">
    <p class='ocr_par' dir='ltr' id='par_1_42' title="bbox 199 3095 1852 3172">
     <span class='ocr_line' id='line_1_43' title="bbox 199 3095 1852 3172; baseline 0.004 -23"><span class='ocrx_word' id='word_1_312' title='bbox 199 3095 686 3172; x_wconf 60' lang='lat' dir='ltr'><strong>circumcidayniui</strong></span> <span class='ocrx_word' id='word_1_313' title='bbox 719 3116 862 3153; x_wconf 88' lang='lat' dir='ltr'><strong>more</strong></span> <span class='ocrx_word' id='word_1_314' title='bbox 892 3101 1086 3170; x_wconf 78' lang='lat' dir='ltr'><strong>Moysi,</strong></span> <span class='ocrx_word' id='word_1_315' title='bbox 1132 3095 1241 3172; x_wconf 70' lang='lat' dir='ltr'><strong>non</strong></span> <span class='ocrx_word' id='word_1_316' title='bbox 1291 3101 1543 3172; x_wconf 77' lang='lat' dir='ltr'><strong>poteritis</strong></span> <span class='ocrx_word' id='word_1_317' title='bbox 1572 3100 1714 3155; x_wconf 83' lang='lat' dir='ltr'><strong>salvi</strong></span> <span class='ocrx_word' id='word_1_318' title='bbox 1746 3117 1852 3172; x_wconf 80' lang='lat' dir='ltr'><strong>esse</strong></span> 
     </span>
    </p>
   </div>
   <div class='ocr_carea' id='block_1_43' title="bbox 201 3166 1853 3242">
    <p class='ocr_par' dir='ltr' id='par_1_43' title="bbox 201 3166 1853 3242">
     <span class='ocr_line' id='line_1_44' title="bbox 201 3166 1853 3242; baseline 0.004 -24"><span class='ocrx_word' id='word_1_319' title='bbox 201 3166 347 3237; x_wconf 82' lang='lat' dir='ltr'><strong>(Aet.</strong></span> <span class='ocrx_word' id='word_1_320' title='bbox 388 3184 486 3233; x_wconf 80' lang='lat' dir='ltr'><strong>xv,</strong></span> <span class='ocrx_word' id='word_1_321' title='bbox 516 3170 590 3238; x_wconf 82' lang='lat' dir='ltr'><strong>l).</strong></span> <span class='ocrx_word' id='word_1_322' title='bbox 629 3170 769 3226; x_wconf 82' lang='lat' dir='ltr'><strong>Hinc</strong></span> <span class='ocrx_word' id='word_1_323' title='bbox 798 3166 1118 3242; x_wconf 83' lang='lat' dir='ltr'><strong>Apostolus</strong></span> <span class='ocrx_word' id='word_1_324' title='bbox 1148 3166 1353 3226; x_wconf 75' lang='lat' dir='ltr'><strong>dolore</strong></span> <span class='ocrx_word' id='word_1_325' title='bbox 1383 3171 1703 3226; x_wconf 86' lang='lat' dir='ltr'><strong>eversionis</strong></span> <span class='ocrx_word' id='word_1_326' title='bbox 1728 3171 1853 3225; x_wconf 89' lang='lat' dir='ltr'><strong>illo-</strong></span> 
     </span>
    </p>
   </div>
   <div class='ocr_carea' id='block_1_44' title="bbox 202 3242 1852 3319">
    <p class='ocr_par' dir='ltr' id='par_1_44' title="bbox 202 3242 1852 3319">
     <span class='ocr_line' id='line_1_45' title="bbox 202 3242 1852 3319; baseline 0.004 -29"><span class='ocrx_word' id='word_1_327' title='bbox 202 3253 336 3319; x_wconf 79' lang='lat' dir='ltr'><strong>rum</strong></span> <span class='ocrx_word' id='word_1_328' title='bbox 368 3247 725 3319; x_wconf 83' lang='lat' dir='ltr'><strong>commotus,</strong></span> <span class='ocrx_word' id='word_1_329' title='bbox 749 3242 1068 3319; x_wconf 73' lang='lat' dir='ltr'><strong>scribitad</strong></span> <span class='ocrx_word' id='word_1_330' title='bbox 1099 3242 1438 3319; x_wconf 89' lang='lat' dir='ltr'><strong>eos,d_icens</strong></span> <span class='ocrx_word' id='word_1_331' title='bbox 1472 3258 1492 3319; x_wconf 86' lang='lat'><strong>:_</strong></span> <span class='ocrx_word' id='word_1_332' title='bbox 1515 3242 1695 3319; x_wconf 61' lang='lat' dir='ltr'><strong>Miror</strong></span> <span class='ocrx_word' id='word_1_333' title='bbox 1714 3242 1852 3313; x_wconf 89' lang='lat' dir='ltr'><strong>quod</strong></span> 
     </span>
    </p>
   </div>
   <div class='ocr_carea' id='block_1_45' title="bbox 201 3312 1852 3384">
    <p class='ocr_par' dir='ltr' id='par_1_45' title="bbox 201 3312 1852 3384">
     <span class='ocr_line' id='line_1_46' title="bbox 201 3312 1852 3384; baseline 0.003 -22"><span class='ocrx_word' id='word_1_334' title='bbox 201 3312 278 3384; x_wconf 79' lang='lat' dir='ltr'><strong>sic</strong></span> <span class='ocrx_word' id='word_1_335' title='bbox 308 3315 414 3384; x_wconf 76' lang='lat' dir='ltr'><strong>tam</strong></span> <span class='ocrx_word' id='word_1_336' title='bbox 437 3312 545 3384; x_wconf 82' lang='lat' dir='ltr'><strong>cito</strong></span> <span class='ocrx_word' id='word_1_337' title='bbox 576 3313 984 3384; x_wconf 81' lang='lat' dir='ltr'><strong>transferimini</strong></span> <span class='ocrx_word' id='word_1_338' title='bbox 1010 3313 1075 3367; x_wconf 90' lang='lat' dir='ltr'><strong>ab</strong></span> <span class='ocrx_word' id='word_1_339' title='bbox 1101 3330 1157 3368; x_wconf 85' lang='lat' dir='ltr'><strong>eo</strong></span> <span class='ocrx_word' id='word_1_340' title='bbox 1184 3314 1279 3384; x_wconf 76' lang='lat' dir='ltr'><strong>qui</strong></span> <span class='ocrx_word' id='word_1_341' title='bbox 1307 3315 1513 3367; x_wconf 85' lang='lat' dir='ltr'><strong>vocavit</strong></span> <span class='ocrx_word' id='word_1_342' title='bbox 1534 3330 1619 3367; x_wconf 83' lang='lat' dir='ltr'><strong>vos</strong></span> <span class='ocrx_word' id='word_1_343' title='bbox 1646 3313 1703 3367; x_wconf 85' lang='lat' dir='ltr'><strong>in</strong></span> <span class='ocrx_word' id='word_1_344' title='bbox 1726 3312 1852 3384; x_wconf 75' lang='lat' dir='ltr'><strong>gra-</strong></span> 
     </span>
    </p>
   </div>
   <div class='ocr_carea' id='block_1_46' title="bbox 202 3380 1851 3456">
    <p class='ocr_par' dir='ltr' id='par_1_46' title="bbox 202 3380 1851 3456">
     <span class='ocr_line' id='line_1_47' title="bbox 202 3380 1851 3456; baseline 0.004 -23"><span class='ocrx_word' id='word_1_345' title='bbox 202 3380 355 3447; x_wconf 82' lang='lat' dir='ltr'><strong>tiam,</strong></span> <span class='ocrx_word' id='word_1_346' title='bbox 393 3381 453 3435; x_wconf 83' lang='lat' dir='ltr'><strong>in</strong></span> <span class='ocrx_word' id='word_1_347' title='bbox 489 3383 644 3456; x_wconf 82' lang='lat' dir='ltr'><strong>aliud</strong></span> <span class='ocrx_word' id='word_1_348' title='bbox 663 3380 1036 3454; x_wconf 72' lang='lat' dir='ltr'><strong>Euangelium,</strong></span> <span class='ocrx_word' id='word_1_349' title='bbox 1065 3380 1208 3456; x_wconf 78' lang='lat' dir='ltr'><strong>quod</strong></span> <span class='ocrx_word' id='word_1_350' title='bbox 1238 3401 1344 3439; x_wconf 83' lang='lat' dir='ltr'><strong>non</strong></span> <span class='ocrx_word' id='word_1_351' title='bbox 1373 3391 1450 3440; x_wconf 79' lang='lat' dir='ltr'><strong>est</strong></span> <span class='ocrx_word' id='word_1_352' title='bbox 1478 3385 1651 3440; x_wconf 86' lang='lat' dir='ltr'><strong>aliud.</strong></span> <span class='ocrx_word' id='word_1_353' title='bbox 1689 3380 1851 3441; x_wconf 72' lang='lat' dir='ltr'><strong>Mira-</strong></span> 
     </span>
    </p>
   </div>
   <div class='ocr_carea' id='block_1_47' title="bbox 204 3455 1842 3527">
    <p class='ocr_par' dir='ltr' id='par_1_47' title="bbox 204 3455 1842 3527">
     <span class='ocr_line' id='line_1_48' title="bbox 204 3455 1842 3527; baseline 0.004 -22"><span class='ocrx_word' id='word_1_354' title='bbox 204 3455 297 3506; x_wconf 88' lang='lat' dir='ltr'><strong>tur</strong></span> <span class='ocrx_word' id='word_1_355' title='bbox 321 3467 482 3522; x_wconf 86' lang='lat' dir='ltr'><strong>ergo,</strong></span> <span class='ocrx_word' id='word_1_356' title='bbox 517 3455 657 3527; x_wconf 88' lang='lat' dir='ltr'><strong>quia</strong></span> <span class='ocrx_word' id='word_1_357' title='bbox 684 3461 821 3527; x_wconf 89' lang='lat' dir='ltr'><strong>post</strong></span> <span class='ocrx_word' id='word_1_358' title='bbox 849 3472 974 3511; x_wconf 92' lang='lat' dir='ltr'><strong>rem</strong></span> <span class='ocrx_word' id='word_1_359' title='bbox 1028 3456 1219 3511; x_wconf 86' lang='lat' dir='ltr'><strong>levem</strong></span> <span class='ocrx_word' id='word_1_360' title='bbox 1250 3461 1306 3511; x_wconf 93' lang='lat' dir='ltr'><strong>et</strong></span> <span class='ocrx_word' id='word_1_361' title='bbox 1351 3457 1548 3511; x_wconf 91' lang='lat' dir='ltr'><strong>minus</strong></span> <span class='ocrx_word' id='word_1_362' title='bbox 1579 3472 1842 3527; x_wconf 86' lang='lat' dir='ltr'><strong>gravem,</strong></span> 
     </span>
    </p>
   </div>
   <div class='ocr_carea' id='block_1_48' title="bbox 1727 127 2116 191">
    <p class='ocr_par' dir='ltr' id='par_1_48' title="bbox 1727 127 2116 191">
     <span class='ocr_line' id='line_1_49' title="bbox 1727 127 2116 191; baseline 0.005 -6"><span class='ocrx_word' id='word_1_363' title='bbox 1727 127 2116 191; x_wconf 83' lang='lat' dir='ltr'><strong>APPENDIX.</strong></span> 
     </span>
    </p>
   </div>
   <div class='ocr_carea' id='block_1_49' title="bbox 3496 138 3634 199">
    <p class='ocr_par' dir='ltr' id='par_1_49' title="bbox 3496 138 3634 199">
     <span class='ocr_line' id='line_1_50' title="bbox 3496 138 3634 199; baseline 0 0"><span class='ocrx_word' id='word_1_364' title='bbox 3496 138 3634 199; x_wconf 72' lang='grc'><strong>2422</strong></span> 
     </span>
    </p>
   </div>
   <div class='ocr_carea' id='block_1_50' title="bbox 1975 257 3631 334">
    <p class='ocr_par' dir='ltr' id='par_1_50' title="bbox 1975 257 3631 334">
     <span class='ocr_line' id='line_1_51' title="bbox 1975 257 3631 334; baseline 0.005 -21"><span class='ocrx_word' id='word_1_365' title='bbox 1975 257 2279 334; x_wconf 73' lang='lat' dir='ltr'><strong>asperitati</strong></span> <span class='ocrx_word' id='word_1_366' title='bbox 2309 257 2612 334; x_wconf 77' lang='lat' dir='ltr'><strong>studerent</strong></span> <span class='ocrx_word' id='word_1_367' title='bbox 2637 262 2693 316; x_wconf 89' lang='lat' dir='ltr'><strong>et</strong></span> <span class='ocrx_word' id='word_1_368' title='bbox 2718 260 2907 334; x_wconf 77' lang='lat' dir='ltr'><strong>oneri,</strong></span> <span class='ocrx_word' id='word_1_369' title='bbox 2939 261 3054 318; x_wconf 89' lang='lat' dir='ltr'><strong>hoc</strong></span> <span class='ocrx_word' id='word_1_370' title='bbox 3078 265 3191 331; x_wconf 87' lang='lat' dir='ltr'><strong>est,</strong></span> <span class='ocrx_word' id='word_1_371' title='bbox 3238 267 3302 321; x_wconf 90' lang='lat' dir='ltr'><strong>ut</strong></span> <span class='ocrx_word' id='word_1_372' title='bbox 3330 269 3464 334; x_wconf 88' lang='lat' dir='ltr'><strong>post</strong></span> <span class='ocrx_word' id='word_1_373' title='bbox 3490 264 3631 323; x_wconf 86' lang='lat' dir='ltr'><strong>ﬁdei</strong></span> 
     </span>
    </p>
   </div>
   <div class='ocr_carea' id='block_1_51' title="bbox 1976 328 3630 410">
    <p class='ocr_par' dir='ltr' id='par_1_51' title="bbox 1976 328 3630 410">
     <span class='ocr_line' id='line_1_52' title="bbox 1976 328 3630 410; baseline 0.007 -26"><span class='ocrx_word' id='word_1_374' title='bbox 1976 328 2422 410; x_wconf 74' lang='lat' dir='ltr'><strong>simplicitatem</strong></span> <span class='ocrx_word' id='word_1_375' title='bbox 2480 329 2821 410; x_wconf 73' lang='lat' dir='ltr'><strong>circumcidi</strong></span> <span class='ocrx_word' id='word_1_376' title='bbox 2854 348 2937 396; x_wconf 90' lang='lat' dir='ltr'><strong>se,</strong></span> <span class='ocrx_word' id='word_1_377' title='bbox 2973 349 3090 410; x_wconf 89' lang='lat' dir='ltr'><strong>pro</strong></span> <span class='ocrx_word' id='word_1_378' title='bbox 3133 328 3443 410; x_wconf 81' lang='lat' dir='ltr'><strong>elementis</strong></span> <span class='ocrx_word' id='word_1_379' title='bbox 3489 352 3630 410; x_wconf 77' lang='lat' dir='ltr'><strong>per—</strong></span> 
     </span>
    </p>
   </div>
   <div class='ocr_carea' id='block_1_52' title="bbox 1976 401 3630 472">
    <p class='ocr_par' dir='ltr' id='par_1_52' title="bbox 1976 401 3630 472">
     <span class='ocr_line' id='line_1_53' title="bbox 1976 401 3630 472; baseline 0.004 -16"><span class='ocrx_word' id='word_1_380' title='bbox 1976 401 2290 472; x_wconf 85' lang='lat' dir='ltr'><strong>mitterent,</strong></span> <span class='ocrx_word' id='word_1_381' title='bbox 2330 403 2677 457; x_wconf 88' lang='lat' dir='ltr'><strong>neomenias</strong></span> <span class='ocrx_word' id='word_1_382' title='bbox 2728 401 3001 461; x_wconf 66' lang='lat' dir='ltr'><strong>colerent</strong></span> <span class='ocrx_word' id='word_1_383' title='bbox 3025 409 3081 459; x_wconf 92' lang='lat' dir='ltr'><strong>et</strong></span> <span class='ocrx_word' id='word_1_384' title='bbox 3137 401 3630 472; x_wconf 65' lang='lat' dir='ltr'><strong>sabbatum,&#39;ele-</strong></span> 
     </span>
    </p>
   </div>
   <div class='ocr_carea' id='block_1_53' title="bbox 1972 471 3625 547">
    <p class='ocr_par' dir='ltr' id='par_1_53' title="bbox 1972 471 3625 547">
     <span class='ocr_line' id='line_1_54' title="bbox 1972 471 3625 547; baseline 0.005 -22"><span class='ocrx_word' id='word_1_385' title='bbox 1972 471 2190 547; x_wconf 73' lang='lat' dir='ltr'><strong>mentis</strong></span> <span class='ocrx_word' id='word_1_386' title='bbox 2220 472 2472 547; x_wconf 75' lang='lat' dir='ltr'><strong>subjectl</strong></span> <span class='ocrx_word' id='word_1_387' title='bbox 2511 487 2581 529; x_wconf 91' lang='lat' dir='ltr'><strong>ac</strong></span> <span class='ocrx_word' id='word_1_388' title='bbox 2610 474 2915 547; x_wconf 83' lang='lat' dir='ltr'><strong>provocati</strong></span> <span class='ocrx_word' id='word_1_389' title='bbox 2946 480 3134 541; x_wconf 88' lang='lat' dir='ltr'><strong>erant,</strong></span> <span class='ocrx_word' id='word_1_390' title='bbox 3183 475 3244 531; x_wconf 89' lang='lat' dir='ltr'><strong>id</strong></span> <span class='ocrx_word' id='word_1_391' title='bbox 3276 483 3386 543; x_wconf 88' lang='lat' dir='ltr'><strong>est,</strong></span> <span class='ocrx_word' id='word_1_392' title='bbox 3417 471 3625 547; x_wconf 70' lang='lat' dir='ltr'><strong>gratiae</strong></span> 
     </span>
    </p>
   </div>
   <div class='ocr_carea' id='block_1_54' title="bbox 1974 542 3625 618">
    <p class='ocr_par' dir='ltr' id='par_1_54' title="bbox 1974 542 3625 618">
     <span class='ocr_line' id='line_1_55' title="bbox 1974 542 3625 618; baseline 0.007 -22"><span class='ocrx_word' id='word_1_393' title='bbox 1974 558 2095 618; x_wconf 80' lang='lat' dir='ltr'><strong>non</strong></span> <span class='ocrx_word' id='word_1_394' title='bbox 2126 542 2297 618; x_wconf 39' lang='lat' dir='ltr'><strong>Legi‘s</strong></span> <span class='ocrx_word' id='word_1_395' title='bbox 2327 542 2690 618; x_wconf 46' lang='lat' dir='ltr'><strong>tectorum}.</strong></span> <span class='ocrx_word' id='word_1_396' title='bbox 2724 547 2788 599; x_wconf 88' lang='lat' dir='ltr'><strong>Et</strong></span> <span class='ocrx_word' id='word_1_397' title='bbox 2813 559 2886 601; x_wconf 90' lang='lat' dir='ltr'><strong>ne</strong></span> <span class='ocrx_word' id='word_1_398' title='bbox 2913 542 3625 618; x_wconf 61' lang='lat' dir='ltr'><strong>pseudoapostolis&#39;ooca-</strong></span> 
     </span>
    </p>
   </div>
   <div class='ocr_carea' id='block_1_55' title="bbox 1974 560 2951 675">
    <p class='ocr_par' dir='ltr' id='par_1_55' title="bbox 1974 560 2951 675">
     <span class='ocr_line' id='line_1_56' title="bbox 1974 560 2886 612; baseline 0.005 -16"><span class='ocrx_word' id='word_1_399' title='bbox 1974 560 2095 597; x_wconf 91' lang='lat' dir='ltr'><strong>non</strong></span> <span class='ocrx_word' id='word_1_400' title='bbox 2126 560 2297 612; x_wconf 67' lang='lat' dir='ltr'><strong>Legi!</strong></span> <span class='ocrx_word' id='word_1_401' title='bbox 2327 560 2619 599; x_wconf 75' lang='lat' dir='ltr'><strong>rectorum</strong></span> <span class='ocrx_word' id='word_1_402' title='bbox 2646 560 2690 596; x_wconf 87' lang='grc' dir='ltr'>ι.</span> <span class='ocrx_word' id='word_1_403' title='bbox 2725 560 2788 599; x_wconf 70' lang='lat' dir='ltr'><strong>IS!</strong></span> <span class='ocrx_word' id='word_1_404' title='bbox 2813 560 2886 601; x_wconf 90' lang='lat' dir='ltr'><strong>ne</strong></span> 
     </span>
     <span class='ocr_line' id='line_1_57' title="bbox 1974 560 2951 675; baseline 0.005 -9"><span class='ocrx_word' id='word_1_405' title='bbox 1974 613 2205 669; x_wconf 85' lang='lat' dir='ltr'><strong>sionem</strong></span> <span class='ocrx_word' id='word_1_406' title='bbox 2240 613 2476 670; x_wconf 89' lang='lat' dir='ltr'><strong>dedisse</strong></span> <span class='ocrx_word' id='word_1_407' title='bbox 2533 615 2854 675; x_wconf 90' lang='lat' dir='ltr'><strong>videretur.</strong></span> <span class='ocrx_word' id='word_1_408' title='bbox 2905 560 2951 671; x_wconf 58' lang='grc' dir='ltr'><em>ἓ</em></span> 
     </span>
    </p>
   </div>
   <div class='ocr_carea' id='block_1_56' title="bbox 1971 685 3627 809">
    <p class='ocr_par' dir='ltr' id='par_1_56' title="bbox 1971 685 3627 809">
     <span class='ocr_line' id='line_1_58' title="bbox 1971 685 3627 809; baseline 0.002 -68"><span class='ocrx_word' id='word_1_409' title='bbox 1971 685 2135 809; x_wconf 63' lang='lat' dir='ltr'><strong>good</strong></span> <span class='ocrx_word' id='word_1_410' title='bbox 2167 691 2524 767; x_wconf 77' lang='lat' dir='ltr'><strong>acceperant</strong></span> <span class='ocrx_word' id='word_1_411' title='bbox 2560 685 2780 767; x_wconf 77' lang='lat' dir='ltr'><strong>Galatae</strong></span> <span class='ocrx_word' id='word_1_412' title='bbox 2801 702 2996 809; x_wconf 48' lang='lat' dir='ltr'><strong>(quam</strong></span> <span class='ocrx_word' id='word_1_413' title='bbox 3031 688 3290 770; x_wconf 80' lang='lat' dir='ltr'><strong>veritatis</strong></span> <span class='ocrx_word' id='word_1_414' title='bbox 3315 689 3497 772; x_wconf 78' lang='lat' dir='ltr'><strong>habet</strong></span> <span class='ocrx_word' id='word_1_415' title='bbox 3515 695 3627 749; x_wconf 90' lang='lat' dir='ltr'><strong>tra-</strong></span> 
     </span>
     <span class='ocr_line' id='line_1_59' title="bbox 2016 755 3627 809; baseline 0 0"><span class='ocrx_word' id='word_1_416' title='bbox 2016 761 2135 809; x_wconf 81' lang='lat' dir='ltr'><strong>ttio.</strong></span> <span class='ocrx_word' id='word_1_417' title='bbox 2161 759 2355 809; x_wconf 82' lang='lat' dir='ltr'><strong>statim</strong></span> <span class='ocrx_word' id='word_1_418' title='bbox 2387 755 2657 809; x_wconf 78' lang='lat' dir='ltr'><strong>subiecit.</strong></span> <span class='ocrx_word' id='word_1_419' title='bbox 2688 757 2800 809; x_wconf 82' lang='lat' dir='ltr'><strong>Duo</strong></span> <span class='ocrx_word' id='word_1_420' title='bbox 2882 775 2989 809; x_wconf 81' lang='lat' dir='ltr'><strong>non</strong></span> <span class='ocrx_word' id='word_1_421' title='bbox 3019 765 3095 809; x_wconf 80' lang='lat' dir='ltr'><strong>est</strong></span> <span class='ocrx_word' id='word_1_422' title='bbox 3124 759 3297 809; x_wconf 78' lang='grc' dir='ltr'><strong>αιιηά.</strong></span> <span class='ocrx_word' id='word_1_423' title='bbox 3347 777 3457 809; x_wconf 78' lang='lat' dir='ltr'><strong>nm</strong></span> <span class='ocrx_word' id='word_1_424' title='bbox 3494 767 3627 809; x_wconf 78' lang='lat' dir='ltr'><strong>sunt</strong></span> 
     </span>
    </p>
   </div>
   <div class='ocr_carea' id='block_1_57' title="bbox 2016 755 3629 825">
    <p class='ocr_par' dir='ltr' id='par_1_57' title="bbox 2016 755 3629 825">
     <span class='ocr_line' id='line_1_60' title="bbox 2016 755 3629 825; baseline 0.004 -16"><span class='ocrx_word' id='word_1_425' title='bbox 2016 756 2135 821; x_wconf 91' lang='lat' dir='ltr'><strong>itio,</strong></span> <span class='ocrx_word' id='word_1_426' title='bbox 2161 755 2355 811; x_wconf 85' lang='lat' dir='ltr'><strong>statim</strong></span> <span class='ocrx_word' id='word_1_427' title='bbox 2387 755 2657 824; x_wconf 82' lang='lat' dir='ltr'><strong>subiecit.</strong></span> <span class='ocrx_word' id='word_1_428' title='bbox 2688 755 2849 823; x_wconf 78' lang='lat' dir='ltr'><strong>Quod</strong></span> <span class='ocrx_word' id='word_1_429' title='bbox 2882 775 2989 812; x_wconf 81' lang='lat' dir='ltr'><strong>non</strong></span> <span class='ocrx_word' id='word_1_430' title='bbox 3019 765 3095 814; x_wconf 77' lang='lat' dir='ltr'><strong>est</strong></span> <span class='ocrx_word' id='word_1_431' title='bbox 3124 759 3297 825; x_wconf 87' lang='lat' dir='ltr'><strong>aliud,</strong></span> <span class='ocrx_word' id='word_1_432' title='bbox 3347 760 3458 815; x_wconf 81' lang='lat' dir='ltr'><strong>nisi</strong></span> <span class='ocrx_word' id='word_1_433' title='bbox 3494 767 3629 816; x_wconf 84' lang='lat' dir='ltr'><strong>sunt</strong></span> 
     </span>
    </p>
   </div>
   <div class='ocr_carea' id='block_1_58' title="bbox 1969 826 3624 909">
    <p class='ocr_par' dir='ltr' id='par_1_58' title="bbox 1969 826 3624 909">
     <span class='ocr_line' id='line_1_61' title="bbox 1969 826 3624 909; baseline 0.004 -29"><span class='ocrx_word' id='word_1_434' title='bbox 1969 826 2755 909; x_wconf 54' lang='lat' dir='ltr'><strong>aliquiquieoscoaturliant,</strong></span> <span class='ocrx_word' id='word_1_435' title='bbox 2799 835 2847 883; x_wconf 81' lang='lat' dir='ltr'><strong>et</strong></span> <span class='ocrx_word' id='word_1_436' title='bbox 2900 829 3417 909; x_wconf 40' lang='lat' dir='ltr'><strong>volunt‘conveijere</strong></span> <span class='ocrx_word' id='word_1_437' title='bbox 3443 831 3624 909; x_wconf 82' lang='lat' dir='ltr'><strong>Evan-</strong></span> 
     </span>
    </p>
   </div>
   <div class='ocr_carea' id='block_1_59' title="bbox 1968 898 3626 973">
    <p class='ocr_par' dir='ltr' id='par_1_59' title="bbox 1968 898 3626 973">
     <span class='ocr_line' id='line_1_62' title="bbox 1968 898 3626 973; baseline 0.003 -21"><span class='ocrx_word' id='word_1_438' title='bbox 1968 898 2166 973; x_wconf 76' lang='lat' dir='ltr'><strong>gelium</strong></span> <span class='ocrx_word' id='word_1_439' title='bbox 2198 899 2435 973; x_wconf 69' lang='lat' dir='ltr'><strong>Christi.</strong></span> <span class='ocrx_word' id='word_1_440' title='bbox 2469 900 2639 954; x_wconf 88' lang='lat' dir='ltr'><strong>Aliud</strong></span> <span class='ocrx_word' id='word_1_441' title='bbox 2689 913 2837 973; x_wconf 87' lang='lat' dir='ltr'><strong>ergo</strong></span> <span class='ocrx_word' id='word_1_442' title='bbox 2862 906 3007 964; x_wconf 88' lang='lat' dir='ltr'><strong>erat,</strong></span> <span class='ocrx_word' id='word_1_443' title='bbox 3035 900 3111 955; x_wconf 88' lang='lat' dir='ltr'><strong>ad</strong></span> <span class='ocrx_word' id='word_1_444' title='bbox 3142 901 3307 972; x_wconf 92' lang='lat' dir='ltr'><strong>quod</strong></span> <span class='ocrx_word' id='word_1_445' title='bbox 3337 903 3415 957; x_wconf 86' lang='lat' dir='ltr'><strong>ab</strong></span> <span class='ocrx_word' id='word_1_446' title='bbox 3442 908 3626 973; x_wconf 83' lang='lat' dir='ltr'><strong>Apos-</strong></span> 
     </span>
    </p>
   </div>
   <div class='ocr_carea' id='block_1_60' title="bbox 1969 968 3626 1044">
    <p class='ocr_par' dir='ltr' id='par_1_60' title="bbox 1969 968 3626 1044">
     <span class='ocr_line' id='line_1_63' title="bbox 1969 968 3626 1044; baseline 0.004 -21"><span class='ocrx_word' id='word_1_447' title='bbox 1969 968 2092 1025; x_wconf 92' lang='lat' dir='ltr'><strong>tolo</strong></span> <span class='ocrx_word' id='word_1_448' title='bbox 2118 971 2310 1026; x_wconf 88' lang='lat' dir='ltr'><strong>vocati</strong></span> <span class='ocrx_word' id='word_1_449' title='bbox 2332 979 2516 1044; x_wconf 78' lang='lat' dir='ltr'><strong>erant</strong></span> <span class='ocrx_word' id='word_1_450' title='bbox 2569 972 2970 1044; x_wconf 82' lang='lat' dir='ltr'><strong>Evangelium,</strong></span> <span class='ocrx_word' id='word_1_451' title='bbox 3003 968 3184 1044; x_wconf 82' lang='lat' dir='ltr'><strong>quam</strong></span> <span class='ocrx_word' id='word_1_452' title='bbox 3238 974 3405 1043; x_wconf 90' lang='lat' dir='ltr'><strong>quod</strong></span> <span class='ocrx_word' id='word_1_453' title='bbox 3452 968 3626 1044; x_wconf 78' lang='lat' dir='ltr'><strong>sequi</strong></span> 
     </span>
    </p>
   </div>
   <div class='ocr_carea' id='block_1_61' title="bbox 1969 1041 3626 1114">
    <p class='ocr_par' dir='ltr' id='par_1_61' title="bbox 1969 1041 3626 1114">
     <span class='ocr_line' id='line_1_64' title="bbox 1969 1041 3626 1114; baseline 0.002 -17"><span class='ocrx_word' id='word_1_454' title='bbox 1969 1046 2285 1114; x_wconf 65' lang='lat' dir='ltr'><strong>coeperant</strong></span> <span class='ocrx_word' id='word_1_455' title='bbox 2326 1041 2592 1111; x_wconf 89' lang='lat' dir='ltr'><strong>impulsu</strong></span> <span class='ocrx_word' id='word_1_456' title='bbox 2650 1041 3301 1114; x_wconf 76' lang='lat' dir='ltr'><strong>pseudoapostolorum</strong></span> <span class='ocrx_word' id='word_1_457' title='bbox 3345 1062 3358 1100; x_wconf 89' lang='lat'><strong>:</strong></span> <span class='ocrx_word' id='word_1_458' title='bbox 3392 1059 3513 1100; x_wconf 89' lang='lat' dir='ltr'><strong>non</strong></span> <span class='ocrx_word' id='word_1_459' title='bbox 3539 1041 3626 1101; x_wconf 78' lang='grc' dir='ltr'><strong>ἱει-</strong></span> 
     </span>
    </p>
   </div>
   <div class='ocr_carea' id='block_1_62' title="bbox 1970 1111 3626 1185">
    <p class='ocr_par' dir='ltr' id='par_1_62' title="bbox 1970 1111 3626 1185">
     <span class='ocr_line' id='line_1_65' title="bbox 1970 1111 3626 1185; baseline 0.004 -20"><span class='ocrx_word' id='word_1_460' title='bbox 1970 1111 2292 1185; x_wconf 82' lang='lat' dir='ltr'><strong>menaliud</strong></span> <span class='ocrx_word' id='word_1_461' title='bbox 2343 1116 2469 1167; x_wconf 90' lang='lat' dir='ltr'><strong>erat</strong></span> <span class='ocrx_word' id='word_1_462' title='bbox 2508 1111 2693 1185; x_wconf 83' lang='lat' dir='ltr'><strong>quam</strong></span> <span class='ocrx_word' id='word_1_463' title='bbox 2736 1111 2997 1169; x_wconf 75' lang='lat' dir='ltr'><strong>Christus</strong></span> <span class='ocrx_word' id='word_1_464' title='bbox 3056 1112 3408 1180; x_wconf 86' lang='lat' dir='ltr'><strong>tradiderat,</strong></span> <span class='ocrx_word' id='word_1_465' title='bbox 3445 1119 3506 1170; x_wconf 94' lang='lat' dir='ltr'><strong>ut</strong></span> <span class='ocrx_word' id='word_1_466' title='bbox 3536 1114 3626 1171; x_wconf 88' lang='lat' dir='ltr'><strong>vel</strong></span> 
     </span>
    </p>
   </div>
   <div class='ocr_carea' id='block_1_63' title="bbox 2012 1182 3625 1255">
    <p class='ocr_par' dir='ltr' id='par_1_63' title="bbox 2012 1182 3625 1255">
     <span class='ocr_line' id='line_1_66' title="bbox 2012 1182 3625 1255; baseline 0.002 -18"><span class='ocrx_word' id='word_1_467' title='bbox 2012 1197 2076 1237; x_wconf 88' lang='lat' dir='ltr'><strong>er</strong></span> <span class='ocrx_word' id='word_1_468' title='bbox 2106 1182 2250 1255; x_wconf 78' lang='lat' dir='ltr'><strong>idin</strong></span> <span class='ocrx_word' id='word_1_469' title='bbox 2276 1182 2545 1239; x_wconf 78' lang='lat' dir='ltr'><strong>errorem</strong></span> <span class='ocrx_word' id='word_1_470' title='bbox 2564 1199 2627 1239; x_wconf 91' lang='lat' dir='ltr'><strong>se</strong></span> <span class='ocrx_word' id='word_1_471' title='bbox 2667 1184 2943 1240; x_wconf 90' lang='lat' dir='ltr'><strong>inductos</strong></span> <span class='ocrx_word' id='word_1_472' title='bbox 2974 1191 3422 1255; x_wconf 82' lang='lat' dir='ltr'><strong>cognoscerent,</strong></span> <span class='ocrx_word' id='word_1_473' title='bbox 3448 1189 3506 1241; x_wconf 90' lang='lat' dir='ltr'><strong>et</strong></span> <span class='ocrx_word' id='word_1_474' title='bbox 3535 1201 3625 1240; x_wconf 88' lang='lat' dir='ltr'><strong>so-</strong></span> 
     </span>
    </p>
   </div>
   <div class='ocr_carea' id='block_1_64' title="bbox 1990 1252 3618 1326">
    <p class='ocr_par' dir='ltr' id='par_1_64' title="bbox 1990 1252 3618 1326">
     <span class='ocr_line' id='line_1_67' title="bbox 1990 1252 3618 1326; baseline 0.004 -20"><span class='ocrx_word' id='word_1_475' title='bbox 1990 1268 2088 1326; x_wconf 85' lang='lat' dir='ltr'><strong>am</strong></span> <span class='ocrx_word' id='word_1_476' title='bbox 2115 1252 2296 1307; x_wconf 87' lang='lat' dir='ltr'><strong>ﬁdem</strong></span> <span class='ocrx_word' id='word_1_477' title='bbox 2314 1252 3375 1326; x_wconf 47' lang='lat' dir='ltr'><strong>sequerentur,proﬁtente—Christum</strong></span> <span class='ocrx_word' id='word_1_478' title='bbox 3412 1259 3618 1322; x_wconf 86' lang='lat' dir='ltr'><strong>Deum,</strong></span> 
     </span>
    </p>
   </div>
   <div class='ocr_carea' id='block_1_65' title="bbox 1967 1324 3621 1409">
    <p class='ocr_par' dir='ltr' id='par_1_65' title="bbox 1967 1324 3621 1409">
     <span class='ocr_line' id='line_1_68' title="bbox 1967 1324 3621 1409; baseline 0.003 -30"><span class='ocrx_word' id='word_1_479' title='bbox 1967 1329 2023 1409; x_wconf 70' lang='lat' dir='ltr'><strong>et</strong></span> <span class='ocrx_word' id='word_1_480' title='bbox 2046 1324 2209 1409; x_wconf 79' lang='lat' dir='ltr'><strong>hunc</strong></span> <span class='ocrx_word' id='word_1_481' title='bbox 2235 1324 2508 1407; x_wconf 73' lang='lat' dir='ltr'><strong>sufficere</strong></span> <span class='ocrx_word' id='word_1_482' title='bbox 2523 1327 2598 1380; x_wconf 92' lang='lat' dir='ltr'><strong>ad</strong></span> <span class='ocrx_word' id='word_1_483' title='bbox 2614 1324 3412 1409; x_wconf 77' lang='lat' dir='ltr'><strong>salutem_lrimendam,_per</strong></span> <span class='ocrx_word' id='word_1_484' title='bbox 3438 1343 3621 1399; x_wconf 87' lang='lat' dir='ltr'><strong>quem</strong></span> 
     </span>
    </p>
   </div>
   <div class='ocr_carea' id='block_1_66' title="bbox 1967 1395 3623 1470">
    <p class='ocr_par' dir='ltr' id='par_1_66' title="bbox 1967 1395 3623 1470">
     <span class='ocr_line' id='line_1_69' title="bbox 1967 1395 3623 1470; baseline 0.003 -19"><span class='ocrx_word' id='word_1_485' title='bbox 1967 1395 2204 1470; x_wconf 67' lang='lat' dir='ltr'><strong>fuerant</strong></span> <span class='ocrx_word' id='word_1_486' title='bbox 2233 1395 2647 1470; x_wconf 74' lang='lat' dir='ltr'><strong>remissionem</strong></span> <span class='ocrx_word' id='word_1_487' title='bbox 2680 1401 3065 1470; x_wconf 82' lang='lat' dir='ltr'><strong>peccatorum</strong></span> <span class='ocrx_word' id='word_1_488' title='bbox 3117 1395 3333 1470; x_wconf 81' lang='lat' dir='ltr'><strong>adepti,</strong></span> <span class='ocrx_word' id='word_1_489' title='bbox 3368 1395 3489 1470; x_wconf 80' lang='lat' dir='ltr'><strong>non</strong></span> <span class='ocrx_word' id='word_1_490' title='bbox 3516 1414 3623 1470; x_wconf 89' lang='lat' dir='ltr'><strong>per</strong></span> 
     </span>
    </p>
   </div>
   <div class='ocr_carea' id='block_1_67' title="bbox 1969 1465 3619 1538">
    <p class='ocr_par' dir='ltr' id='par_1_67' title="bbox 1969 1465 3619 1538">
     <span class='ocr_line' id='line_1_70' title="bbox 1969 1465 3619 1538; baseline 0.002 -16"><span class='ocrx_word' id='word_1_491' title='bbox 1969 1467 2225 1538; x_wconf 79' lang='lat' dir='ltr'><strong>Legem:</strong></span> <span class='ocrx_word' id='word_1_492' title='bbox 2258 1466 2399 1538; x_wconf 89' lang='lat' dir='ltr'><strong>quia</strong></span> <span class='ocrx_word' id='word_1_493' title='bbox 2429 1465 2554 1524; x_wconf 90' lang='lat' dir='ltr'><strong>sine</strong></span> <span class='ocrx_word' id='word_1_494' title='bbox 2617 1465 2765 1538; x_wconf 82' lang='lat' dir='ltr'><strong>Lege</strong></span> <span class='ocrx_word' id='word_1_495' title='bbox 2796 1467 2986 1537; x_wconf 87' lang='lat' dir='ltr'><strong>gratia</strong></span> <span class='ocrx_word' id='word_1_496' title='bbox 3035 1467 3129 1522; x_wconf 90' lang='lat' dir='ltr'><strong>Dei</strong></span> <span class='ocrx_word' id='word_1_497' title='bbox 3167 1465 3355 1525; x_wconf 84' lang='lat' dir='ltr'><strong>donat</strong></span> <span class='ocrx_word' id='word_1_498' title='bbox 3383 1465 3619 1525; x_wconf 82' lang='lat' dir='ltr'><strong>delicta.</strong></span> 
     </span>
    </p>
   </div>
   <div class='ocr_carea' id='block_1_68' title="bbox 2040 1536 3619 1609">
    <p class='ocr_par' dir='ltr' id='par_1_68' title="bbox 2040 1536 3619 1609">
     <span class='ocr_line' id='line_1_71' title="bbox 2040 1536 3619 1609; baseline 0.003 -18"><span class='ocrx_word' id='word_1_499' title='bbox 2040 1539 2103 1609; x_wconf 84' lang='lat' dir='ltr'><strong>Xl</strong></span> <span class='ocrx_word' id='word_1_500' title='bbox 2133 1536 2233 1609; x_wconf 80' lang='grc' dir='ltr'>(ιι).</span> <span class='ocrx_word' id='word_1_501' title='bbox 2266 1536 2333 1577; x_wconf 61' lang='lat'><strong>-&#39;—-</strong></span> <span class='ocrx_word' id='word_1_502' title='bbox 2380 1540 2508 1593; x_wconf 88' lang='lat' dir='ltr'><strong>Non</strong></span> <span class='ocrx_word' id='word_1_503' title='bbox 2562 1536 2717 1592; x_wconf 76' lang='lat' dir='ltr'><strong>esse</strong></span> <span class='ocrx_word' id='word_1_504' title='bbox 2747 1538 3225 1593; x_wconf 88' lang='lat' dir='ltr'><strong>contristandum</strong></span> <span class='ocrx_word' id='word_1_505' title='bbox 3256 1539 3333 1593; x_wconf 90' lang='lat' dir='ltr'><strong>de</strong></span> <span class='ocrx_word' id='word_1_506' title='bbox 3366 1540 3619 1595; x_wconf 88' lang='lat' dir='ltr'><strong>mortuis</strong></span> 
     </span>
    </p>
   </div>
   <div class='ocr_carea' id='block_1_69' title="bbox 1968 1608 3621 1681">
    <p class='ocr_par' dir='ltr' id='par_1_69' title="bbox 1968 1608 3621 1681">
     <span class='ocr_line' id='line_1_72' title="bbox 1968 1608 3621 1681; baseline 0.001 -19"><span class='ocrx_word' id='word_1_507' title='bbox 1968 1608 2193 1681; x_wconf 80' lang='lat' dir='ltr'><strong>Paulus</strong></span> <span class='ocrx_word' id='word_1_508' title='bbox 2210 1609 2525 1679; x_wconf 84' lang='lat' dir='ltr'><strong>apostolus</strong></span> <span class='ocrx_word' id='word_1_509' title='bbox 2557 1609 2750 1678; x_wconf 88' lang='lat' dir='ltr'><strong>signat</strong></span> <span class='ocrx_word' id='word_1_510' title='bbox 2772 1608 2813 1681; x_wconf 92' lang='lat' dir='ltr'><strong>(l</strong></span> <span class='ocrx_word' id='word_1_511' title='bbox 2849 1610 3022 1664; x_wconf 80' lang='lat' dir='ltr'><strong>Thess.</strong></span> <span class='ocrx_word' id='word_1_512' title='bbox 3056 1623 3137 1672; x_wconf 72' lang='grc' dir='ltr'><strong>ιν,</strong></span> <span class='ocrx_word' id='word_1_513' title='bbox 3169 1610 3272 1677; x_wconf 85' lang='lat' dir='ltr'><strong>t2).</strong></span> <span class='ocrx_word' id='word_1_514' title='bbox 3313 1612 3461 1665; x_wconf 86' lang='lat' dir='ltr'><strong>Nam</strong></span> <span class='ocrx_word' id='word_1_515' title='bbox 3488 1611 3621 1666; x_wconf 86' lang='lat' dir='ltr'><strong>des-</strong></span> 
     </span>
    </p>
   </div>
   <div class='ocr_carea' id='block_1_70' title="bbox 1966 1679 3615 1751">
    <p class='ocr_par' dir='ltr' id='par_1_70' title="bbox 1966 1679 3615 1751">
     <span class='ocr_line' id='line_1_73' title="bbox 1966 1679 3615 1751; baseline 0.002 -17"><span class='ocrx_word' id='word_1_516' title='bbox 1966 1679 2303 1751; x_wconf 85' lang='lat' dir='ltr'><strong>perantium</strong></span> <span class='ocrx_word' id='word_1_517' title='bbox 2336 1684 2424 1735; x_wconf 85' lang='lat' dir='ltr'><strong>est</strong></span> <span class='ocrx_word' id='word_1_518' title='bbox 2476 1679 2853 1751; x_wconf 84' lang='lat' dir='ltr'><strong>contristari;</strong></span> <span class='ocrx_word' id='word_1_519' title='bbox 2895 1687 2952 1736; x_wconf 90' lang='lat' dir='ltr'><strong>et</strong></span> <span class='ocrx_word' id='word_1_520' title='bbox 2986 1682 3137 1750; x_wconf 85' lang='lat' dir='ltr'><strong>ipse,</strong></span> <span class='ocrx_word' id='word_1_521' title='bbox 3196 1681 3478 1751; x_wconf 79' lang='lat' dir='ltr'><strong>Inﬁrmus.</strong></span> <span class='ocrx_word' id='word_1_522' title='bbox 3534 1681 3615 1737; x_wconf 89' lang='lat' dir='ltr'><strong>in-</strong></span> 
     </span>
    </p>
   </div>
   <div class='ocr_carea' id='block_1_71' title="bbox 1967 1749 3621 1831">
    <p class='ocr_par' dir='ltr' id='par_1_71' title="bbox 1967 1749 3621 1831">
     <span class='ocr_line' id='line_1_74' title="bbox 1967 1749 3621 1831; baseline 0.001 -26"><span class='ocrx_word' id='word_1_523' title='bbox 1967 1749 2095 1831; x_wconf 80' lang='lat' dir='ltr'><strong>quit</strong></span> <span class='ocrx_word' id='word_1_524' title='bbox 2133 1750 2207 1831; x_wconf 85' lang='lat' dir='ltr'><strong>de</strong></span> <span class='ocrx_word' id='word_1_525' title='bbox 2241 1749 2660 1831; x_wconf 66' lang='lat' dir='ltr'><strong>Epaphrodito,</strong></span> <span class='ocrx_word' id='word_1_526' title='bbox 2714 1749 2843 1831; x_wconf 80' lang='lat' dir='ltr'><strong>[uit</strong></span> <span class='ocrx_word' id='word_1_527' title='bbox 2861 1749 3029 1831; x_wconf 74' lang='lat' dir='ltr'><strong>prope</strong></span> <span class='ocrx_word' id='word_1_528' title='bbox 3077 1749 3453 1831; x_wconf 41' lang='grc' dir='ltr'><strong>ηιρρςιεὴιησᾳά</strong></span> <span class='ocrx_word' id='word_1_529' title='bbox 3478 1752 3621 1831; x_wconf 58' lang='lat' dir='ltr'><strong>Deus</strong></span> 
     </span>
    </p>
   </div>
   <div class='ocr_carea' id='block_1_72' title="bbox 1966 1820 3614 1896">
    <p class='ocr_par' dir='ltr' id='par_1_72' title="bbox 1966 1820 3614 1896">
     <span class='ocr_line' id='line_1_75' title="bbox 1966 1820 3614 1896; baseline 0.001 -21"><span class='ocrx_word' id='word_1_530' title='bbox 1966 1820 2219 1896; x_wconf 68' lang='lat' dir='ltr'><strong>misertus</strong></span> <span class='ocrx_word' id='word_1_531' title='bbox 2249 1820 2325 1896; x_wconf 69' lang='lat' dir='ltr'><strong>est</strong></span> <span class='ocrx_word' id='word_1_532' title='bbox 2355 1820 2448 1876; x_wconf 84' lang='lat' dir='ltr'><strong>illi</strong></span> <span class='ocrx_word' id='word_1_533' title='bbox 2475 1840 2494 1877; x_wconf 90' lang='lat'><em>:</em></span> <span class='ocrx_word' id='word_1_534' title='bbox 2526 1820 2837 1896; x_wconf 6' lang='lat' dir='ltr'><strong>nongsolum</strong></span> <span class='ocrx_word' id='word_1_535' title='bbox 2861 1820 3070 1896; x_wconf 56' lang='lat' dir='ltr'><strong>&#39;autem</strong></span> <span class='ocrx_word' id='word_1_536' title='bbox 3103 1821 3214 1887; x_wconf 84' lang='lat' dir='ltr'><strong>illi,</strong></span> <span class='ocrx_word' id='word_1_537' title='bbox 3241 1821 3412 1896; x_wconf 55' lang='lat' dir='ltr'><strong>sedet</strong></span> <span class='ocrx_word' id='word_1_538' title='bbox 3459 1822 3614 1896; x_wconf 78' lang='lat' dir='ltr'><strong>mihi,</strong></span> 
     </span>
    </p>
   </div>
   <div class='ocr_carea' id='block_1_73' title="bbox 1964 1891 3615 1964">
    <p class='ocr_par' dir='ltr' id='par_1_73' title="bbox 1964 1891 3615 1964">
     <span class='ocr_line' id='line_1_76' title="bbox 1964 1891 3615 1964; baseline 0.001 -18"><span class='ocrx_word' id='word_1_539' title='bbox 1964 1908 2030 1946; x_wconf 82' lang='lat' dir='ltr'><strong>ne</strong></span> <span class='ocrx_word' id='word_1_540' title='bbox 2060 1892 2348 1947; x_wconf 83' lang='lat' dir='ltr'><strong>tristitiam</strong></span> <span class='ocrx_word' id='word_1_541' title='bbox 2369 1909 2539 1964; x_wconf 75' lang='lat' dir='ltr'><strong>super</strong></span> <span class='ocrx_word' id='word_1_542' title='bbox 2567 1893 2858 1948; x_wconf 68' lang='lat' dir='ltr'><strong>tristitiam</strong></span> <span class='ocrx_word' id='word_1_543' title='bbox 2924 1891 3169 1947; x_wconf 85' lang='lat' dir='ltr'><strong>haberem</strong></span> <span class='ocrx_word' id='word_1_544' title='bbox 3230 1892 3499 1964; x_wconf 79' lang='lat' dir='ltr'><strong>(Philipp.</strong></span> <span class='ocrx_word' id='word_1_545' title='bbox 3556 1891 3615 1959; x_wconf 73' lang='lat' dir='ltr'><strong>u’,</strong></span> 
     </span>
    </p>
   </div>
   <div class='ocr_carea' id='block_1_74' title="bbox 1965 1963 3620 2035">
    <p class='ocr_par' dir='ltr' id='par_1_74' title="bbox 1965 1963 3620 2035">
     <span class='ocr_line' id='line_1_77' title="bbox 1965 1963 3620 2035; baseline 0.001 -18"><span class='ocrx_word' id='word_1_546' title='bbox 1965 1968 2075 2035; x_wconf 10' lang='lat'><strong>277).</strong></span> <span class='ocrx_word' id='word_1_547' title='bbox 2110 1963 2427 2035; x_wconf 86' lang='lat' dir='ltr'><strong>Quomodo</strong></span> <span class='ocrx_word' id='word_1_548' title='bbox 2451 1964 2927 2020; x_wconf 87' lang='lat' dir='ltr'><strong>contristandum</strong></span> <span class='ocrx_word' id='word_1_549' title='bbox 2961 1969 3135 2035; x_wconf 86' lang='lat' dir='ltr'><strong>vetat,</strong></span> <span class='ocrx_word' id='word_1_550' title='bbox 3164 1979 3299 2035; x_wconf 85' lang='lat' dir='ltr'><strong>cum</strong></span> <span class='ocrx_word' id='word_1_551' title='bbox 3322 1965 3449 2035; x_wconf 90' lang='lat' dir='ltr'><strong>ipse</strong></span> <span class='ocrx_word' id='word_1_552' title='bbox 3478 1978 3620 2019; x_wconf 91' lang='lat' dir='ltr'><strong>con-</strong></span> 
     </span>
    </p>
   </div>
   <div class='ocr_carea' id='block_1_75' title="bbox 1966 2034 3406 2099">
    <p class='ocr_par' dir='ltr' id='par_1_75' title="bbox 1966 2034 3406 2099">
     <span class='ocr_line' id='line_1_78' title="bbox 1966 2034 3406 2099; baseline 0.001 -10"><span class='ocrx_word' id='word_1_553' title='bbox 1966 2034 2325 2089; x_wconf 86' lang='lat' dir='ltr'><strong>tristandum</strong></span> <span class='ocrx_word' id='word_1_554' title='bbox 2353 2051 2435 2099; x_wconf 90' lang='lat' dir='ltr'><strong>se,</strong></span> <span class='ocrx_word' id='word_1_555' title='bbox 2465 2036 2512 2090; x_wconf 91' lang='lat' dir='ltr'><strong>si</strong></span> <span class='ocrx_word' id='word_1_556' title='bbox 2544 2035 3051 2098; x_wconf 85' lang='lat' dir='ltr'><strong>mortuusfuisset,</strong></span> <span class='ocrx_word' id='word_1_557' title='bbox 3084 2034 3406 2091; x_wconf 81' lang='lat' dir='ltr'><strong>declarat?</strong></span> 
     </span>
    </p>
   </div>
   <div class='ocr_carea' id='block_1_76' title="bbox 2036 2104 3616 2178">
    <p class='ocr_par' dir='ltr' id='par_1_76' title="bbox 2036 2104 3616 2178">
     <span class='ocr_line' id='line_1_79' title="bbox 2036 2104 3616 2178; baseline -0.003 -17"><span class='ocrx_word' id='word_1_558' title='bbox 2036 2105 2218 2178; x_wconf 84' lang='lat' dir='ltr'><strong>Aliter</strong></span> <span class='ocrx_word' id='word_1_559' title='bbox 2247 2121 2327 2178; x_wconf 15' lang='lat' dir='ltr'><strong>se,</strong></span> <span class='ocrx_word' id='word_1_560' title='bbox 2361 2106 2436 2161; x_wconf 88' lang='lat' dir='ltr'><strong>de</strong></span> <span class='ocrx_word' id='word_1_561' title='bbox 2470 2111 2663 2178; x_wconf 82' lang='lat' dir='ltr'><strong>morte</strong></span> <span class='ocrx_word' id='word_1_562' title='bbox 2692 2106 3100 2178; x_wconf 87' lang='lat' dir='ltr'><strong>Epaphroditi,</strong></span> <span class='ocrx_word' id='word_1_563' title='bbox 3134 2105 3181 2159; x_wconf 91' lang='lat' dir='ltr'><strong>si</strong></span> <span class='ocrx_word' id='word_1_564' title='bbox 3222 2104 3616 2178; x_wconf 69' lang='lat' dir='ltr'><strong>provenisset,</strong></span> 
     </span>
    </p>
   </div>
   <div class='ocr_carea' id='block_1_77' title="bbox 1964 2175 3621 2247">
    <p class='ocr_par' dir='ltr' id='par_1_77' title="bbox 1964 2175 3621 2247">
     <span class='ocr_line' id='line_1_80' title="bbox 1964 2175 3621 2247; baseline -0.001 -15"><span class='ocrx_word' id='word_1_565' title='bbox 1964 2176 2440 2233; x_wconf 89' lang='lat' dir='ltr'><strong>contristandum</strong></span> <span class='ocrx_word' id='word_1_566' title='bbox 2475 2175 2849 2247; x_wconf 79' lang='lat' dir='ltr'><strong>signiﬁcavit,</strong></span> <span class='ocrx_word' id='word_1_567' title='bbox 2883 2182 2939 2232; x_wconf 92' lang='lat' dir='ltr'><strong>et</strong></span> <span class='ocrx_word' id='word_1_568' title='bbox 2969 2176 3134 2232; x_wconf 87' lang='lat' dir='ltr'><strong>aliter</strong></span> <span class='ocrx_word' id='word_1_569' title='bbox 3164 2175 3439 2247; x_wconf 81' lang='lat' dir='ltr'><strong>prohibet</strong></span> <span class='ocrx_word' id='word_1_570' title='bbox 3481 2191 3621 2247; x_wconf 44' lang='lat' dir='ltr'><strong>conf</strong></span> 
     </span>
    </p>
   </div>
   <div class='ocr_carea' id='block_1_78' title="bbox 1968 2246 3620 2320">
    <p class='ocr_par' dir='ltr' id='par_1_78' title="bbox 1968 2246 3620 2320">
     <span class='ocr_line' id='line_1_81' title="bbox 1968 2246 3620 2320; baseline 0 -19"><span class='ocrx_word' id='word_1_571' title='bbox 1968 2246 2349 2320; x_wconf 85' lang='lat' dir='ltr'><strong>tristandum.</strong></span> <span class='ocrx_word' id='word_1_572' title='bbox 2396 2246 2555 2320; x_wconf 76' lang='lat' dir='ltr'><strong>Nam</strong></span> <span class='ocrx_word' id='word_1_573' title='bbox 2603 2248 2701 2320; x_wconf 89' lang='lat' dir='ltr'><strong>hic</strong></span> <span class='ocrx_word' id='word_1_574' title='bbox 2737 2254 2980 2320; x_wconf 86' lang='lat' dir='ltr'><strong>propter</strong></span> <span class='ocrx_word' id='word_1_575' title='bbox 3009 2246 3287 2320; x_wconf 81' lang='lat' dir='ltr'><strong>solatium</strong></span> <span class='ocrx_word' id='word_1_576' title='bbox 3336 2246 3620 2320; x_wconf 74' lang='lat' dir='ltr'><strong>adjutorii</strong></span> 
     </span>
    </p>
   </div>
   <div class='ocr_carea' id='block_1_79' title="bbox 1964 2316 3620 2400">
    <p class='ocr_par' dir='ltr' id='par_1_79' title="bbox 1964 2316 3620 2400">
     <span class='ocr_line' id='line_1_82' title="bbox 1964 2316 3620 2400; baseline -0.003 -26"><span class='ocrx_word' id='word_1_577' title='bbox 1964 2318 2114 2400; x_wconf 85' lang='lat' dir='ltr'><strong>ejus,</strong></span> <span class='ocrx_word' id='word_1_578' title='bbox 2138 2334 2261 2400; x_wconf 84' lang='lat' dir='ltr'><strong>quo</strong></span> <span class='ocrx_word' id='word_1_579' title='bbox 2289 2318 2570 2400; x_wconf 69' lang='lat' dir='ltr'><strong>utebatur</strong></span> <span class='ocrx_word' id='word_1_580' title='bbox 2598 2319 2660 2375; x_wconf 91' lang='lat' dir='ltr'><strong>in</strong></span> <span class='ocrx_word' id='word_1_581' title='bbox 2693 2316 3027 2400; x_wconf 59' lang='lat' dir='ltr'><strong>Evangelia,</strong></span> <span class='ocrx_word' id='word_1_582' title='bbox 3069 2318 3116 2374; x_wconf 82' lang='lat' dir='ltr'><strong>si</strong></span> <span class='ocrx_word' id='word_1_583' title='bbox 3170 2316 3443 2400; x_wconf 80' lang='lat' dir='ltr'><strong>mortuus</strong></span> <span class='ocrx_word' id='word_1_584' title='bbox 3475 2316 3620 2372; x_wconf 85' lang='lat' dir='ltr'><strong>fuis-</strong></span> 
     </span>
    </p>
   </div>
   <div class='ocr_carea' id='block_1_80' title="bbox 1965 2389 3619 2453">
    <p class='ocr_par' dir='ltr' id='par_1_80' title="bbox 1965 2389 3619 2453">
     <span class='ocr_line' id='line_1_83' title="bbox 1965 2389 3619 2453; baseline 0.001 -11"><span class='ocrx_word' id='word_1_585' title='bbox 1965 2395 2069 2453; x_wconf 86' lang='lat' dir='ltr'><strong>set,</strong></span> <span class='ocrx_word' id='word_1_586' title='bbox 2113 2390 2593 2446; x_wconf 86' lang='lat' dir='ltr'><strong>contristandum</strong></span> <span class='ocrx_word' id='word_1_587' title='bbox 2650 2406 2713 2445; x_wconf 84' lang='lat' dir='ltr'><strong>se</strong></span> <span class='ocrx_word' id='word_1_588' title='bbox 2758 2389 2921 2445; x_wconf 90' lang='lat' dir='ltr'><strong>dixit.</strong></span> <span class='ocrx_word' id='word_1_589' title='bbox 2973 2392 3090 2444; x_wconf 85' lang='lat' dir='ltr'><strong>Nos</strong></span> <span class='ocrx_word' id='word_1_590' title='bbox 3112 2393 3316 2443; x_wconf 87' lang='lat' dir='ltr'><strong>autem</strong></span> <span class='ocrx_word' id='word_1_591' title='bbox 3365 2389 3449 2442; x_wconf 89' lang='lat' dir='ltr'><strong>sic</strong></span> <span class='ocrx_word' id='word_1_592' title='bbox 3478 2403 3619 2443; x_wconf 88' lang='lat' dir='ltr'><strong>con-</strong></span> 
     </span>
    </p>
   </div>
   <div class='ocr_carea' id='block_1_81' title="bbox 1966 2459 3617 2532">
    <p class='ocr_par' dir='ltr' id='par_1_81' title="bbox 1966 2459 3617 2532">
     <span class='ocr_line' id='line_1_84' title="bbox 1966 2459 3617 2532; baseline -0.001 -17"><span class='ocrx_word' id='word_1_593' title='bbox 1966 2461 2176 2532; x_wconf 81' lang='lat' dir='ltr'><strong>tristari</strong></span> <span class='ocrx_word' id='word_1_594' title='bbox 2203 2461 2496 2531; x_wconf 90' lang='lat' dir='ltr'><strong>prohibet,</strong></span> <span class='ocrx_word' id='word_1_595' title='bbox 2531 2477 2604 2515; x_wconf 92' lang='lat' dir='ltr'><strong>ne</strong></span> <span class='ocrx_word' id='word_1_596' title='bbox 2630 2461 2830 2517; x_wconf 90' lang='lat' dir='ltr'><strong>obitos</strong></span> <span class='ocrx_word' id='word_1_597' title='bbox 2856 2459 3030 2532; x_wconf 90' lang='lat' dir='ltr'><strong>quasi</strong></span> <span class='ocrx_word' id='word_1_598' title='bbox 3053 2460 3377 2532; x_wconf 79' lang='lat' dir='ltr'><strong>exstinctos</strong></span> <span class='ocrx_word' id='word_1_599' title='bbox 3408 2463 3465 2514; x_wconf 89' lang='lat' dir='ltr'><strong>et</strong></span> <span class='ocrx_word' id='word_1_600' title='bbox 3489 2474 3617 2532; x_wconf 54' lang='lat' dir='ltr'><strong>per:</strong></span> 
     </span>
    </p>
   </div>
   <div class='ocr_carea' id='block_1_82' title="bbox 1964 2529 3618 2604">
    <p class='ocr_par' dir='ltr' id='par_1_82' title="bbox 1964 2529 3618 2604">
     <span class='ocr_line' id='line_1_85' title="bbox 1964 2529 3618 2604; baseline -0.001 -19"><span class='ocrx_word' id='word_1_601' title='bbox 1964 2529 2467 2604; x_wconf 79' lang='lat' dir='ltr'><strong>ditoslugeamus.</strong></span> <span class='ocrx_word' id='word_1_602' title='bbox 2484 2529 2961 2604; x_wconf 57' lang='lat' dir='ltr'><strong>desperantes&#39;de</strong></span> <span class='ocrx_word' id='word_1_603' title='bbox 2983 2529 3618 2604; x_wconf 81' lang='lat' dir='ltr'><strong>ressurectione._Aliud</strong></span> 
     </span>
    </p>
   </div>
   <div class='ocr_carea' id='block_1_83' title="bbox 1964 2602 3617 2675">
    <p class='ocr_par' dir='ltr' id='par_1_83' title="bbox 1964 2602 3617 2675">
     <span class='ocr_line' id='line_1_86' title="bbox 1964 2602 3617 2675; baseline -0.001 -18"><span class='ocrx_word' id='word_1_604' title='bbox 1964 2603 2258 2675; x_wconf 77' lang='lat' dir='ltr'><strong>estigitur</strong></span> <span class='ocrx_word' id='word_1_605' title='bbox 2310 2602 2609 2675; x_wconf 82' lang='lat' dir='ltr'><strong>solatium</strong></span> <span class='ocrx_word' id='word_1_606' title='bbox 2644 2604 2942 2675; x_wconf 88' lang='lat' dir='ltr'><strong>requirere</strong></span> <span class='ocrx_word' id='word_1_607' title='bbox 2979 2603 3153 2675; x_wconf 77' lang='lat' dir='ltr'><strong>quasi</strong></span> <span class='ocrx_word' id='word_1_608' title='bbox 3212 2602 3498 2675; x_wconf 67' lang='lat' dir='ltr'><strong>absentis,</strong></span> <span class='ocrx_word' id='word_1_609' title='bbox 3560 2605 3617 2657; x_wconf 91' lang='lat' dir='ltr'><strong>et</strong></span> 
     </span>
    </p>
   </div>
   <div class='ocr_carea' id='block_1_84' title="bbox 1962 2671 3618 2745">
    <p class='ocr_par' dir='ltr' id='par_1_84' title="bbox 1962 2671 3618 2745">
     <span class='ocr_line' id='line_1_87' title="bbox 1962 2671 3618 2745; baseline -0.002 -15"><span class='ocrx_word' id='word_1_610' title='bbox 1962 2673 2124 2730; x_wconf 84' lang='lat' dir='ltr'><strong>aliud</strong></span> <span class='ocrx_word' id='word_1_611' title='bbox 2153 2672 2685 2745; x_wconf 80' lang='lat' dir='ltr'><strong>dolereinteritum</strong></span> <span class='ocrx_word' id='word_1_612' title='bbox 2728 2671 3015 2745; x_wconf 57' lang='lat' dir='ltr'><strong>iamnon</strong></span> <span class='ocrx_word' id='word_1_613' title='bbox 3055 2671 3254 2745; x_wconf 86' lang='lat' dir='ltr'><strong>futuri.</strong></span> <span class='ocrx_word' id='word_1_614' title='bbox 3290 2672 3393 2727; x_wconf 88' lang='lat' dir='ltr'><strong>Hic</strong></span> <span class='ocrx_word' id='word_1_615' title='bbox 3423 2676 3618 2728; x_wconf 87' lang='lat' dir='ltr'><strong>cessat</strong></span> 
     </span>
    </p>
   </div>
   <div class='ocr_carea' id='block_1_85' title="bbox 1963 2743 3204 2816">
    <p class='ocr_par' dir='ltr' id='par_1_85' title="bbox 1963 2743 3204 2816">
     <span class='ocr_line' id='line_1_88' title="bbox 1963 2743 3204 2816; baseline -0.002 -16"><span class='ocrx_word' id='word_1_616' title='bbox 1963 2744 2311 2816; x_wconf 74' lang='lat' dir='ltr'><strong>consolatio,</strong></span> <span class='ocrx_word' id='word_1_617' title='bbox 2345 2744 2460 2799; x_wconf 91' lang='lat' dir='ltr'><strong>illic</strong></span> <span class='ocrx_word' id='word_1_618' title='bbox 2481 2743 2811 2816; x_wconf 82' lang='lat' dir='ltr'><strong>excluditur</strong></span> <span class='ocrx_word' id='word_1_619' title='bbox 2843 2743 3204 2816; x_wconf 74' lang='lat' dir='ltr'><strong>desperatio.</strong></span> 
     </span>
    </p>
   </div>
   <div class='ocr_carea' id='block_1_86' title="bbox 2032 2811 3618 2888">
    <p class='ocr_par' dir='ltr' id='par_1_86' title="bbox 2032 2811 3618 2888">
     <span class='ocr_line' id='line_1_89' title="bbox 2032 2811 3618 2888; baseline -0.001 -19"><span class='ocrx_word' id='word_1_620' title='bbox 2032 2815 2125 2870; x_wconf 82' lang='lat' dir='ltr'><strong>XII</strong></span> <span class='ocrx_word' id='word_1_621' title='bbox 2176 2815 2373 2888; x_wconf 47' lang='lat' dir='ltr'><strong>(b)._f-</strong></span> <span class='ocrx_word' id='word_1_622' title='bbox 2411 2816 2563 2888; x_wconf 87' lang='lat' dir='ltr'><strong>Quid</strong></span> <span class='ocrx_word' id='word_1_623' title='bbox 2593 2819 2682 2871; x_wconf 88' lang='lat' dir='ltr'><strong>est</strong></span> <span class='ocrx_word' id='word_1_624' title='bbox 2713 2814 2863 2888; x_wconf 81' lang='lat' dir='ltr'><strong>quia</strong></span> <span class='ocrx_word' id='word_1_625' title='bbox 2890 2811 3103 2888; x_wconf 64' lang='lat' dir='ltr'><strong>occisis</strong></span> <span class='ocrx_word' id='word_1_626' title='bbox 3158 2812 3296 2869; x_wconf 87' lang='lat' dir='ltr'><strong>ﬁliis</strong></span> <span class='ocrx_word' id='word_1_627' title='bbox 3348 2812 3480 2888; x_wconf 61' lang='lat' dir='ltr'><strong>Litt,</strong></span> <span class='ocrx_word' id='word_1_628' title='bbox 3512 2811 3618 2886; x_wconf 86' lang='lat' dir='ltr'><strong>qui</strong></span> 
     </span>
    </p>
   </div>
   <div class='ocr_carea' id='block_1_87' title="bbox 1963 2884 3617 3011">
    <p class='ocr_par' dir='ltr' id='par_1_87' title="bbox 1963 2884 3617 3011">
     <span class='ocr_line' id='line_1_90' title="bbox 1963 2884 3617 3011; baseline -0.001 -72"><span class='ocrx_word' id='word_1_629' title='bbox 1963 2884 2198 3011; x_wconf 49' lang='lat' dir='ltr'><strong>inattex</strong></span> <span class='ocrx_word' id='word_1_630' title='bbox 2222 2884 2383 3010; x_wconf 39' lang='lat' dir='ltr'><strong>gribu</strong></span> <span class='ocrx_word' id='word_1_631' title='bbox 2420 2887 2595 2955; x_wconf 88' lang='lat' dir='ltr'><strong>Juda,</strong></span> <span class='ocrx_word' id='word_1_632' title='bbox 2653 2884 2869 2942; x_wconf 79' lang='lat' dir='ltr'><strong>Rachel</strong></span> <span class='ocrx_word' id='word_1_633' title='bbox 2925 2886 3076 2942; x_wconf 87' lang='lat' dir='ltr'><strong>ﬁlios</strong></span> <span class='ocrx_word' id='word_1_634' title='bbox 3125 2900 3268 2940; x_wconf 90' lang='lat' dir='ltr'><strong>suos</strong></span> <span class='ocrx_word' id='word_1_635' title='bbox 3330 2884 3617 2957; x_wconf 85' lang='lat' dir='ltr'><strong>plangere</strong></span> 
     </span>
     <span class='ocr_line' id='line_1_91' title="bbox 2007 2972 2198 3011; baseline 0.005 -1"><span class='ocrx_word' id='word_1_636' title='bbox 2007 2972 2098 3011; x_wconf 77' lang='lat' dir='ltr'><strong>ica</strong></span> <span class='ocrx_word' id='word_1_637' title='bbox 2131 2973 2198 3011; x_wconf 91' lang='lat' dir='ltr'><strong>ur</strong></span> 
     </span>
    </p>
   </div>
   <div class='ocr_carea' id='block_1_88' title="bbox 2007 2965 2198 3011">
    <p class='ocr_par' dir='ltr' id='par_1_88' title="bbox 2007 2965 2198 3011">
     <span class='ocr_line' id='line_1_92' title="bbox 2007 2965 2198 3011; baseline 0.005 -1"><span class='ocrx_word' id='word_1_638' title='bbox 2007 2965 2198 3011; x_wconf 87' lang='lat' dir='ltr'><strong>icatur</strong></span> 
     </span>
    </p>
   </div>
   <div class='ocr_carea' id='block_1_89' title="bbox 2034 3024 3617 3099">
    <p class='ocr_par' dir='ltr' id='par_1_89' title="bbox 2034 3024 3617 3099">
     <span class='ocr_line' id='line_1_93' title="bbox 2034 3024 3617 3099; baseline -0.003 -15"><span class='ocrx_word' id='word_1_639' title='bbox 2034 3027 2244 3099; x_wconf 84' lang='lat' dir='ltr'><strong>Rachel</strong></span> <span class='ocrx_word' id='word_1_640' title='bbox 2265 3024 2696 3099; x_wconf 75' lang='lat' dir='ltr'><strong>ﬁlii,quantum</strong></span> <span class='ocrx_word' id='word_1_641' title='bbox 2726 3027 2803 3099; x_wconf 88' lang='lat' dir='ltr'><strong>ad</strong></span> <span class='ocrx_word' id='word_1_642' title='bbox 2828 3024 3136 3099; x_wconf 82' lang='lat' dir='ltr'><strong>historiam</strong></span> <span class='ocrx_word' id='word_1_643' title='bbox 3165 3025 3433 3098; x_wconf 88' lang='lat' dir='ltr'><strong>pertinet,</strong></span> <span class='ocrx_word' id='word_1_644' title='bbox 3470 3024 3617 3099; x_wconf 78' lang='lat' dir='ltr'><strong>olim</strong></span> 
     </span>
    </p>
   </div>
   <div class='ocr_carea' id='block_1_90' title="bbox 1959 3095 3617 3170">
    <p class='ocr_par' dir='ltr' id='par_1_90' title="bbox 1959 3095 3617 3170">
     <span class='ocr_line' id='line_1_94' title="bbox 1959 3095 3617 3170; baseline -0.001 -18"><span class='ocrx_word' id='word_1_645' title='bbox 1959 3114 2070 3170; x_wconf 88' lang='lat' dir='ltr'><strong>pro</strong></span> <span class='ocrx_word' id='word_1_646' title='bbox 2112 3096 2378 3154; x_wconf 81' lang='lat' dir='ltr'><strong>malefico</strong></span> <span class='ocrx_word' id='word_1_647' title='bbox 2406 3095 2518 3170; x_wconf 56' lang='lat' dir='ltr'><strong>s&#39;uq</strong></span> <span class='ocrx_word' id='word_1_648' title='bbox 2539 3106 2717 3170; x_wconf 82' lang='lat' dir='ltr'><strong>Opere</strong></span> <span class='ocrx_word' id='word_1_649' title='bbox 2741 3095 3209 3170; x_wconf 78' lang='lat' dir='ltr'><strong>Sodomitarum,</strong></span> <span class='ocrx_word' id='word_1_650' title='bbox 3242 3101 3299 3151; x_wconf 93' lang='lat' dir='ltr'><strong>et</strong></span> <span class='ocrx_word' id='word_1_651' title='bbox 3329 3095 3617 3170; x_wconf 85' lang='lat' dir='ltr'><strong>spurcitia</strong></span> 
     </span>
    </p>
   </div>
   <div class='ocr_carea' id='block_1_91' title="bbox 1960 3165 3612 3248">
    <p class='ocr_par' dir='ltr' id='par_1_91' title="bbox 1960 3165 3612 3248">
     <span class='ocr_line' id='line_1_95' title="bbox 1960 3165 3612 3248; baseline -0.002 -25"><span class='ocrx_word' id='word_1_652' title='bbox 1960 3165 2147 3248; x_wconf 78' lang='lat' dir='ltr'><strong>quam</strong></span> <span class='ocrx_word' id='word_1_653' title='bbox 2187 3171 2245 3248; x_wconf 82' lang='lat' dir='ltr'><strong>in</strong></span> <span class='ocrx_word' id='word_1_654' title='bbox 2260 3165 2663 3248; x_wconf 70' lang='lat' dir='ltr'><strong>concubinam</strong></span> <span class='ocrx_word' id='word_1_655' title='bbox 2695 3166 2957 3248; x_wconf 72' lang='lat' dir='ltr'><strong>hominis</strong></span> <span class='ocrx_word' id='word_1_656' title='bbox 2988 3165 3419 3248; x_wconf 60' lang='lat' dir='ltr'><strong>levitgeoperati</strong></span> <span class='ocrx_word' id='word_1_657' title='bbox 3452 3171 3612 3248; x_wconf 72' lang='lat' dir='ltr'><strong>sunt,</strong></span> 
     </span>
    </p>
   </div>
   <div class='ocr_carea' id='block_1_92' title="bbox 1960 3237 3611 3309">
    <p class='ocr_par' dir='ltr' id='par_1_92' title="bbox 1960 3237 3611 3309">
     <span class='ocr_line' id='line_1_96' title="bbox 1960 3237 3611 3309; baseline -0.002 -14"><span class='ocrx_word' id='word_1_658' title='bbox 1960 3237 2233 3297; x_wconf 77' lang='lat' dir='ltr'><strong>exstincti</strong></span> <span class='ocrx_word' id='word_1_659' title='bbox 2264 3240 2503 3296; x_wconf 79' lang='lat' dir='ltr'><strong>fuerunt</strong></span> <span class='ocrx_word' id='word_1_660' title='bbox 2530 3244 2587 3294; x_wconf 91' lang='lat' dir='ltr'><strong>et</strong></span> <span class='ocrx_word' id='word_1_661' title='bbox 2608 3239 2765 3297; x_wconf 88' lang='lat' dir='ltr'><strong>erasi</strong></span> <span class='ocrx_word' id='word_1_662' title='bbox 2801 3242 2940 3296; x_wconf 88' lang='lat' dir='ltr'><strong>sunt</strong></span> <span class='ocrx_word' id='word_1_663' title='bbox 2978 3253 3015 3294; x_wconf 87' lang='lat' dir='ltr'><strong>a</strong></span> <span class='ocrx_word' id='word_1_664' title='bbox 3044 3237 3289 3309; x_wconf 87' lang='lat' dir='ltr'><strong>reliquis</strong></span> <span class='ocrx_word' id='word_1_665' title='bbox 3314 3237 3611 3302; x_wconf 89' lang='lat' dir='ltr'><strong>tribubus,</strong></span> 
     </span>
    </p>
   </div>
   <div class='ocr_carea' id='block_1_93' title="bbox 1960 3315 2069 3369">
    <p class='ocr_par' dir='ltr' id='par_1_93' title="bbox 1960 3315 2069 3369">
     <span class='ocr_line' id='line_1_97' title="bbox 1960 3315 2069 3369; baseline -0.018 0"><span class='ocrx_word' id='word_1_666' title='bbox 1960 3315 2069 3369; x_wconf 87' lang='lat' dir='ltr'><strong>etc.</strong></span> 
     </span>
    </p>
   </div>
   <div class='ocr_carea' id='block_1_94' title="bbox 2951 617 3625 679">
    <p class='ocr_par' dir='ltr' id='par_1_94' title="bbox 2951 617 3625 679">
     <span class='ocr_line' id='line_1_98' title="bbox 2951 617 3625 679; baseline 0.012 -8"><span class='ocrx_word' id='word_1_667' title='bbox 2951 617 3239 677; x_wconf 88' lang='lat' dir='ltr'><strong>icentibus</strong></span> <span class='ocrx_word' id='word_1_668' title='bbox 3292 618 3461 675; x_wconf 91' lang='lat' dir='ltr'><strong>aliud</strong></span> <span class='ocrx_word' id='word_1_669' title='bbox 3489 635 3625 679; x_wconf 81' lang='lat' dir='ltr'><strong>esse</strong></span> 
     </span>
    </p>
   </div>
   <div class='ocr_carea' id='block_1_95' title="bbox 2020 3474 3613 3541">
    <p class='ocr_par' dir='ltr' id='par_1_95' title="bbox 2020 3474 3613 3541">
     <span class='ocr_line' id='line_1_99' title="bbox 2020 3474 3613 3541; baseline -0.003 -12"><span class='ocrx_word' id='word_1_670' title='bbox 2020 3482 2034 3512; x_wconf 90' lang='grc'>¹</span> <span class='ocrx_word' id='word_1_671' title='bbox 2067 3479 2186 3530; x_wconf 60' lang='lat' dir='ltr'><strong>Haec</strong></span> <span class='ocrx_word' id='word_1_672' title='bbox 2220 3478 2401 3536; x_wconf 86' lang='lat' dir='ltr'><strong>verba.</strong></span> <span class='ocrx_word' id='word_1_673' title='bbox 2432 3494 2490 3529; x_wconf 79' lang='lat' dir='ltr'><strong>ac</strong></span> <span class='ocrx_word' id='word_1_674' title='bbox 2510 3478 2776 3541; x_wconf 79' lang='lat' dir='ltr'><strong>provocati</strong></span> <span class='ocrx_word' id='word_1_675' title='bbox 2811 3480 2977 3533; x_wconf 80' lang='lat' dir='ltr'><strong>erant,</strong></span> <span class='ocrx_word' id='word_1_676' title='bbox 3002 3476 3056 3527; x_wconf 84' lang='lat' dir='ltr'><strong>id</strong></span> <span class='ocrx_word' id='word_1_677' title='bbox 3081 3481 3168 3541; x_wconf 71' lang='lat' dir='ltr'><strong>est,</strong></span> <span class='ocrx_word' id='word_1_678' title='bbox 3200 3475 3383 3541; x_wconf 68' lang='lat' dir='ltr'><strong>gratim</strong></span> <span class='ocrx_word' id='word_1_679' title='bbox 3414 3489 3519 3526; x_wconf 80' lang='lat' dir='ltr'><strong>non</strong></span> <span class='ocrx_word' id='word_1_680' title='bbox 3549 3474 3613 3524; x_wconf 77' lang='lat' dir='ltr'><strong>le-</strong></span> 
     </span>
    </p>
   </div>
   <div class='ocr_carea' id='block_1_96' title="bbox 262 3539 3239 3616">
    <p class='ocr_par' dir='ltr' id='par_1_96' title="bbox 262 3539 3239 3616">
     <span class='ocr_line' id='line_1_100' title="bbox 262 3539 3239 3616; baseline 0.001 -26"><span class='ocrx_word' id='word_1_681' title='bbox 262 3541 282 3613; x_wconf 60' lang='grc' dir='ltr'>ξ</span> <span class='ocrx_word' id='word_1_682' title='bbox 310 3541 411 3593; x_wconf 83' lang='lat' dir='ltr'><strong>Ms.</strong></span> <span class='ocrx_word' id='word_1_683' title='bbox 452 3541 844 3616; x_wconf 64' lang='lat' dir='ltr'><strong>Germanensis,</strong></span> <span class='ocrx_word' id='word_1_684' title='bbox 896 3544 1259 3616; x_wconf 63' lang='lat' dir='ltr'><strong>elementorum</strong></span> <span class='ocrx_word' id='word_1_685' title='bbox 1291 3544 1547 3595; x_wconf 81' lang='lat' dir='ltr'><strong>distantia</strong></span> <span class='ocrx_word' id='word_1_686' title='bbox 1582 3545 1639 3593; x_wconf 79' lang='lat' dir='ltr'><strong>in</strong></span> <span class='ocrx_word' id='word_1_687' title='bbox 1672 3548 1849 3594; x_wconf 73' lang='lat' dir='ltr'><strong>caelum</strong></span> <span class='ocrx_word' id='word_1_688' title='bbox 1956 3544 2040 3616; x_wconf 74' lang='lat' dir='ltr'><strong>gis</strong></span> <span class='ocrx_word' id='word_1_689' title='bbox 2068 3542 2339 3616; x_wconf 47' lang='lat' dir='ltr'><strong>(celarunt,</strong></span> <span class='ocrx_word' id='word_1_690' title='bbox 2373 3539 2570 3616; x_wconf 76' lang='lat' dir='ltr'><strong>absunt</strong></span> <span class='ocrx_word' id='word_1_691' title='bbox 2598 3554 2630 3614; x_wconf 80' lang='lat' dir='ltr'><strong>a</strong></span> <span class='ocrx_word' id='word_1_692' title='bbox 2658 3541 3004 3615; x_wconf 60' lang='lat' dir='ltr'><strong>Germancnsi</strong></span> <span class='ocrx_word' id='word_1_693' title='bbox 3034 3539 3239 3594; x_wconf 81' lang='lat' dir='ltr'><strong>codice.</strong></span> 
     </span>
    </p>
   </div>
   <div class='ocr_carea' id='block_1_97' title="bbox 200 3604 3614 3732">
    <p class='ocr_par' dir='ltr' id='par_1_97' title="bbox 200 3604 3614 3732">
     <span class='ocr_line' id='line_1_101' title="bbox 200 3604 3614 3732; baseline -0.003 -13"><span class='ocrx_word' id='word_1_694' title='bbox 200 3616 285 3732; x_wconf 59' lang='lat' dir='ltr'><strong>&quot;‘i</strong></span> <span class='ocrx_word' id='word_1_695' title='bbox 308 3607 1281 3732; x_wconf 51' lang='lat' dir='ltr'><strong>ﬁ;.&quot;éi§§§£2§§?§f‘§&quot;3inps-tm</strong></span> <span class='ocrx_word' id='word_1_696' title='bbox 1294 3669 1639 3732; x_wconf 80' lang='lat' dir='ltr'><strong>generaverit.</strong></span> <span class='ocrx_word' id='word_1_697' title='bbox 2020 3607 2092 3727; x_wconf 63' lang='lat' dir='ltr'><strong>iii</strong></span> <span class='ocrx_word' id='word_1_698' title='bbox 2115 3607 2355 3716; x_wconf 56' lang='lat'><strong>3:333“</strong></span> <span class='ocrx_word' id='word_1_699' title='bbox 2380 3604 2504 3716; x_wconf 63' lang='grc' dir='ltr'><strong>ἒῖῗὲί</strong></span> <span class='ocrx_word' id='word_1_700' title='bbox 2533 3617 2963 3730; x_wconf 59' lang='grc' dir='ltr'><strong>ἓὲᾟίιεξθίὶῗῖἐὲέ</strong></span> <span class='ocrx_word' id='word_1_701' title='bbox 2996 3664 3170 3731; x_wconf 89' lang='lat' dir='ltr'><strong>primo</strong></span> <span class='ocrx_word' id='word_1_702' title='bbox 3224 3661 3472 3727; x_wconf 77' lang='lat' dir='ltr'><strong>vulgatus</strong></span> <span class='ocrx_word' id='word_1_703' title='bbox 3533 3662 3614 3710; x_wconf 85' lang='lat' dir='ltr'><strong>est</strong></span> 
     </span>
    </p>
   </div>
   <div class='ocr_carea' id='block_1_98' title="bbox 266 3728 2261 3795">
    <p class='ocr_par' dir='ltr' id='par_1_98' title="bbox 266 3728 2261 3795">
     <span class='ocr_line' id='line_1_102' title="bbox 266 3728 2261 3795; baseline 0.001 -19"><span class='ocrx_word' id='word_1_704' title='bbox 266 3728 338 3790; x_wconf 90' lang='lat' dir='ltr'><strong>(a)</strong></span> <span class='ocrx_word' id='word_1_705' title='bbox 362 3728 515 3779; x_wconf 89' lang='lat' dir='ltr'><strong>Deest</strong></span> <span class='ocrx_word' id='word_1_706' title='bbox 547 3730 602 3779; x_wconf 89' lang='lat' dir='ltr'><strong>in</strong></span> <span class='ocrx_word' id='word_1_707' title='bbox 630 3731 754 3782; x_wconf 80' lang='lat' dir='ltr'><strong>Mss.</strong></span> <span class='ocrx_word' id='word_1_708' title='bbox 781 3732 937 3795; x_wconf 89' lang='lat' dir='ltr'><strong>primi</strong></span> <span class='ocrx_word' id='word_1_709' title='bbox 967 3728 1195 3794; x_wconf 77' lang='lat' dir='ltr'><strong>generis.</strong></span> <span class='ocrx_word' id='word_1_710' title='bbox 1296 3728 1311 3732; x_wconf 66' lang='grc'><strong>⁷</strong></span> <span class='ocrx_word' id='word_1_711' title='bbox 1958 3733 2147 3793; x_wconf 75' lang='lat' dir='ltr'><strong>qumst.</strong></span> <span class='ocrx_word' id='word_1_712' title='bbox 2183 3731 2261 3778; x_wconf 79' lang='lat'><strong>62.</strong></span> 
     </span>
    </p>
   </div>
   <div class='ocr_carea' id='block_1_99' title="bbox 1341 3937 2458 4083">
    <p class='ocr_par' dir='ltr' id='par_1_99' title="bbox 1341 3937 2458 4083">
     <span class='ocr_line' id='line_1_103' title="bbox 1341 3937 2458 4083; baseline 0.002 -4"><span class='ocrx_word' id='word_1_713' title='bbox 1341 3937 1751 4079; x_wconf 82' lang='lat' dir='ltr'><strong>ADM</strong></span> <span class='ocrx_word' id='word_1_714' title='bbox 1776 3937 2035 4083; x_wconf 83' lang='grc' dir='ltr'><strong>ΟΝ</strong></span> <span class='ocrx_word' id='word_1_715' title='bbox 2048 3937 2458 4081; x_wconf 86' lang='lat' dir='ltr'><strong>ITIO</strong></span> 
     </span>
    </p>
   </div>
   <div class='ocr_carea' id='block_1_100' title="bbox 751 4135 3030 4221">
    <p class='ocr_par' dir='ltr' id='par_1_100' title="bbox 751 4135 3030 4221">
     <span class='ocr_line' id='line_1_104' title="bbox 751 4135 3030 4221; baseline -0.002 -13"><span class='ocrx_word' id='word_1_716' title='bbox 751 4142 869 4208; x_wconf 91' lang='lat' dir='ltr'><strong>DE</strong></span> <span class='ocrx_word' id='word_1_717' title='bbox 916 4139 1535 4221; x_wconf 83' lang='lat' dir='ltr'><strong>SUBSEQUENTI</strong></span> <span class='ocrx_word' id='word_1_718' title='bbox 1583 4141 2180 4211; x_wconf 87' lang='lat' dir='ltr'><strong>EXPOSITIONE</strong></span> <span class='ocrx_word' id='word_1_719' title='bbox 2228 4142 2322 4208; x_wconf 93' lang='lat' dir='ltr'><strong>IN</strong></span> <span class='ocrx_word' id='word_1_720' title='bbox 2372 4135 3030 4208; x_wconf 87' lang='lat' dir='ltr'><strong>APOCALYPSIM.</strong></span> 
     </span>
    </p>
   </div>
   <div class='ocr_carea' id='block_1_101' title="bbox 1383 4297 1511 4312">
    <p class='ocr_par' dir='ltr' id='par_1_101' title="bbox 1383 4297 1511 4312">
     <span class='ocr_line' id='line_1_105' title="bbox 1383 4297 1511 4312; baseline 0.008 -1"><span class='ocrx_word' id='word_1_721' title='bbox 1383 4297 1511 4312; x_wconf 49' lang='lat'><strong>“</strong></span> 
     </span>
    </p>
   </div>
   <div class='ocr_carea' id='block_1_102' title="bbox 1532 4288 2363 4331">
    <p class='ocr_par' dir='ltr' id='par_1_102' title="bbox 1532 4288 2363 4331">
     <span class='ocr_line' id='line_1_106' title="bbox 1532 4288 2363 4331; baseline 0.002 -6"><span class='ocrx_word' id='word_1_722' title='bbox 1532 4288 2363 4331; x_wconf 51' lang='grc' dir='ltr'>ψ</span> 
     </span>
    </p>
   </div>
   <div class='ocr_carea' id='block_1_103' title="bbox 269 4378 3603 4463">
    <p class='ocr_par' dir='ltr' id='par_1_103' title="bbox 269 4378 3603 4463">
     <span class='ocr_line' id='line_1_107' title="bbox 269 4378 3603 4463; baseline -0.003 -19"><span class='ocrx_word' id='word_1_723' title='bbox 269 4390 543 4446; x_wconf 88' lang='lat' dir='ltr'><strong>Veterum</strong></span> <span class='ocrx_word' id='word_1_724' title='bbox 568 4389 1075 4463; x_wconf 63' lang='lat' dir='ltr'><strong>in‘iApocalypsim</strong></span> <span class='ocrx_word' id='word_1_725' title='bbox 1102 4391 1564 4447; x_wconf 86' lang='lat' dir='ltr'><strong>commentarios</strong></span> <span class='ocrx_word' id='word_1_726' title='bbox 1591 4389 1879 4446; x_wconf 88' lang='lat' dir='ltr'><strong>evolventi</strong></span> <span class='ocrx_word' id='word_1_727' title='bbox 1901 4389 2011 4447; x_wconf 90' lang='lat' dir='ltr'><strong>tibi</strong></span> <span class='ocrx_word' id='word_1_728' title='bbox 2035 4392 2301 4446; x_wconf 89' lang='lat' dir='ltr'><strong>occurret</strong></span> <span class='ocrx_word' id='word_1_729' title='bbox 2335 4401 2555 4457; x_wconf 83' lang='lat' dir='ltr'><strong>magna</strong></span> <span class='ocrx_word' id='word_1_730' title='bbox 2578 4400 2719 4457; x_wconf 92' lang='lat' dir='ltr'><strong>pars</strong></span> <span class='ocrx_word' id='word_1_731' title='bbox 2739 4382 3162 4457; x_wconf 85' lang='lat' dir='ltr'><strong>subsequentis</strong></span> <span class='ocrx_word' id='word_1_732' title='bbox 3192 4378 3603 4453; x_wconf 83' lang='lat' dir='ltr'><strong>expositionis,</strong></span> 
     </span>
    </p>
   </div>
   <div class='ocr_carea' id='block_1_104' title="bbox 202 4468 3605 4552">
    <p class='ocr_par' dir='ltr' id='par_1_104' title="bbox 202 4468 3605 4552">
     <span class='ocr_line' id='line_1_108' title="bbox 202 4468 3605 4552; baseline -0.003 -18"><span class='ocrx_word' id='word_1_733' title='bbox 202 4494 331 4551; x_wconf 70' lang='lat' dir='ltr'><strong>quae</strong></span> <span class='ocrx_word' id='word_1_734' title='bbox 370 4495 440 4534; x_wconf 86' lang='lat' dir='ltr'><strong>ex</strong></span> <span class='ocrx_word' id='word_1_735' title='bbox 469 4480 745 4537; x_wconf 88' lang='lat' dir='ltr'><strong>Victorini</strong></span> <span class='ocrx_word' id='word_1_736' title='bbox 774 4480 1050 4552; x_wconf 86' lang='lat' dir='ltr'><strong>martyris</strong></span> <span class='ocrx_word' id='word_1_737' title='bbox 1082 4480 1410 4552; x_wconf 72' lang='lat' dir='ltr'><strong>praesertim</strong></span> <span class='ocrx_word' id='word_1_738' title='bbox 1438 4479 1511 4551; x_wconf 90' lang='lat' dir='ltr'><strong>(si</strong></span> <span class='ocrx_word' id='word_1_739' title='bbox 1534 4479 1613 4535; x_wconf 89' lang='lat' dir='ltr'><strong>ad</strong></span> <span class='ocrx_word' id='word_1_740' title='bbox 1644 4479 1841 4551; x_wconf 86' lang='lat' dir='ltr'><strong>ipsum</strong></span> <span class='ocrx_word' id='word_1_741' title='bbox 1874 4484 2073 4536; x_wconf 90' lang='lat' dir='ltr'><strong>tamen</strong></span> <span class='ocrx_word' id='word_1_742' title='bbox 2102 4478 2379 4547; x_wconf 83' lang='lat' dir='ltr'><strong>vulgatus</strong></span> <span class='ocrx_word' id='word_1_743' title='bbox 2396 4477 2526 4547; x_wconf 88' lang='lat' dir='ltr'><strong>ejus</strong></span> <span class='ocrx_word' id='word_1_744' title='bbox 2552 4474 2788 4530; x_wconf 91' lang='lat' dir='ltr'><strong>nomine</strong></span> <span class='ocrx_word' id='word_1_745' title='bbox 2816 4471 3286 4529; x_wconf 90' lang='lat' dir='ltr'><strong>commentarius</strong></span> <span class='ocrx_word' id='word_1_746' title='bbox 3307 4468 3605 4542; x_wconf 85' lang='lat' dir='ltr'><strong>pertinet),</strong></span> 
     </span>
    </p>
   </div>
   <div class='ocr_carea' id='block_1_105' title="bbox 199 4558 3609 4643">
    <p class='ocr_par' dir='ltr' id='par_1_105' title="bbox 199 4558 3609 4643">
     <span class='ocr_line' id='line_1_109' title="bbox 199 4558 3609 4643; baseline -0.003 -20"><span class='ocrx_word' id='word_1_747' title='bbox 199 4567 357 4639; x_wconf 88' lang='lat' dir='ltr'><strong>itque</strong></span> <span class='ocrx_word' id='word_1_748' title='bbox 388 4584 459 4623; x_wconf 84' lang='lat' dir='ltr'><strong>ex</strong></span> <span class='ocrx_word' id='word_1_749' title='bbox 489 4570 763 4624; x_wconf 86' lang='lat' dir='ltr'><strong>Primasii</strong></span> <span class='ocrx_word' id='word_1_750' title='bbox 792 4569 1030 4624; x_wconf 73' lang='lat' dir='ltr'><strong>etBedse</strong></span> <span class='ocrx_word' id='word_1_751' title='bbox 1065 4568 1261 4624; x_wconf 89' lang='lat' dir='ltr'><strong>verbis</strong></span> <span class='ocrx_word' id='word_1_752' title='bbox 1290 4569 1710 4625; x_wconf 87' lang='lat' dir='ltr'><strong>consarcinata</strong></span> <span class='ocrx_word' id='word_1_753' title='bbox 1738 4573 1845 4623; x_wconf 90' lang='lat' dir='ltr'><strong>est.</strong></span> <span class='ocrx_word' id='word_1_754' title='bbox 1878 4568 2042 4623; x_wconf 84' lang='lat' dir='ltr'><strong>Hanc</strong></span> <span class='ocrx_word' id='word_1_755' title='bbox 2064 4583 2167 4639; x_wconf 91' lang='lat' dir='ltr'><strong>pro</strong></span> <span class='ocrx_word' id='word_1_756' title='bbox 2188 4564 2453 4621; x_wconf 88' lang='lat' dir='ltr'><strong>Tichonii</strong></span> <span class='ocrx_word' id='word_1_757' title='bbox 2472 4578 2653 4635; x_wconf 87' lang='lat' dir='ltr'><strong>opere</strong></span> <span class='ocrx_word' id='word_1_758' title='bbox 2672 4562 2928 4643; x_wconf 82' lang='lat' dir='ltr'><strong>omnino</strong></span> <span class='ocrx_word' id='word_1_759' title='bbox 2954 4560 3138 4632; x_wconf 88' lang='lat' dir='ltr'><strong>recipi</strong></span> <span class='ocrx_word' id='word_1_760' title='bbox 3164 4558 3609 4615; x_wconf 87' lang='lat' dir='ltr'><strong>volebantnon-</strong></span> 
     </span>
    </p>
   </div>
   <div class='ocr_carea' id='block_1_106' title="bbox 204 4646 3609 4729">
    <p class='ocr_par' dir='ltr' id='par_1_106' title="bbox 204 4646 3609 4729">
     <span class='ocr_line' id='line_1_110' title="bbox 204 4646 3609 4729; baseline -0.003 -18"><span class='ocrx_word' id='word_1_761' title='bbox 204 4656 376 4712; x_wconf 90' lang='lat' dir='ltr'><strong>nulli:</strong></span> <span class='ocrx_word' id='word_1_762' title='bbox 407 4662 467 4712; x_wconf 89' lang='lat' dir='ltr'><strong>at</strong></span> <span class='ocrx_word' id='word_1_763' title='bbox 497 4662 653 4712; x_wconf 91' lang='lat' dir='ltr'><strong>certe</strong></span> <span class='ocrx_word' id='word_1_764' title='bbox 680 4673 798 4713; x_wconf 92' lang='lat' dir='ltr'><strong>non</strong></span> <span class='ocrx_word' id='word_1_765' title='bbox 838 4657 1135 4712; x_wconf 88' lang='lat' dir='ltr'><strong>habentur</strong></span> <span class='ocrx_word' id='word_1_766' title='bbox 1158 4658 1250 4712; x_wconf 92' lang='lat' dir='ltr'><strong>hic</strong></span> <span class='ocrx_word' id='word_1_767' title='bbox 1279 4672 1414 4729; x_wconf 68' lang='lat' dir='ltr'><strong>qua:</strong></span> <span class='ocrx_word' id='word_1_768' title='bbox 1438 4657 1741 4713; x_wconf 89' lang='lat' dir='ltr'><strong>Donatista</strong></span> <span class='ocrx_word' id='word_1_769' title='bbox 1769 4656 1863 4712; x_wconf 91' lang='lat' dir='ltr'><strong>ille</strong></span> <span class='ocrx_word' id='word_1_770' title='bbox 1904 4673 2013 4711; x_wconf 93' lang='lat' dir='ltr'><strong>suo</strong></span> <span class='ocrx_word' id='word_1_771' title='bbox 2044 4654 2210 4727; x_wconf 88' lang='lat' dir='ltr'><strong>operi</strong></span> <span class='ocrx_word' id='word_1_772' title='bbox 2241 4654 2623 4725; x_wconf 85' lang='lat' dir='ltr'><strong>insperserat.</strong></span> <span class='ocrx_word' id='word_1_773' title='bbox 2657 4672 2686 4700; x_wconf 83' lang='lat'>«</span> <span class='ocrx_word' id='word_1_774' title='bbox 2728 4650 2917 4705; x_wconf 89' lang='lat' dir='ltr'><strong>multa</strong></span> <span class='ocrx_word' id='word_1_775' title='bbox 2959 4670 2986 4703; x_wconf 74' lang='lat' dir='ltr'><strong>n</strong></span> <span class='ocrx_word' id='word_1_776' title='bbox 3019 4647 3310 4714; x_wconf 90' lang='lat' dir='ltr'><strong>videlicet,</strong></span> <span class='ocrx_word' id='word_1_777' title='bbox 3344 4646 3456 4701; x_wconf 90' lang='lat' dir='ltr'><strong>utri</strong></span> <span class='ocrx_word' id='word_1_778' title='bbox 3486 4646 3609 4702; x_wconf 89' lang='lat' dir='ltr'><strong>Pri-</strong></span> 
     </span>
    </p>
   </div>
   <div class='ocr_carea' id='block_1_107' title="bbox 207 4734 3605 4816">
    <p class='ocr_par' dir='ltr' id='par_1_107' title="bbox 207 4734 3605 4816">
     <span class='ocr_line' id='line_1_111' title="bbox 207 4734 3605 4816; baseline -0.003 -16"><span class='ocrx_word' id='word_1_779' title='bbox 207 4747 425 4801; x_wconf 87' lang='lat' dir='ltr'><strong>masius</strong></span> <span class='ocrx_word' id='word_1_780' title='bbox 452 4746 679 4810; x_wconf 91' lang='lat' dir='ltr'><strong>scribit,</strong></span> <span class='ocrx_word' id='word_1_781' title='bbox 707 4767 734 4794; x_wconf 89' lang='grc'><strong>‹‹</strong></span> <span class='ocrx_word' id='word_1_782' title='bbox 769 4761 931 4801; x_wconf 67' lang='lat' dir='ltr'><strong>sanie</strong></span> <span class='ocrx_word' id='word_1_783' title='bbox 964 4746 1251 4802; x_wconf 65' lang='lat' dir='ltr'><strong>doctrina;</strong></span> <span class='ocrx_word' id='word_1_784' title='bbox 1269 4747 1583 4810; x_wconf 85' lang='lat' dir='ltr'><strong>contraria,</strong></span> <span class='ocrx_word' id='word_1_785' title='bbox 1617 4746 1693 4801; x_wconf 87' lang='lat' dir='ltr'><strong>ita</strong></span> <span class='ocrx_word' id='word_1_786' title='bbox 1718 4748 1779 4800; x_wconf 87' lang='lat' dir='ltr'><strong>ut</strong></span> <span class='ocrx_word' id='word_1_787' title='bbox 1803 4746 1875 4801; x_wconf 92' lang='lat' dir='ltr'><strong>de</strong></span> <span class='ocrx_word' id='word_1_788' title='bbox 1903 4761 2087 4800; x_wconf 89' lang='lat' dir='ltr'><strong>causa</strong></span> <span class='ocrx_word' id='word_1_789' title='bbox 2104 4759 2239 4816; x_wconf 62' lang='lat' dir='ltr'><strong>quae</strong></span> <span class='ocrx_word' id='word_1_790' title='bbox 2271 4740 2603 4799; x_wconf 87' lang='lat' dir='ltr'><strong>Catholicos</strong></span> <span class='ocrx_word' id='word_1_791' title='bbox 2630 4739 2782 4795; x_wconf 91' lang='lat' dir='ltr'><strong>inter</strong></span> <span class='ocrx_word' id='word_1_792' title='bbox 2809 4738 3216 4795; x_wconf 89' lang='lat' dir='ltr'><strong>etDonatistas</strong></span> <span class='ocrx_word' id='word_1_793' title='bbox 3241 4734 3605 4803; x_wconf 87' lang='lat' dir='ltr'><strong>vertebatur,</strong></span> 
     </span>
    </p>
   </div>
   <div class='ocr_carea' id='block_1_108' title="bbox 204 4824 3607 4905">
    <p class='ocr_par' dir='ltr' id='par_1_108' title="bbox 204 4824 3607 4905">
     <span class='ocr_line' id='line_1_112' title="bbox 204 4824 3607 4905; baseline -0.001 -22"><span class='ocrx_word' id='word_1_794' title='bbox 204 4854 230 4883; x_wconf 73' lang='grc' dir='ltr'>ι(</span> <span class='ocrx_word' id='word_1_795' title='bbox 262 4834 591 4890; x_wconf 90' lang='lat' dir='ltr'><strong>secundum</strong></span> <span class='ocrx_word' id='word_1_796' title='bbox 620 4833 972 4905; x_wconf 88' lang='lat' dir='ltr'><strong>pravitatem</strong></span> <span class='ocrx_word' id='word_1_797' title='bbox 1002 4835 1201 4889; x_wconf 90' lang='lat' dir='ltr'><strong>cordis</strong></span> <span class='ocrx_word' id='word_1_798' title='bbox 1216 4834 1302 4889; x_wconf 88' lang='lat' dir='ltr'><strong>sui</strong></span> <span class='ocrx_word' id='word_1_799' title='bbox 1332 4833 1462 4889; x_wconf 89' lang='lat' dir='ltr'><strong>loca</strong></span> <span class='ocrx_word' id='word_1_800' title='bbox 1493 4832 1747 4888; x_wconf 88' lang='lat' dir='ltr'><strong>nocendi</strong></span> <span class='ocrx_word' id='word_1_801' title='bbox 1765 4837 2047 4903; x_wconf 88' lang='lat' dir='ltr'><strong>captaret,</strong></span> <span class='ocrx_word' id='word_1_802' title='bbox 2076 4830 2508 4900; x_wconf 67' lang='lat' dir='ltr'><strong>catholicaaque</strong></span> <span class='ocrx_word' id='word_1_803' title='bbox 2536 4827 2805 4885; x_wconf 67' lang='lat' dir='ltr'><strong>Ecclesia:</strong></span> <span class='ocrx_word' id='word_1_804' title='bbox 2821 4829 3001 4885; x_wconf 82' lang='lat' dir='ltr'><strong>noxia</strong></span> <span class='ocrx_word' id='word_1_805' title='bbox 3030 4824 3404 4899; x_wconf 88' lang='lat' dir='ltr'><strong>expositione</strong></span> <span class='ocrx_word' id='word_1_806' title='bbox 3436 4829 3607 4896; x_wconf 89' lang='lat' dir='ltr'><strong>puta-</strong></span> 
     </span>
    </p>
   </div>
   <div class='ocr_carea' id='block_1_109' title="bbox 204 4914 3607 4988">
    <p class='ocr_par' dir='ltr' id='par_1_109' title="bbox 204 4914 3607 4988">
     <span class='ocr_line' id='line_1_113' title="bbox 204 4914 3607 4988; baseline -0.002 -15"><span class='ocrx_word' id='word_1_807' title='bbox 204 4940 231 4972; x_wconf 73' lang='grc' dir='ltr'><strong>α</strong></span> <span class='ocrx_word' id='word_1_808' title='bbox 262 4923 714 4978; x_wconf 89' lang='lat' dir='ltr'><strong>retmordaciter</strong></span> <span class='ocrx_word' id='word_1_809' title='bbox 744 4922 1139 4977; x_wconf 87' lang='lat' dir='ltr'><strong>illudendum.</strong></span> <span class='ocrx_word' id='word_1_810' title='bbox 1175 4942 1203 4973; x_wconf 72' lang='grc' dir='ltr'>ι)</span> <span class='ocrx_word' id='word_1_811' title='bbox 1232 4921 1384 4987; x_wconf 87' lang='lat' dir='ltr'><strong>Quin</strong></span> <span class='ocrx_word' id='word_1_812' title='bbox 1417 4922 1539 4976; x_wconf 90' lang='lat' dir='ltr'><strong>imo</strong></span> <span class='ocrx_word' id='word_1_813' title='bbox 1561 4920 1850 4975; x_wconf 84' lang='lat' dir='ltr'><strong>adversus</strong></span> <span class='ocrx_word' id='word_1_814' title='bbox 1874 4920 2314 4974; x_wconf 90' lang='lat' dir='ltr'><strong>Donatistarum</strong></span> <span class='ocrx_word' id='word_1_815' title='bbox 2348 4919 3020 4988; x_wconf 69' lang='lat' dir='ltr'><strong>haeresimexponuntur</strong></span> <span class='ocrx_word' id='word_1_816' title='bbox 3049 4916 3123 4971; x_wconf 90' lang='lat' dir='ltr'><strong>de</strong></span> <span class='ocrx_word' id='word_1_817' title='bbox 3150 4914 3447 4970; x_wconf 90' lang='lat' dir='ltr'><strong>industria</strong></span> <span class='ocrx_word' id='word_1_818' title='bbox 3469 4928 3607 4967; x_wconf 89' lang='lat' dir='ltr'><strong>sen-</strong></span> 
     </span>
    </p>
   </div>
   <div class='ocr_carea' id='block_1_110' title="bbox 204 4999 3610 5082">
    <p class='ocr_par' dir='ltr' id='par_1_110' title="bbox 204 4999 3610 5082">
     <span class='ocr_line' id='line_1_114' title="bbox 204 4999 3610 5082; baseline -0.003 -19"><span class='ocrx_word' id='word_1_819' title='bbox 204 5012 394 5065; x_wconf 70' lang='lat' dir='ltr'><strong>tentias</strong></span> <span class='ocrx_word' id='word_1_820' title='bbox 420 5011 813 5082; x_wconf 90' lang='lat' dir='ltr'><strong>quamplures</strong></span> <span class='ocrx_word' id='word_1_821' title='bbox 845 5028 859 5076; x_wconf 91' lang='lat'><strong>;</strong></span> <span class='ocrx_word' id='word_1_822' title='bbox 888 5015 942 5064; x_wconf 89' lang='lat' dir='ltr'><strong>et</strong></span> <span class='ocrx_word' id='word_1_823' title='bbox 973 5010 1257 5081; x_wconf 84' lang='lat' dir='ltr'><strong>Baptismi</strong></span> <span class='ocrx_word' id='word_1_824' title='bbox 1284 5006 1573 5080; x_wconf 84' lang='lat' dir='ltr'><strong>repetitio.</strong></span> <span class='ocrx_word' id='word_1_825' title='bbox 1602 5023 1739 5081; x_wconf 66' lang='lat' dir='ltr'><strong>quas</strong></span> <span class='ocrx_word' id='word_1_826' title='bbox 1771 5007 2168 5064; x_wconf 86' lang='lat' dir='ltr'><strong>schismaticis</strong></span> <span class='ocrx_word' id='word_1_827' title='bbox 2200 5006 2314 5061; x_wconf 89' lang='lat' dir='ltr'><strong>illis</strong></span> <span class='ocrx_word' id='word_1_828' title='bbox 2349 5007 2408 5062; x_wconf 90' lang='lat' dir='ltr'><strong>in</strong></span> <span class='ocrx_word' id='word_1_829' title='bbox 2441 5023 2551 5061; x_wconf 91' lang='lat' dir='ltr'><strong>usu</strong></span> <span class='ocrx_word' id='word_1_830' title='bbox 2581 5010 2725 5071; x_wconf 90' lang='lat' dir='ltr'><strong>erat,</strong></span> <span class='ocrx_word' id='word_1_831' title='bbox 2755 5004 2985 5077; x_wconf 88' lang='lat' dir='ltr'><strong>passim</strong></span> <span class='ocrx_word' id='word_1_832' title='bbox 3016 5003 3412 5074; x_wconf 90' lang='lat' dir='ltr'><strong>improbatur,</strong></span> <span class='ocrx_word' id='word_1_833' title='bbox 3448 4999 3610 5061; x_wconf 78' lang='lat' dir='ltr'><strong>velut</strong></span> 
     </span>
    </p>
   </div>
   <div class='ocr_carea' id='block_1_111' title="bbox 203 5083 3605 5171">
    <p class='ocr_par' dir='ltr' id='par_1_111' title="bbox 203 5083 3605 5171">
     <span class='ocr_line' id='line_1_115' title="bbox 203 5083 3605 5171; baseline -0.003 -19"><span class='ocrx_word' id='word_1_834' title='bbox 203 5098 259 5152; x_wconf 90' lang='lat' dir='ltr'><strong>in</strong></span> <span class='ocrx_word' id='word_1_835' title='bbox 301 5098 553 5155; x_wconf 83' lang='lat' dir='ltr'><strong>Homilia</strong></span> <span class='ocrx_word' id='word_1_836' title='bbox 583 5103 612 5152; x_wconf 87' lang='lat'><strong>6</strong></span> <span class='ocrx_word' id='word_1_837' title='bbox 646 5099 723 5155; x_wconf 90' lang='lat' dir='ltr'><strong>ad</strong></span> <span class='ocrx_word' id='word_1_838' title='bbox 748 5098 1010 5170; x_wconf 77' lang='lat' dir='ltr'><strong>Apocal..</strong></span> <span class='ocrx_word' id='word_1_839' title='bbox 1048 5102 1250 5171; x_wconf 88' lang='lat' dir='ltr'><strong>cap.8,</strong></span> <span class='ocrx_word' id='word_1_840' title='bbox 1278 5096 1320 5157; x_wconf 52' lang='grc' dir='ltr'><strong>Ψ</strong></span> <span class='ocrx_word' id='word_1_841' title='bbox 1358 5099 1436 5151; x_wconf 86' lang='lat' dir='ltr'><strong>tl.</strong></span> <span class='ocrx_word' id='word_1_842' title='bbox 1481 5116 1509 5148; x_wconf 86' lang='lat'>«</span> <span class='ocrx_word' id='word_1_843' title='bbox 1535 5099 1673 5162; x_wconf 87' lang='lat' dir='ltr'><strong>Hoc,</strong></span> <span class='ocrx_word' id='word_1_844' title='bbox 1701 5116 1728 5147; x_wconf 88' lang='lat'><strong>»</strong></span> <span class='ocrx_word' id='word_1_845' title='bbox 1757 5097 1837 5151; x_wconf 85' lang='lat' dir='ltr'><strong>ait</strong></span> <span class='ocrx_word' id='word_1_846' title='bbox 1873 5100 2101 5161; x_wconf 82' lang='lat' dir='ltr'><strong>auctor,</strong></span> <span class='ocrx_word' id='word_1_847' title='bbox 2138 5115 2166 5147; x_wconf 84' lang='lat'><strong><em>«</em></strong></span> <span class='ocrx_word' id='word_1_848' title='bbox 2188 5094 2246 5149; x_wconf 90' lang='lat' dir='ltr'><strong>in</strong></span> <span class='ocrx_word' id='word_1_849' title='bbox 2277 5095 2371 5150; x_wconf 88' lang='lat' dir='ltr'><strong>his</strong></span> <span class='ocrx_word' id='word_1_850' title='bbox 2394 5095 2497 5166; x_wconf 89' lang='lat' dir='ltr'><strong>qui</strong></span> <span class='ocrx_word' id='word_1_851' title='bbox 2528 5092 2993 5166; x_wconf 85' lang='lat' dir='ltr'><strong>rebaptizantur,</strong></span> <span class='ocrx_word' id='word_1_852' title='bbox 3023 5083 3605 5157; x_wconf 86' lang='lat' dir='ltr'><strong>manifesteintelligi</strong></span> 
     </span>
    </p>
   </div>
   <div class='ocr_carea' id='block_1_112' title="bbox 203 5176 3607 5259">
    <p class='ocr_par' dir='ltr' id='par_1_112' title="bbox 203 5176 3607 5259">
     <span class='ocr_line' id='line_1_116' title="bbox 203 5176 3607 5259; baseline -0.004 -15"><span class='ocrx_word' id='word_1_853' title='bbox 203 5192 414 5259; x_wconf 89' lang='lat' dir='ltr'><strong>potest.</strong></span> <span class='ocrx_word' id='word_1_854' title='bbox 448 5209 476 5238; x_wconf 69' lang='grc' dir='ltr'><strong>η</strong></span> <span class='ocrx_word' id='word_1_855' title='bbox 502 5188 649 5244; x_wconf 90' lang='lat' dir='ltr'><strong>Hinc</strong></span> <span class='ocrx_word' id='word_1_856' title='bbox 671 5189 852 5242; x_wconf 86' lang='lat' dir='ltr'><strong>etiam</strong></span> <span class='ocrx_word' id='word_1_857' title='bbox 883 5187 1107 5243; x_wconf 86' lang='lat' dir='ltr'><strong>absunt</strong></span> <span class='ocrx_word' id='word_1_858' title='bbox 1142 5186 1425 5259; x_wconf 70' lang='lat' dir='ltr'><strong>quaedam</strong></span> <span class='ocrx_word' id='word_1_859' title='bbox 1456 5185 1970 5254; x_wconf 87' lang='lat' dir='ltr'><strong>interpretationes</strong></span> <span class='ocrx_word' id='word_1_860' title='bbox 1993 5201 2029 5240; x_wconf 89' lang='lat' dir='ltr'><strong>a</strong></span> <span class='ocrx_word' id='word_1_861' title='bbox 2051 5183 2204 5239; x_wconf 88' lang='lat' dir='ltr'><strong>Beda</strong></span> <span class='ocrx_word' id='word_1_862' title='bbox 2229 5182 2748 5239; x_wconf 85' lang='lat' dir='ltr'><strong>Tichouiinomine</strong></span> <span class='ocrx_word' id='word_1_863' title='bbox 2762 5179 3089 5238; x_wconf 66' lang='lat' dir='ltr'><strong>relatae.Ad</strong></span> <span class='ocrx_word' id='word_1_864' title='bbox 3117 5180 3262 5245; x_wconf 70' lang='lat' dir='ltr'><strong>hinc,</strong></span> <span class='ocrx_word' id='word_1_865' title='bbox 3288 5176 3607 5233; x_wconf 84' lang='lat' dir='ltr'><strong>Tichonius</strong></span> 
     </span>
    </p>
   </div>
   <div class='ocr_carea' id='block_1_113' title="bbox 201 5264 3607 5349">
    <p class='ocr_par' dir='ltr' id='par_1_113' title="bbox 201 5264 3607 5349">
     <span class='ocr_line' id='line_1_117' title="bbox 201 5264 3607 5349; baseline -0.004 -18"><span class='ocrx_word' id='word_1_866' title='bbox 201 5278 260 5331; x_wconf 90' lang='lat' dir='ltr'><strong>in</strong></span> <span class='ocrx_word' id='word_1_867' title='bbox 288 5275 648 5348; x_wconf 83' lang='lat' dir='ltr'><strong>Apocalypsi</strong></span> <span class='ocrx_word' id='word_1_868' title='bbox 680 5292 957 5349; x_wconf 65' lang='lat' dir='ltr'><strong>quaerens</strong></span> <span class='ocrx_word' id='word_1_869' title='bbox 986 5275 1499 5347; x_wconf 89' lang='lat' dir='ltr'><strong>quemadmodum</strong></span> <span class='ocrx_word' id='word_1_870' title='bbox 1534 5273 1900 5342; x_wconf 82' lang='lat' dir='ltr'><strong>intelligendi</strong></span> <span class='ocrx_word' id='word_1_871' title='bbox 1932 5274 2048 5328; x_wconf 90' lang='lat' dir='ltr'><strong>sint</strong></span> <span class='ocrx_word' id='word_1_872' title='bbox 2081 5272 2288 5341; x_wconf 87' lang='lat' dir='ltr'><strong>Angeli</strong></span> <span class='ocrx_word' id='word_1_873' title='bbox 2332 5272 2727 5327; x_wconf 84' lang='lat' dir='ltr'><strong>Ecclesiarum</strong></span> <span class='ocrx_word' id='word_1_874' title='bbox 2777 5275 3032 5342; x_wconf 88' lang='lat' dir='ltr'><strong>septem,</strong></span> <span class='ocrx_word' id='word_1_875' title='bbox 3089 5268 3315 5341; x_wconf 88' lang='lat' dir='ltr'><strong>quibus</strong></span> <span class='ocrx_word' id='word_1_876' title='bbox 3348 5264 3607 5321; x_wconf 88' lang='lat' dir='ltr'><strong>scribere</strong></span> 
     </span>
    </p>
   </div>
   <div class='ocr_carea' id='block_1_114' title="bbox 204 5353 3603 5435">
    <p class='ocr_par' dir='ltr' id='par_1_114' title="bbox 204 5353 3603 5435">
     <span class='ocr_line' id='line_1_118' title="bbox 204 5353 3603 5435; baseline -0.005 -15"><span class='ocrx_word' id='word_1_877' title='bbox 204 5365 741 5435; x_wconf 81' lang='lat' dir='ltr'><strong>Joannesjubetur,</strong></span> <span class='ocrx_word' id='word_1_878' title='bbox 780 5385 804 5416; x_wconf 79' lang='grc' dir='ltr'><strong>ι</strong></span> <span class='ocrx_word' id='word_1_879' title='bbox 846 5365 1233 5419; x_wconf 88' lang='lat' dir='ltr'><strong>ratiocinatur</strong></span> <span class='ocrx_word' id='word_1_880' title='bbox 1259 5362 1679 5433; x_wconf 86' lang='lat' dir='ltr'><strong>multipliciter,</strong></span> <span class='ocrx_word' id='word_1_881' title='bbox 1713 5380 1740 5414; x_wconf 66' lang='grc' dir='ltr'><strong>δ)</strong></span> <span class='ocrx_word' id='word_1_882' title='bbox 1772 5362 1963 5434; x_wconf 89' lang='lat' dir='ltr'><strong>inquit</strong></span> <span class='ocrx_word' id='word_1_883' title='bbox 1987 5361 2356 5431; x_wconf 84' lang='lat' dir='ltr'><strong>Augustinus</strong></span> <span class='ocrx_word' id='word_1_884' title='bbox 2386 5358 2444 5413; x_wconf 92' lang='lat' dir='ltr'><strong>in</strong></span> <span class='ocrx_word' id='word_1_885' title='bbox 2470 5357 2574 5413; x_wconf 90' lang='lat' dir='ltr'><strong>lib.</strong></span> <span class='ocrx_word' id='word_1_886' title='bbox 2609 5360 2638 5413; x_wconf 90' lang='lat'><strong>3</strong></span> <span class='ocrx_word' id='word_1_887' title='bbox 2664 5357 2739 5412; x_wconf 92' lang='lat' dir='ltr'><strong>de</strong></span> <span class='ocrx_word' id='word_1_888' title='bbox 2765 5356 3040 5412; x_wconf 89' lang='lat' dir='ltr'><strong>Doctrina</strong></span> <span class='ocrx_word' id='word_1_889' title='bbox 3066 5353 3433 5420; x_wconf 88' lang='lat' dir='ltr'><strong>christiania,</strong></span> <span class='ocrx_word' id='word_1_890' title='bbox 3469 5367 3603 5422; x_wconf 89' lang='lat' dir='ltr'><strong>cap.</strong></span> 
     </span>
    </p>
   </div>
   <div class='ocr_carea' id='block_1_115' title="bbox 204 5441 3602 5526">
    <p class='ocr_par' dir='ltr' id='par_1_115' title="bbox 204 5441 3602 5526">
     <span class='ocr_line' id='line_1_119' title="bbox 204 5441 3602 5526; baseline -0.006 -15"><span class='ocrx_word' id='word_1_891' title='bbox 204 5455 288 5523; x_wconf 87' lang='lat'><strong>38,</strong></span> <span class='ocrx_word' id='word_1_892' title='bbox 321 5473 349 5505; x_wconf 86' lang='grc'><strong>‹‹</strong></span> <span class='ocrx_word' id='word_1_893' title='bbox 382 5460 437 5509; x_wconf 91' lang='lat' dir='ltr'><strong>et</strong></span> <span class='ocrx_word' id='word_1_894' title='bbox 466 5454 543 5510; x_wconf 91' lang='lat' dir='ltr'><strong>ad</strong></span> <span class='ocrx_word' id='word_1_895' title='bbox 572 5455 686 5510; x_wconf 91' lang='lat' dir='ltr'><strong>hoc</strong></span> <span class='ocrx_word' id='word_1_896' title='bbox 718 5454 983 5526; x_wconf 88' lang='lat' dir='ltr'><strong>pervenit</strong></span> <span class='ocrx_word' id='word_1_897' title='bbox 1014 5459 1074 5507; x_wconf 88' lang='lat' dir='ltr'><strong>ut</strong></span> <span class='ocrx_word' id='word_1_898' title='bbox 1106 5454 1266 5524; x_wconf 88' lang='lat' dir='ltr'><strong>ipsos</strong></span> <span class='ocrx_word' id='word_1_899' title='bbox 1281 5450 1537 5520; x_wconf 83' lang='lat' dir='ltr'><strong>Angelos</strong></span> <span class='ocrx_word' id='word_1_900' title='bbox 1569 5451 1971 5520; x_wconf 89' lang='lat' dir='ltr'><strong>intelligamus</strong></span> <span class='ocrx_word' id='word_1_901' title='bbox 2001 5449 2290 5505; x_wconf 89' lang='lat' dir='ltr'><strong>Ecclesias</strong></span> <span class='ocrx_word' id='word_1_902' title='bbox 2317 5465 2330 5514; x_wconf 92' lang='lat'><strong>;</strong></span> <span class='ocrx_word' id='word_1_903' title='bbox 2353 5445 2769 5518; x_wconf 90' lang='lat' dir='ltr'><strong>copiosissima</strong></span> <span class='ocrx_word' id='word_1_904' title='bbox 2797 5467 2824 5494; x_wconf 69' lang='grc' dir='ltr'>ι)</span> <span class='ocrx_word' id='word_1_905' title='bbox 2844 5444 3093 5512; x_wconf 86' lang='lat' dir='ltr'><strong>utique«</strong></span> <span class='ocrx_word' id='word_1_906' title='bbox 3128 5441 3539 5513; x_wconf 81' lang='lat' dir='ltr'><strong>disputatione</strong></span> <span class='ocrx_word' id='word_1_907' title='bbox 3572 5459 3602 5492; x_wconf 62' lang='grc' dir='ltr'><strong>ν</strong></span> 
     </span>
    </p>
   </div>
   <div class='ocr_carea' id='block_1_116' title="bbox 204 5530 3606 5616">
    <p class='ocr_par' dir='ltr' id='par_1_116' title="bbox 204 5530 3606 5616">
     <span class='ocr_line' id='line_1_120' title="bbox 204 5530 3606 5616; baseline -0.004 -17"><span class='ocrx_word' id='word_1_908' title='bbox 204 5559 363 5599; x_wconf 86' lang='lat' dir='ltr'><strong>usus.</strong></span> <span class='ocrx_word' id='word_1_909' title='bbox 397 5543 508 5601; x_wconf 90' lang='lat' dir='ltr'><strong>Sed</strong></span> <span class='ocrx_word' id='word_1_910' title='bbox 531 5543 646 5600; x_wconf 90' lang='lat' dir='ltr'><strong>hac</strong></span> <span class='ocrx_word' id='word_1_911' title='bbox 666 5542 932 5616; x_wconf 85' lang='lat' dir='ltr'><strong>profecto</strong></span> <span class='ocrx_word' id='word_1_912' title='bbox 954 5543 1013 5599; x_wconf 89' lang='lat' dir='ltr'><strong>in</strong></span> <span class='ocrx_word' id='word_1_913' title='bbox 1038 5558 1099 5598; x_wconf 91' lang='lat' dir='ltr'><strong>re</strong></span> <span class='ocrx_word' id='word_1_914' title='bbox 1132 5540 1318 5596; x_wconf 90' lang='lat' dir='ltr'><strong>multo</strong></span> <span class='ocrx_word' id='word_1_915' title='bbox 1338 5540 1573 5597; x_wconf 87' lang='lat' dir='ltr'><strong>brevior</strong></span> <span class='ocrx_word' id='word_1_916' title='bbox 1594 5540 1973 5612; x_wconf 84' lang='lat' dir='ltr'><strong>pressiorque</strong></span> <span class='ocrx_word' id='word_1_917' title='bbox 1994 5542 2085 5597; x_wconf 89' lang='lat' dir='ltr'><strong>est</strong></span> <span class='ocrx_word' id='word_1_918' title='bbox 2111 5535 2534 5610; x_wconf 85' lang='lat' dir='ltr'><strong>subsequentis</strong></span> <span class='ocrx_word' id='word_1_919' title='bbox 2554 5534 2749 5608; x_wconf 88' lang='lat' dir='ltr'><strong>operis</strong></span> <span class='ocrx_word' id='word_1_920' title='bbox 2780 5532 3173 5605; x_wconf 90' lang='lat' dir='ltr'><strong>conscriptor,</strong></span> <span class='ocrx_word' id='word_1_921' title='bbox 3194 5530 3296 5605; x_wconf 90' lang='lat' dir='ltr'><strong>qui</strong></span> <span class='ocrx_word' id='word_1_922' title='bbox 3320 5530 3606 5587; x_wconf 90' lang='lat' dir='ltr'><strong>nimirum</strong></span> 
     </span>
    </p>
   </div>
   <div class='ocr_carea' id='block_1_117' title="bbox 207 5618 3607 5710">
    <p class='ocr_par' dir='ltr' id='par_1_117' title="bbox 207 5618 3607 5710">
     <span class='ocr_line' id='line_1_121' title="bbox 207 5618 3607 5710; baseline -0.004 -23"><span class='ocrx_word' id='word_1_923' title='bbox 207 5647 274 5710; x_wconf 75' lang='lat' dir='ltr'><strong>ex</strong></span> <span class='ocrx_word' id='word_1_924' title='bbox 294 5630 546 5689; x_wconf 88' lang='lat' dir='ltr'><strong>aliorum</strong></span> <span class='ocrx_word' id='word_1_925' title='bbox 574 5631 763 5699; x_wconf 88' lang='lat' dir='ltr'><strong>libris,</strong></span> <span class='ocrx_word' id='word_1_926' title='bbox 796 5637 975 5705; x_wconf 89' lang='lat' dir='ltr'><strong>atque</strong></span> <span class='ocrx_word' id='word_1_927' title='bbox 1009 5646 1081 5688; x_wconf 88' lang='lat' dir='ltr'><strong>ex</strong></span> <span class='ocrx_word' id='word_1_928' title='bbox 1112 5629 1245 5701; x_wconf 82' lang='lat' dir='ltr'><strong>ipso</strong></span> <span class='ocrx_word' id='word_1_929' title='bbox 1274 5627 1528 5686; x_wconf 83' lang='lat' dir='ltr'><strong>forsitan</strong></span> <span class='ocrx_word' id='word_1_930' title='bbox 1550 5628 1857 5695; x_wconf 89' lang='lat' dir='ltr'><strong>Tichonio,</strong></span> <span class='ocrx_word' id='word_1_931' title='bbox 1894 5643 1930 5685; x_wconf 92' lang='lat' dir='ltr'><strong>a</strong></span> <span class='ocrx_word' id='word_1_932' title='bbox 1948 5643 2073 5705; x_wconf 91' lang='lat' dir='ltr'><strong>quo</strong></span> <span class='ocrx_word' id='word_1_933' title='bbox 2097 5624 2380 5701; x_wconf 69' lang='lat' dir='ltr'><strong>prmclara</strong></span> <span class='ocrx_word' id='word_1_934' title='bbox 2408 5622 2694 5699; x_wconf 79' lang='lat' dir='ltr'><strong>quaedam</strong></span> <span class='ocrx_word' id='word_1_935' title='bbox 2720 5620 2976 5680; x_wconf 86' lang='lat' dir='ltr'><strong>mutuati</strong></span> <span class='ocrx_word' id='word_1_936' title='bbox 3007 5625 3146 5678; x_wconf 86' lang='lat' dir='ltr'><strong>sunt</strong></span> <span class='ocrx_word' id='word_1_937' title='bbox 3167 5620 3347 5677; x_wconf 89' lang='lat' dir='ltr'><strong>etiam</strong></span> <span class='ocrx_word' id='word_1_938' title='bbox 3382 5618 3607 5676; x_wconf 87' lang='lat' dir='ltr'><strong>Prima-</strong></span> 
     </span>
    </p>
   </div>
  </div>
