4158 6204
548 111 686 172 2423
1291 112 1694 168 ADMONITIO
1736 113 1827 167 DE
1866 111 2159 178 SUBSEQ.
2201 110 2524 166 EXPOSIT.
2568 110 2636 165 IN
2676 109 3215 167 APOCALYPSIM.
3813 112 3925 172 2425

545 241 668 296 sius
698 243 757 295 et
784 238 961 304 Beda,
1002 237 1193 295 nudas
1214 237 1720 309 interpretationes
1749 237 2065 308 decerpere
2091 240 2405 291 contentus
2466 235 2662 291 fuerit.
2714 236 3091 306 Quapropter
3118 235 3602 292 Lovaniensibus
3638 236 3922 307 Theologis

551 329 764 385 merito
781 331 975 384 visum
1003 333 1093 383 est
1121 328 1235 382 hoc
1262 342 1416 398 opus
1450 325 1595 379 nihil
1626 340 1753 380 esse
1787 330 1999 395 praeter
2026 324 2440 378 aunotationes
2472 323 2727 393 alicujus
2756 322 2956 378 studio
2974 322 3273 389 collectas,
3312 330 3645 394 posteaque
3675 324 3732 378 in
3759 325 3927 381 Homi-

549 416 767 473 liarum
795 418 1050 472 formam
1085 417 1377 470 redactas.
1414 418 1592 469 Porro
1615 414 1674 467 in
1709 412 2109 469 vetustissimo
2140 411 2410 467 Abbatiaz
2435 413 2489 467 S.
2532 412 2677 467 Petri
2720 412 3099 467 Cartunensis
3132 412 3337 467 codice
3372 412 3633 468 Homilia
3667 419 3725 467 tti
3756 415 3922 469 verbis

551 506 919 578 quibusdam
946 505 1162 560 additis
1194 502 1477 557 dividitur
1500 502 1561 556 in
1582 502 1735 557 duas
1770 518 1782 556 :
1813 507 2213 572 prmterquam
2242 500 2406 572 quod
2435 500 2684 556 llomilia
2710 506 2732 555 1
2756 516 2876 556 non
2902 500 3062 556 idem
3091 501 3259 573 quod
3295 501 3357 557 in
3384 502 3561 557 editis
3594 502 3773 557 habet
3792 518 3931 558 exor-

553 593 724 648 dium
748 594 854 648 sed
882 591 1207 664 aliquando
1239 590 1540 646 diversum
1569 590 1681 645 sub
1712 590 1876 645 hisce
1910 589 2109 645 verbis
2137 605 2150 639 :

624 702 652 733 «
685 682 767 737 Ea
796 696 932 752 quae
956 681 1015 735 in
1048 678 1412 751 Apocalypsi
1436 678 1626 734 sancti
1652 680 1899 734 Joannis
1931 678 2328 747 continentur,
2353 676 2563 733 fratres
2592 677 2951 743 charissimi,
2980 677 3290 749 aliquibus
3318 693 3386 735 ex
3407 678 3678 751 antiquis
3699 680 3930 735 Patribus

553 770 665 826 hoc
695 770 894 826 visum
925 773 1031 831 est,
1064 766 1227 839 quod
1255 773 1359 823 aut
1391 772 1534 832 tota,
1564 773 1663 822 aut
1694 772 1852 823 certe
1886 766 2153 822 maxima
2192 781 2332 838 pars
2358 781 2430 821 ex
2459 766 2590 837 ipsa
2619 764 2887 832 lectione,
2914 766 3073 822 diem
3098 767 3335 837 judicii,
3368 767 3461 823 vel
3495 767 3818 823 adventum
3838 773 3929 824 An-

555 856 801 913 tichristi
834 856 1158 926 signiﬁcari
1195 856 1480 912 videatur.
1516 854 1601 908 Illi
1634 861 1837 911 autem
1875 855 1979 927 qui
2025 854 2366 923 diligentius
2396 858 2822 919 tractaverunt,
2848 856 3015 927 quod
3066 871 3138 912 ea
3166 872 3304 927 quae
3335 857 3395 911 in
3434 856 3576 927 ipsa
3596 857 3923 911 revelatione

554 944 947 1008 continentur,
972 944 1169 999 statim
1221 949 1357 1015 post
1405 942 1759 1000 Passionem
1810 942 2044 997 Domini
2075 942 2394 999 Salvatoris
2425 943 2612 998 nostri
2668 942 2910 999 fuerunt
2964 944 3268 1013 inchoata,
3303 950 3358 1000 et
3385 945 3468 1000 ita
3502 950 3646 1000 sunt
3674 962 3847 1017 usque
3869 946 3931 1001 ad

550 1032 921 1101 diemjudicii
950 1032 1456 1097 consummanda,
1489 1036 1550 1087 ut
1568 1047 1757 1103 parva
1787 1031 1981 1102 portio
2004 1031 2371 1102 temporibus
2385 1031 2723 1086 Antichristi
2749 1047 3059 1089 remanere
3088 1034 3356 1089 videatur
3382 1050 3396 1088 :
3422 1041 3478 1089 et
3499 1033 3641 1089 ideo
3675 1034 3929 1106 quidquid

551 1121 613 1175 in
639 1121 772 1193 ipsa
798 1121 1051 1177 lectione
1077 1122 1308 1177 recitari
1339 1120 1646 1177 audieritis
1674 1120 1791 1175 sive
1848 1119 2056 1174 Filium
2096 1120 2379 1186 hominis,
2404 1120 2526 1175 sive
2556 1119 2776 1184 stellas,
2811 1120 2935 1176 sive
2961 1122 3243 1191 Angelos,
3274 1122 3797 1187 sivecandelabra,
3828 1125 3925 1178 sive

549 1214 811 1282 quatuor
836 1210 1140 1274 animalia,
1168 1210 1292 1264 sive
1313 1210 1581 1281 aquilam
1620 1209 1681 1262 in
1722 1208 1920 1264 medio
1946 1209 2096 1263 ccelo
2156 1209 2479 1273 volantem,
2512 1213 2569 1263 et
2598 1209 2829 1280 reliqua
2851 1212 3061 1266 omnia
3090 1212 3150 1266 in
3182 1213 3413 1268 Christo
3439 1210 3772 1281 intelligite,
3797 1216 3845 1266 et
3881 1213 3928 1265 in

552 1297 818 1353 Ecclesia
848 1298 994 1362 ﬁeri,
1030 1298 1200 1353 velin
1234 1303 1380 1369 typo
1411 1299 1539 1368 ejus
1566 1296 1848 1369 praedicta
1879 1312 2007 1351 esse
2050 1298 2414 1365 cognOscite.
2450 1297 2514 1351 In
2568 1301 2800 1367 septem
2860 1297 3137 1353 Ecclesiis
3159 1299 3384 1369 quibus
3440 1304 3692 1353 sanctus
3713 1299 3934 1353 Joannes

552 1385 925 1455 evangelista
954 1387 1188 1457 scripsit
1211 1387 1272 1440 in
1312 1387 1467 1453 Asia,
1518 1385 1862 1454 intelligitur
1914 1401 2035 1441 una
2066 1386 2331 1441 Ecclesia
2356 1385 2650 1441 catholica
2677 1391 2919 1456 propter
2950 1387 3359 1457 septiformem
3403 1387 3695 1458 Spiritum
3733 1388 3927 1455 gratiae.

554 1474 724 1539 Quod
762 1479 963 1529 autem
989 1474 1152 1538 dicit,
1194 1475 1362 1528 Testis
1390 1474 1590 1541 ﬁdelis,
1620 1474 1879 1528 Christus
1910 1478 2016 1536 est,
2050 1474 2153 1545 qui
2196 1474 2599 1529 testimonium
2627 1473 2887 1530 reddidit
2916 1476 3029 1530 sub
3070 1477 3280 1531 Pontio
3311 1476 3526 1532 Pilato.
3558 1476 3727 1536 Fecit,
3754 1475 3932 1547 inquit,

554 1577 657 1616 nos
685 1578 910 1631 regnum
949 1568 1001 1615 et
1028 1561 1323 1615 sacerdotes
1364 1562 1471 1615 Deo
1502 1582 1521 1617 :
1561 1562 1900 1616 sacerdotes
1934 1565 2050 1616 Deo
2084 1566 2270 1617 totam
2301 1561 2622 1618 Ecclesiam
2656 1561 2800 1617 dicit
2841 1578 2854 1628 ;
2888 1562 3039 1617 sicut
3090 1564 3169 1618 ait
3200 1566 3257 1619 S.
3287 1567 3492 1618 Petrus
3536 1586 3550 1616 :
3596 1563 3715 1625 Vos,
3754 1563 3935 1633 inquit,

552 1665 716 1720 genus
743 1649 983 1714 electum,
1008 1651 1184 1719 regale
1212 1649 1574 1705 sacerdotium
1607 1650 1649 1719 (Ι
1676 1652 1831 1705 Petr.
1878 1666 1937 1715 ιι,
1970 1652 2046 1717 9).
2090 1651 2163 1704 Et
2204 1649 2338 1715 vidi,
2356 1650 2569 1722 inquit,
2592 1656 2786 1721 septem
2814 1651 3147 1707 candelabra
3179 1668 3382 1707 aurea:
3410 1652 3475 1708 in
3506 1658 3736 1722 septem
3758 1650 3933 1705 caude-

554 1737 741 1793 labris
765 1737 1023 1793 Ecclesia
1040 1743 1145 1793 est.
1174 1739 1251 1794 Et
1274 1740 1332 1793 in
1361 1738 1539 1794 medio
1564 1738 2009 1794 candelabrorum
2040 1739 2269 1793 similem
2293 1739 2441 1794 Filio
2473 1739 2705 1794 hominis
2731 1740 2919 1811 (Apoc.
2954 1757 2992 1807 ι,
3024 1745 3074 1806 5,
3118 1746 3170 1811 6,
3200 1742 3291 1809 12,
3324 1741 3433 1812 l3),
3465 1739 3529 1797 id
3544 1745 3635 1796 est
3660 1740 3937 1797 Christum.

562 1826 692 1882 Sive
717 1831 918 1882 autem
949 1826 1126 1883 Filius
1156 1827 1440 1890 Hominis,
1474 1828 1597 1884 sive
1618 1833 1847 1900 septem
1879 1828 2265 1893 candelabra,
2300 1850 2327 1879 »
2362 1833 2473 1884 etc.

1734 2076 2805 2225 EXPOSITIO

912 2293 1118 2412 IN
1206 2291 2494 2415 APOCALYPSIM
2604 2297 2755 2423 Β.
2846 2294 3687 2425 JOANNIS.

1937 2491 2582 2523 -—W———-

1216 2628 1447 2686 nonius
1478 2629 1495 2668 ι
1523 2615 1563 2667 ί.
1762 2682 1774 2686 _
1851 2683 1860 2686 _
1956 2683 1964 2686 _
2063 2682 2077 2686 Α
2213 2684 2220 2686 _
2334 2613 2811 2686 praecedentibus
2842 2613 3067 2669 meritis
3097 2613 3275 2668 venit.
3310 2613 3426 2684 Ipsi
3448 2615 3622 2686 enim
3653 2614 3758 2686 equi
3793 2613 3939 2686 bapti-

633 2684 831 2757 [Aroc.
884 2700 1002 2754 cap.
1063 2685 1128 2757 I_._]
1183 2686 1251 2757 in
1312 2683 1572 2757 lectione
1620 2682 2001 2757 revelationis
2032 2682 2225 2757 ibeati
2330 2682 2561 2757 ’zantur,
2586 2684 2913 2757 Jerusalem
2945 2689 3102 2757 sunt,
3130 2700 3260 2755 quas
3288 2682 3561 2755 quotidie
3593 2682 3941 2757 ad’instar‘ni-

568 2753 819 2812 Joannis
864 2753 1141 2824 apostoli,
1176 2753 1383 2807 fratres
1414 2754 1767 2817 charissimi,
1802 2754 2229 2809 animadverti-
2332 2756 2419 2810 vis
2445 2756 2518 2810 de
2544 2757 2694 2812 caelo
2737 2756 3062 2811 descendit.
3116 2753 3469 2822 Jerusalem,
3505 2757 3565 2811 id
3592 2762 3681 2812 est
3724 2756 3939 2810 Ecclesia

566 2844 731 2899 mus,
755 2832 811 2881 et
838 2824 1171 2899 secundum
1192 2837 1505 2899 anagogen
1526 2826 1639 2879 hoc
1656 2825 1911 2899 Domino
1939 2825 2226 2899 largiente
2331 2827 2465 2882 ideo
2498 2828 2573 2882 de
2598 2827 2747 2883 caelo
2778 2827 3138 2881 descendere
3168 2827 3402 2899 dicitur,
3434 2829 3586 2899 quia
3610 2827 3682 2881 de
3718 2827 3848 2899 caelo
3872 2832 3939 2879 est

563 2896 892 2969 explanare
940 2894 1312 2969 curabimus,
1343 2896 1487 2965 quia
1516 2894 1799 2950 revelatio
1844 2895 1983 2969 Jesu
2008 2898 2226 2969 Christi
2332 2898 2543 2965 gratia,
2567 2914 2673 2969 per
2688 2914 2873 2969 quam
2897 2903 2953 2952 et
2973 2914 3009 2952 a
3037 2897 3298 2968 peccatis
3324 2894 3634 2963 liberatur,
3655 2904 3707 2953 et
3728 2898 3932 2969 Christo,

564 2964 788 3039 nostris
811 2965 1080 3039 auribus
1108 2964 1414 3039 panditur,
1452 2970 1519 3039 ut
1545 2982 1768 3021 arcana
1798 2967 2057 3039 coelestia
2087 2984 2226 3021 nos-
2330 2964 2390 3023 id
2409 2977 2494 3023 est
2519 2964 2739 3024 aeterno
2766 2969 2943 3039 capiti
2974 2964 3197 3039 sponso
3228 2968 3448 3023 caelesti
3485 2967 3937 3039 conjungitur.Si-

564 3036 671 3092 tris
687 3036 971 3109 cordibus
988 3035 1458 3109 manifestentur.
1483 3037 1528 3090 Α
1538 3038 1837 3108 pocalypsis
1853 3038 1981 3092 Jesu
1996 3038 2223 3103 Christi,
2330 3045 2475 3095 cute
2502 3041 2800 3095 contrario
2821 3035 3111 3094 Bestia—de
3150 3039 3377 3109 abysso
3401 3035 3933 3099 ascendere'dieitur,

563 3124 725 3182 quam
744 3107 895 3182 dedit
928 3107 1036 3182 illi
1050 3107 1189 3161 Deus
1228 3106 1427 3182 palam,
1454 3109 1631 3182 facere
1659 3106 1839 3182 servis
1864 3112 1998 3182 suis,
2048 3110 2121 3182 id_
2137 3115 2225 3164 est
2330 3111 2390 3164 id
2422 3117 2529 3175 est,
2569 3111 2832 3182 populus
2868 3110 3189 3182 malusqui
3223 3106 3293 3182 ex
3344 3111 3576 3181 populo
3607 3110 3755 3166 malo
3778 3109 3933 3182 nasci-

564 3178 965 3250 ﬁianifestare.
1002 3178 1129 3250 Quae
1160 3185 1366 3247 oportet
1394 3179 1515 3247 ﬁeri
1549 3180 1656 3234 cito
1696 3180 2009 3250 signiﬁcans
2056 3201 2075 3236 :
2108 3180 2223 3235 hoc
2332 3186 2442 3236 tur.
2485 3178 2633 3236 Nain
2657 3178 2814 3236 sicut
2856 3178 3182 3235 Jerusalem
3222 3178 3530 3237 humiliter
3567 3180 3932 3237 descendendo

566 3256 655 3306 est
679 3249 1021 3323 ostendens.
1057 3249 1218 3323 Salvo
1241 3265 1336 3323 suo
1354 3250 1598 3303 Johanni
1623 3249 1951 3323 :iloannes,
1977 3252 2073 3304 Dei
2092 3266 2223 3319 gra-
2329 3253 2639 3315 exaltatur,
2663 3252 2744 3307 ita
2770 3252 2977 3317 bestia,
3010 3253 3067 3306 id
3098 3257 3185 3306 est
3205 3253 3465 3323 populus
3499 3253 3783 3322 superbus
3810 3266 3933 3323 arra

564 3323 648 3377 tia
677 3320 1099 3393 interpretatur
1126 3319 1372 3393 Scribens
1417 3329 1611 3390 septem
1641 3321 1920 3385 Ecclesiis,
1950 3339 2066 3392 quae
2097 3329 2224 3376 sunt
2329 3330 2538 3388 ganter
2590 3323 2972 3378 ascendendo
3018 3319 3442 3393 praecipitatur.
3482 3319 3640 3378 Oculi
3683 3325 3784 3393 ejus
3822 3321 3931 3377 velut

567 3340 648 3377 ua
677 3340 1099 3391 Interpretatur
1126 3340 1372 3375 οσνιυεηε
1417 3340 1611 3390 septem
1641 3340 1920 3385 DCCLCSUS,
1950 3340 2066 3392 quae
2097 3340 2224 3376 εαπι
2329 3340 2538 3388 ganler
2590 3340 2972 3378 ascendendo
3063 3340 3442 3393 rtecnpltatur.
3482 3340 3638 3378 ucutt
3683 3340 3784 3393 ejus
3822 3340 3926 3377 vel!“

567 3394 625 3464 in
651 3392 805 3445 Asia.
835 3392 974 3464 Asia
1006 3390 1190 3446 Elatio
1219 3391 1654 3464 interpretatur,
1688 3408 1794 3463 per
1816 3408 2002 3464 quam
2032 3408 2222 3461 genus
2326 3396 2543 3462 ﬂamma
2572 3395 2715 3464 ignis
2742 3412 2760 3448 :
2812 3394 2870 3447 in
2905 3340 3093 3449 oculis
3132 3402 3432 3464 praecepta
3467 3397 3568 3449 Dei
3611 3394 3745 3448 dicit
3772 3409 3783 3453 ;
3813 3394 3926 3464 sicut

568 3463 905 3518 humanum
938 3463 1247 3534 ﬁguratur.
1277 3462 1412 3534 Istae
1443 3469 1671 3533 septem
1698 3462 1970 3518 Ecclesiae
1996 3470 2052 3518 et
2092 3480 2226 3533 sep-
2329 3462 2614 3534 scriptum
2642 3471 2748 3532 est,
2781 3464 3024 3519 Lucerna
3046 3465 3263 3534 pedibus
3288 3462 3418 3519 meis
3440 3465 3655 3519 verbum
3676 3473 3826 3527 tuum,
3853 3463 3930 3515 Do-

566 3538 687 3589 tem
712 3532 1241 3607 candelabra,ihoc
1274 3532 1527 3588 solerter
1548 3535 1914 3607 intuendum
1946 3539 2051 3599 est,
2080 3532 2223 3606 quia
2327 3532 2472 3589 mine
2500 3557 2521 3605 ;
2546 3541 2622 3600 et,
2654 3536 2893 3606 Ignitum
2935 3532 3202 3606 eloquium
3235 3544 3385 3590 tuum
3415 3536 3596 3607 (Psal.
3630 3534 3924 3607 (:xvm,10_5,

570 3604 937 3677 septiforimis
976 3606 1165 3672 gratia
1207 3608 1313 3677 est,
1358 3620 1493 3674 quae
1528 3604 1671 3659 data
1722 3610 1812 3660 est
1863 3621 1903 3677 a7
1958 3608 2075 3660 Deo
2100 3604 2224 3676 'per
2331 3610 2474 3677 140).
2502 3604 2580 3661 Et
2608 3604 2764 3677 pedes
2794 3608 2908 3677 ejus
2935 3604 3136 3661 similes
3172 3604 3487 3662 aurichalco
3520 3608 3712 3662 Libani
3740 3609 3776 3669 ι,
3802 3604 3929 3677 igniti

567 3674 773 3749 Jesum
797 3675 1089 3749 Christum
1125 3675 1443 3749 Dominum
1486 3681 1781 3749 nostrum,
1810 3676 1985 3731 nobis
2014 3674 2221 3749 generi
2328 3674 2467 3731 velut
2496 3680 2568 3749 in
2608 3674 2836 3749 fornace
2865 3679 3009 3749 ignis
3040 3698 3059 3733 :
3099 3678 3159 3733 in
3193 3678 3449 3748 pedibus
3490 3679 3689 3749 ignitis
3721 3674 3925 3749 Ecclesia

567 3747 860 3820 humano,
886 3746 1003 3820 qui
1037 3745 1398 3820 credidimus
1432 3762 1444 3797 :
1487 3747 1629 3818 quia
1675 3753 1728 3820 e_t
1772 3748 1897 3817 ipse
1928 3745 2222 3820 pollicitus
2325 3745 2666 3817 intelligitur
2697 3766 2710 3811 ;
2746 3745 3260 3820 qum'immiuen'te
3285 3749 3383 3803 die
3418 3745 3650 3818 iudicii,
3679 3748 3926 3803 nimietate

568 3824 655 3871 est
703 3816 1154 3897 nobisjmitte‘re
1191 3817 1473 3897 Spiritum
1507 3816 1888 3897 'paraclet-um
1929 3816 2003 3872 de
2034 3818 2217 3897 caelis,
2324 3816 2741 3897 pressurarum
2765 3816 3108 3897 probanda,
3144 3825 3198 3875 et
3231 3820 3366 3889 igne
3416 3816 3806 3897 examinanda
3831 3822 3916 3897 est.

565 3902 747 3971 quem
778 3887 1157 3971 et‘Apostolis
1204 3886 1385 3971 misit,
1436 3886 1539 3959 qui
1586 3890 1649 3971 in
1695 3890 1835 3971 Asia
1884 3904 2013 3971 esse
2061 3889 2221 3971 vide-
2420 3891 2564 3971 quia
2594 3906 2713 3971 pes
2744 3886 3081 3971 novissima
3112 3886 3371 3971 pars'e‘st
3395 3892 3663 3971 corporis
3692 3896 3743 3970 et
3779 3886 3921 3967 pedes

563 3956 807 4023 bantur,
842 3957 954 4033 hoc
1006 3962 1093 4011 est
1121 3958 1178 4011 in
1212 3958 1378 4033 elato
1417 3956 1665 4033 mundo,
1703 3958 1806 4033 ubi
1858 3965 1913 4014 et
1945 3960 2220 4030 septifor-
2324 3956 2543 4030 ignitos
2574 3956 2721 4015 dixit
2757 3977 2913 4025 esse,
2959 3962 3094 4017 ideo
3117 3956 3181 4017 in
3210 3961 3465 4033 pedibus
3502 3956 3743 4033 Ecclesia
3763 3956 3921 4033 novis-

565 4044 727 4083 mem
778 4028 1030 4103 gratiam
1062 4028 1611 4103 septem_Ecclesiis
1643 4029 1817 4103 nobis
1849 4046 1953 4099 per
1982 4028 2217 4086 servum
2327 4028 2461 4086 simi
2506 4033 2791 4103 temporis
2849 4028 3442 4100 intelligitur-multis
3499 4028 3921 4103 tribulationibus

564 4115 742 4174 suum
767 4099 1061 4174 Joannem
1094 4098 1606 4174 donavii.__(_}r_alia_
1630 4100 1772 4174 vobis
1796 4097 2217 4174 fet—paximutti-
2324 4103 2481 4159 velut
2510 4097 2725 4159 aurum
2757 4104 2814 4157 in
2847 4097 3088 4159 fornace
3121 4104 3457 4174 probanda.
3490 4106 3678 4169 Quam
3708 4118 3814 4174 rem
3839 4097 3916 4174 qui

557 4170 799 4244 plicetur
817 4188 849 4224 a
873 4170 979 4224 Deo
996 4169 1158 4244 Patre
1178 4176 1227 4244 et
1243 4187 1276 4224 a
1296 4170 1449 4244 Filio
1464 4170 1693 4244 hominis
1710 4171 1808 4225 :-id
1830 4169 1937 4237 est,
1960 4172 2211 4227 Christo.
2322 4175 2476 4228 bene
2507 4175 2864 4237 considerat,
2893 4174 3018 4244 jam
3065 4169 3225 4229 nunc
3255 4190 3320 4229 ex
3353 4174 3721 4230 multitudine
3745 4170 3917 4244 iniqui-

564 4241 698 4316 Sive
747 4248 945 4316 autem
980 4242 1153 4296 Filius
1201 4241 1484 4316 hominis,
1517 4243 1640 4316 sive
1682 4250 1908 4316 septem
1931 4244 2216 4316 candela-
2324 4250 2510 4299 tatum
2542 4246 2668 4299 fieri
2692 4245 2870 4300 videt.
2895 4241 3038 4301 ideo
3063 4245 3407 4301 aurichalco
3425 4241 3917 4316 signavit,quodex_

560 4312 691 4387 bra,
742 4313 866 4368 sive
907 4318 1137 4387 septem
1171 4312 1385 4387 stellae,
1411 4312 1671 4368 Ecclesia
1697 4308 2041 4387 intelligitur
2076 4331 2212 4387 cum
2320 4331 2441 4387 aere
2465 4322 2521 4370 et
2571 4316 2706 4384 igne
2753 4317 2939 4371 multo
2971 4332 3041 4372 ac
3073 4308 3816 4387 medicaminevperdu'ci‘tur
3857 4308 3917 4387 ad

559 4384 891 4457 capiteisuo
935 4383 1183 4438 Christo.
1219 4384 1389 4457 Quod
1421 4390 1621 4457 autem
1654 4386 1752 4449 ait,
1785 4386 2035 4439 Cinctum
2068 4386 2216 4439 inter
2320 4386 2445 4441 auri
2481 4383 2739 4442 colorem
2785 4403 2798 4441 :
2843 4388 2993 4442 sicut
3048 4388 3303 4442 Ecclesia
3343 4402 3449 4457 per
3475 4383 3853 4457 tribulationes
3876 4386 3918 4433 et

556 4454 828 4509 mamilius
852 4470 987 4528 zona
1017 4472 1188 4528 aurea
1210 4475 1229 4511 ,ο
1250 4455 1344 4510 ille
1370 4456 1473 4525 qui
1501 4462 1624 4511 erat
1646 4457 1893 4528 cinctus,
1918 4457 2212 4511 Christum
2320 4457 2626 4528 passiones
2653 4459 2858 4527 purior
2887 4459 3174 4514 redditur.
3218 4458 3280 4513 In
3312 4454 3465 4513 zona
3496 4474 3672 4513 aurea
3697 4454 3914 4512 accincta

560 4527 881 4600 Dominum
915 4526 1236 4600 tigurabat.
1285 4528 1445 4600 _Duas
1495 4527 1817 4600 mam_illas,
1849 4528 1981 4600 diuo
2013 4529 2214 4600 Testa-
2318 4526 2562 4599 pectori,
2596 4526 2788 4600 potest
2817 4530 2993 4584 etiam
3032 4528 3628 4600 scientiarspiritualis
3656 4543 3719 4581 ac
3769 4537 3914 4600 purus

557 4601 763 4651 menta
794 4591 1073 4669 intellige,
1100 4596 1338 4669 quasde
1366 4602 1601 4669 pectore
1634 4596 2211 4653 DominiSalvatoris
2318 4591 2751 4654 sensus’datus
2809 4601 3083 4654 Ecclesiae
3134 4591 3400 4669 intelligi.
3442 4600 3686 4655 Gladium
3730 4591 3830 4669 vero
3855 4591 3911 4645 bis

556 4672 846 4737 tanquam
878 4668 952 4753 de
981 4668 1225 4753 perenni
1244 4667 1404 4753 fonte
1426 4668 1929 4753 accipiunthunde
1947 4670 2209 4753 christia-
2314 4678 2531 4751 acutum
2565 4670 2650 4753 de‘
2667 4687 2757 4723 ore
2797 4671 2978 4753 ipsius
3003 4667 3397 4753 procedentem,
3451 4672 3643 4753 ipsum
3668 4668 3911 4753 Christum

554 4752 703 4793 num
736 4738 1026 4813 populum
1073 4739 1339 4793 nutriant
1367 4738 1444 4813 ad
1487 4740 1670 4813 vitam
1707 4745 2016 4813 seternum.
2048 4743 2210 4796 Zona
2313 4757 2439 4795 esse
2462 4741 2776 4810 signiﬁcat,
2803 4738 2904 4811 qui
2929 4738 3178 4813 et—nuuc
3210 4738 3513 4811 Evangelii
3534 4738 3907 4813 bona,etpr_i.us

552 4824 691 4882 vero
723 4804 924 4882 aurea,
950 4809 1178 4882 chorus
1208 4814 1314 4882 est,
1335 4809 1456 4863 sive
1480 4810 1798 4882 multitudo
1829 4811 2203 4866 Sanctorum.
2316 4828 2420 4882 per
2449 4804 2687 4882 M6ysen
2723 4804 2889 4879 L'eg-is
2916 4812 3182 4867 notitiam
3219 4804 3496 4868 univevrso
3526 4812 3647 4868 orbi
3678 4804 3904 4882 prolulit:

551 4881 713 4936 Sicut
741 4880 1002 4952 enimrde
1034 4881 1274 4952 cingulo
1304 4886 1520 4952 pectus
1541 4881 1867 4949 stringitur,
1900 4882 1980 4952 ita
2028 4897 2204 4937 sanc-
2313 4880 2460 4938 etde
2490 4880 2613 4952 quo
2638 4884 2821 4937 David
2842 4883 3108 4938 similiter
3134 4884 3232 4946 ait,
3265 4884 3440 4938 Semel
3465 4885 3660 4939 locutus
3682 4880 3749 4935 est
3772 4880 3901 4952 Deis.

549 4956 772 5023 torum,
800 4951 1119 5007 multitudo
1141 4947 1379 5007 Christo
1426 4947 1817 5023 adhaeretpet
1848 4951 2007 5006 velut
2052 4953 2204 5008 duas
2311 4954 2415 5007 duo
2444 4947 2554 5007 haec
2582 4954 2770 5008 audivi
2820 4954 2990 5023 (Psal.
3025 4971 3139 5019 ut,
3173 4955 3285 5021 42).
3322 4957 3453 5010 Haec
3503 4970 3640 5023 ergo
3670 4958 3789 5006 sunt
3812 4947 3903 5000 duo

548 5022 851 5096 mamillas
872 5024 1004 5096 duo
1033 5024 1405 5096 Testamenta
1436 5022 1867 5096 complectitur,
1913 5028 1971 5096 ut
2004 5039 2076 5078 ex
2120 5024 2204 5096 ip-
2309 5028 2703 5089 Testamenta,
2751 5022 2882 5096 qua:
2922 5041 3030 5096 pro
3079 5032 3256 5096 captu
3307 5028 3590 5096 temporis
3637 5029 3897 5096 autnora,

549 5096 631 5149 sis
662 5095 819 5149 velut
850 5094 924 5148 de
952 5094 1169 5148 sanctis
1201 5093 1484 5148 uberibus
1506 5094 1860 5164 nutriantur.
1895 5094 2087 5164 Caput,
2118 5093 2203 5148 in-
2309 5102 2413 5150 aut
2439 5101 2656 5159 vetera,
2691 5093 2938 5163 gladius
2982 5097 3073 5152 bis
3117 5093 3327 5151 acutus
3376 5093 3663 5152 dicuntur.
3701 5094 3797 5147 νοτ
3816 5093 3900 5157 ej".t

545 5165 695 5239 quit,
720 5167 833 5239 ejus
852 5171 911 5239 et
936 5164 1128 5239 capilli
1145 5166 1281 5239 sicut
1306 5164 1432 5217 lana
1458 5163 1581 5239 alba
1602 5171 1649 5239 et
1678 5167 1779 5218 nia:
1802 5182 1820 5218 :
1843 5166 2093 5239 capillos
2120 5166 2199 5221 al-
2308 5174 2566 5237 tanquam
2589 5184 2697 5239 vos:
2727 5183 2989 5237 aquarum
3022 5167 3317 5222 multarum
3353 5187 3373 5222 :
3404 5184 3573 5239 aqute
3602 5164 3795 5239 multas.
3822 5171 3897 5226 ρο·

545 5182 695 5238 quit,
720 5184 833 5235 ejus
862 5182 911 5219 et
936 5182 1125 5234 capim
1145 5182 1281 5219 εισιιι
1306 5182 1432 5217 ιαηα
1458 5182 1581 5218 αισα
1602 5182 1649 5218 ει
1678 5182 1779 5218 ma:
1802 5182 1820 5218 :
1843 5182 2093 5290 capulos
2120 5182 2199 5221 al-
2308 5182 2566 5237 tanquam
2597 5184 2697 5220 vos:
2727 5183 2989 5237 aquarum
3022 5182 3317 5222 multarum
3353 5187 3373 5222 .-
3404 5184 3573 5239 aqum
3602 5182 3795 5223 ωιιιιω.
3823 5182 3893 5226 μυί

544 5238 667 5314 bos
692 5237 1135 5314 multitudinem
1168 5236 1528 5314 albatorum,
1562 5236 1731 5314 idest
1758 5252 1925 5314 neop
1958 5245 2197 5314 ytorum
2308 5241 2427 5314 puli
2464 5238 2872 5314 intelliguntur
2897 5253 3024 5293 esse
3066 5256 3079 5305 ;
3118 5240 3177 5293 in
3208 5255 3371 5314 voce,
3400 5237 3722 5314 praedicatio
3748 5236 3893 5314 ᾼρφῇῄ

544 5323 615 5362 ex
634 5308 937 5381 Baptist
961 5307 1384 5381 prodeuntium
1408 5296 1603 5381 dicit’.
1622 5308 1845 5381 Lanam
1868 5296 2197 5378 dix'it,quia
2306 5296 2584 5381 toloruni.
2612 5296 2781 5376 Quod
2805 5296 3210 5381 autemsupra
3241 5296 3418 5376 dixit;
3433 5310 3591 5381 Pedes
3618 5309 3720 5376 ejus
3737 5296 3894 5381 similes

542 5394 683 5453 oves
718 5371 1383 5453 'C_hristi'suut.__l\’ivem
1415 5378 1581 5443 dixit,
1601 5378 1759 5453 quia
1799 5380 1967 5453 sicut
1994 5371 2195 5453 uiride
2303 5371 2655 5449 aurichalco;
2688 5388 2942 5451 tanquam
2998 5380 3051 5435 in
3106 5371 3326 5453 'for-nace
3374 5371 3589 5451 con/lati
3626 5371 3652 5445 ξ
3696 5371 3893 5447 possum

542 5451 693 5503 ccelo
725 5450 876 5505 ultro
904 5450 1236 5514 descendit,
1272 5451 1348 5505 ita
1374 5454 1430 5503 et
1464 5450 1654 5519 gratia
1682 5451 1969 5520 Baptismi
2014 5450 2194 5506 nullis

602 5539 620 5604 ξ
647 5536 872 5604 '_I‘_itul_us.
901 5538 1113 5587 homilia
1145 5540 1188 5594 1,
1217 5552 1324 5604 non
1352 5542 1433 5604 cst
1463 5540 1516 5587 in
1547 5539 1713 5588 veteri
1739 5538 1920 5588 codice
1939 5537 2190 5590 Petrensi.
2362 5541 2460 5604 {in
2489 5540 2659 5596 editis,
2694 5540 2908 5589 clibani.
2960 5539 3061 5589 Sed
3096 5539 3389 5604 legendum
3429 5554 3557 5597 esse,
3587 5531 3755 5586 Libani
3777 5527 3889 5592 patet

602 5598 621 5627 ²
650 5598 746 5645 Ms.
782 5599 1061 5657 Petrensis,
1090 5602 1489 5662 procedentium.
2301 5615 2364 5653 ex
2390 5602 2643 5653 Primasio
2675 5608 2728 5652 et
2759 5617 2823 5651 ex
2852 5605 3128 5666 Autperto.
