4158 6204
243 192 385 251 2425

247 321 428 377 etiam
458 318 721 391 Apostoli
736 316 1001 393 intelligi,
1028 317 1129 391 qui
1151 323 1287 391 post
1312 320 1329 355 ¹
1362 319 1716 392 passionem
1743 336 1892 393 prte-

247 393 597 447 dicaverunt
626 392 875 446 verbum
904 392 1056 459 eius.
1102 394 1205 446 Per
1233 407 1389 462 quos
1418 394 1576 448 enim
1622 393 1893 448 ambulat

246 463 615 533 praedicatio,
666 463 871 515 merito
914 462 1094 533 pedes
1142 464 1533 518 nominantur
1582 483 1593 518 :
1647 465 1801 518 sicut
1839 469 1895 519 et

247 535 540 605 propheta
565 533 727 605 dixit,
767 534 933 597 Quam
973 534 1201 602 pulchri
1226 534 1377 601 pedes
1404 535 1894 605 evangelisantium

244 604 451 675 pacem,
506 604 987 673 evangelisuntium
1028 605 1159 657 bona
1192 605 1348 674 (Isai.
1384 622 1475 670 ιιι,
1502 604 1555 673 7)
1594 610 1603 663 l
1639 614 1690 660 et
1726 606 1891 669 illud,

247 677 610 747 Adorabimus
660 676 725 747 in
778 675 883 729 loco
940 675 1341 747 abi‘steterunt
1382 678 1532 747 pedes
1582 677 1891 747 ejus(Psal.

246 762 428 808 cxxxi,
457 747 536 815 7).
560 745 730 813 Quod
772 751 970 800 autem
1002 744 1167 811 dixit,
1201 744 1438 802 Habebat
1466 749 1524 802 in
1549 744 1768 803 dextera
1794 764 1895 802 sua

245 817 425 870 stellas
447 823 679 886 septem;
705 816 1025 871 Ecclesiam
1052 816 1294 885 intelligi
1326 819 1530 874 voluit.
1561 820 1621 874 ln
1652 820 1897 875 dextera

248 888 404 942 enim
438 887 769 961 Christiest
799 887 1122 961 spiritualis
1172 888 1426 961 Ecclesia
1455 891 1555 961 qui
1588 890 1665 945 ad
1695 891 1893 945 dexte—

247 973 377 1013 ram
404 960 613 1040 positfp
631 957 796 1040 dicit:
832 958 1032 1040 Venite,
1058 957 1524 1040 benedictiPatris
1545 961 1893 1040 mei(itl_alth.

246 1045 388 1091 xxv,
422 1030 533 1099 34).
561 1030 795 1096 Septem
823 1044 965 1097 ergo
985 1030 1187 1095 stellae,
1210 1032 1469 1087 Ecclesia
1489 1038 1596 1088 est.
1632 1030 1896 1087 Diximus

248 1102 408 1155 enim
436 1100 582 1171 quia
614 1101 863 1170 Spiritus
906 1100 1271 1169 septiformis
1317 1103 1543 1157 virtutis
1574 1104 1625 1157 ei
1657 1103 1830 1157 datus
1862 1120 1898 1158 a

247 1171 436 1235 Patre,
460 1172 607 1226 sicut
639 1175 836 1224 Petrus
851 1171 927 1226 ad
948 1171 1183 1226 Judaeos
1204 1174 1275 1226 de
1295 1174 1633 1235 Christoait.
1664 1175 1899 1228 Dextera

250 1244 428 1313 igitur
443 1243 541 1296 Dei
565 1242 856 1314 exaltatus,
880 1248 1147 1311 acceptum
1168 1260 1200 1295 a
1223 1245 1385 1297 Patre
1406 1246 1684 1314 Spiritum
1705 1246 1897 1314 effudit

252 1315 497 1386 (Actsn,
531 1313 643 1383 33).
674 1314 1159 1386 Septemautem
1193 1313 1507 1379 Ecclesias,
1541 1332 1694 1386 quas
1727 1313 1901 1371 vocat

254 1384 564 1456 vocabulis
596 1384 740 1456 suis,
788 1399 908 1456 non
940 1384 1074 1456 ideo
1104 1384 1267 1454 dicit,
1294 1386 1438 1456 quia
1470 1384 1581 1441 illae
1612 1388 1752 1442 solm
1784 1388 1900 1441 sint

252 1455 564 1519 Ecclesiae;
606 1455 707 1508 sed
738 1455 903 1525 quod
934 1455 1073 1510 dicit
1114 1456 1234 1519 uni,
1277 1455 1558 1512 omnibus
1594 1458 1706 1512 hoc
1737 1458 1894 1512 dicit.

253 1527 517 1599 Denique
544 1525 667 1579 sive
699 1526 759 1579 in
784 1525 943 1589 Asia,
973 1526 1095 1580 sive
1122 1526 1183 1580 in
1217 1532 1335 1581 toto
1357 1529 1519 1592 orbe,
1552 1535 1715 1599 septe
1740 1532 1899 1583 mEc-

254 1597 461 1651 clesias
492 1612 701 1650 omnes
732 1612 887 1663 esse,
920 1601 975 1650 et
1005 1612 1189 1651 unam
1235 1613 1361 1651 esse
1392 1597 1755 1654 Catholicam
1786 1616 1797 1653 :
1829 1600 1900 1653 si-

252 1672 350 1721 cut
378 1668 453 1721 ad
483 1668 856 1722 Timotheum
905 1666 1007 1732 ait,
1043 1667 1306 1731 Quomodo
1334 1677 1540 1737 oportet
1572 1677 1619 1723 te
1649 1670 1707 1723 in
1753 1670 1902 1724 domo

254 1738 362 1792 Dei
394 1738 724 1810 conversari,
767 1755 884 1808 quas
915 1742 989 1791 est
1020 1738 1260 1793 Ecclesia
1288 1740 1386 1793 Dei
1420 1742 1533 1793 vivi
1575 1742 1617 1810 (Ι
1652 1741 1789 1795 Tim.
1820 1757 1900 1807 ιιι,

253 1811 345 1875 15)
376 1827 388 1875 ;
424 1814 479 1863 et
514 1810 575 1862 in
614 1809 789 1873 Isaia,
836 1815 1063 1879 septem
1096 1810 1370 1865 mulieres
1399 1826 1536 1880 quae
1569 1809 1901 1880 apprehen-

253 1827 345 1875 ιδ)
376 1827 388 1875 ;
424 1827 479 1863 et
514 1827 575 1862 1n
614 1827 789 1873 isaia,
836 1827 1063 1879 septem
1096 1827 1370 1865 muneres
1399 1827 1536 1880 quae
1569 1828 1602 1867 a
1652 1827 1901 1879 preuen-

253 1880 470 1961 derunt
495 1880 691 1961 virum
721 1895 910 1961 unum
938 1879 1094 1943 (Isai.
1124 1896 1203 1961 ιν,
1238 1882 1312 1950 1),
1339 1888 1573 1961 septem
1610 1827 1903 1961 Ecclesias

256 1950 905 2022 signiﬁcariintelligit,
937 1966 1072 2021 quae
1098 1955 1156 2005 et
1181 1966 1300 2007 una
1322 1958 1405 2006 est
1432 1968 1444 2005 :
1476 1955 1687 2015 virum.
1719 1954 1905 2009 Chris-

260 2020 389 2078 tum
440 2020 889 2095 intelligimus;
930 2037 1167 2095 panem
1221 2022 1561 2089 mulierum,
1622 2024 1903 2095 Spiritum

260 2097 556 2161 sanctum,
588 2092 690 2163 qui
719 2092 899 2148 nutrit
926 2092 985 2145 in
1012 2093 1198 2148 vitam
1228 2099 1531 2149 aeternam.
1562 2097 1625 2150 Et
1646 2092 1707 2150 ut
1740 2096 1905 2150 vobis

260 2180 333 2219 ea
387 2180 522 2235 quas
552 2163 712 2219 dicta
750 2167 889 2235 sunt
920 2163 1195 2235 tenacius
1224 2164 1610 2230 inculcentur,
1664 2167 1906 2221 brevem

256 2250 325 2290 ex
364 2232 508 2305 ipsis
552 2232 1112 2308 recapitulationem
1164 2233 1287 2289 ﬁeri
1334 2236 1635 2294 volumus.
1669 2239 1906 2308 Septem

257 2304 403 2372 ergo
439 2304 734 2369 Ecclesiae,
761 2304 982 2376 quibus
1008 2311 1251 2360 sanctus
1276 2308 1533 2362 Joannes
1564 2304 1783 2373 scribit,
1816 2310 1909 2362 in-

258 2376 535 2444 telligitur
574 2392 695 2450 una
721 2375 979 2450 Ecclesia
1022 2377 1603 2450 catholicutpropter
1642 2378 1908 2450 septifor-

258 2464 417 2502 mem
442 2448 716 2515 gratiam.
735 2447 1122 2518 Quodautem
1137 2448 1295 2512 dicit,
1321 2447 1488 2503 Testis
1500 2450 1693 2518 ﬁdelis,
1710 2447 1906 2506 Chris-

255 2525 349 2573 tus
376 2525 481 2573 est.
512 2521 749 2588 Septem
776 2517 1162 2588 candelabra,
1193 2518 1447 2574 Ecclesia
1475 2517 1765 2577 catholica
1796 2527 1904 2577 est.

252 2592 311 2644 ln
374 2587 1119 2648 medio’candelabrorum
1166 2589 1375 2643 similis
1429 2592 1571 2645 Filio
1613 2592 1895 2656 hominis,

252 2660 519 2715 Christus
532 2665 619 2716 est
637 2661 695 2713 in
720 2658 918 2714 medio
935 2659 1222 2714 Ecclesiae.
1253 2661 1421 2724 Quod
1438 2667 1639 2716 autem
1655 2664 1901 2717 aitcinc-

250 2737 379 2787 tum
397 2747 576 2801 super
605 2730 930 2787 mamillas:
962 2730 1246 2801 mamillae
1261 2734 1382 2785 duo
1412 2734 1787 2788 Testamenta
1817 2733 1899 2787 in-

252 2803 613 2871 telliguntur,
644 2818 779 2874 quas
831 2801 906 2856 de
938 2810 1174 2872 pectore
1204 2800 1417 2874 Christi
1445 2807 1563 2874 plac
1595 2804 1901 2874 spirituale

253 2875 574 2943 accipiunt,
598 2873 983 2945 ut’populum
1017 2873 1406 2945 christianum
1440 2873 1499 2928 in
1532 2873 1716 2929 vitam
1740 2881 1901 2928 teter-

251 2962 393 2999 num
414 2944 707 2999 nutriant.
722 2948 879 2999 Zona
898 2959 1036 2998 vero
1050 2959 1252 3003 aurea,
1287 2944 1504 2999 chorus
1518 2950 1603 2999 est
1618 2946 1737 2999 sive
1754 2945 1902 2998 mul-

251 3016 440 3071 titudo
469 3021 833 3078 sanctorum,
863 3016 967 3083 qui
990 3015 1204 3085 jugiter
1230 3015 1378 3070 dum
1407 3014 1643 3071 lectioni
1693 3022 1746 3069 et
1773 3032 1902 3069 ora-

250 3087 396 3141 tioni
446 3087 739 3150 insistunt,
774 3087 1001 3141 Christo
1032 3086 1339 3141 adhaerere
1385 3086 1734 3155 probantur.
1770 3087 1902 3140 Jam

251 3159 365 3213 ista
379 3157 646 3211 charilati
662 3164 870 3212 vestras
890 3156 1390 3221 sufficiant.Quod
1404 3156 1679 3218 audistis,
1696 3162 1904 3211 sancta

251 3229 403 3283 inter
428 3228 942 3298 voscollocutione
975 3227 1362 3298 meditamini.
1408 3229 1600 3281 donec
1630 3228 1794 3298 quod
1817 3243 1903 3282 re-

248 3300 482 3371 liquum
516 3304 620 3362 est,
654 3299 914 3371 donante
938 3298 1188 3354 Domino
1220 3297 1425 3353 audire
1443 3297 1705 3369 possitis.
1731 3298 1903 3364 Quod

250 3370 379 3442 ipse
412 3375 690 3440 praestare
711 3370 1004 3439 dignetur,
1034 3378 1146 3425 etc.

900 3456 1127 3495 HOMILlA
1173 3446 1255 3495 ιιι.

326 3512 431 3582 [1b.
461 3526 499 3565 11
528 3516 583 3565 et
612 3510 716 3582 1v.]
741 3513 964 3582 Fratres
1014 3510 1370 3573 charissimi,
1408 3511 1467 3565 in
1515 3510 1898 3574 candelabro,

249 3581 467 3664 dequo
490 3599 631 3664 cum
659 3581 1053 3664 A'pqcalvpsis
1091 3582 1383 3664 legeretur
1410 3582 1676 3664 audistis,
1697 3598 1903 3664 popu-

248 3654 343 3709 lus
369 3653 729 3722 intelligitur.
756 3653 925 3716 Quod
943 3659 1141 3707 autem
1156 3654 1257 3717 ait,
1280 3654 1493 3707 Movebo
1520 3653 1900 3707 candelabrum

252 3732 443 3793 tuum,-
476 3724 589 3779 hoc
612 3729 719 3787 est,
750 3724 1094 3793 dispergam
1136 3724 1429 3793 populum
1463 3740 1571 3795 pro
1603 3724 1891 3795 peccatis.

254 3799 322 3852 Et
349 3795 595 3866 pugnabo
623 3812 741 3849 cum
766 3795 840 3848 eis
868 3796 925 3849 in
940 3795 1122 3865 gladio
1145 3796 1260 3849 oris
1290 3795 1391 3849 mei
1422 3813 1443 3850 :
1476 3794 1533 3850 id
1565 3794 1673 3859 est,
1709 3795 1903 3866 profe-

252 3865 383 3922 ram
400 3865 700 3937 prrecepta
734 3880 890 3929 mea,
914 3883 1020 3935 per
1044 3882 1180 3937 quae
1195 3871 1521 3930 arguantur
1548 3865 1792 3935 peccata
1810 3865 1900 3937 vel

252 3936 507 3993 crimina
532 3953 661 3991 sua.
695 3938 865 4001 Quod
908 3953 1042 3991 vero
1070 3936 1241 4000 dixit,
1274 3936 1463 3991 Facies
1489 3939 1606 4005 eius
1638 3938 1779 3991 sicut
1823 3936 1901 3989 sol

254 4010 389 4063 lucet
421 4010 480 4062 in
498 4010 713 4088 virtute
732 4025 829 4088 sua
861 4008 1049 4088 (Apoc.
1082 4009 1239 4088 I,_16)
1268 4023 1279 4060 :
1333 4014 1389 4061 et
1422 4008 1494 4088 de
1526 4006 1900 4088 adventuyel

253 4082 569 4150 praesentia
586 4080 813 4143 Christi,
839 4080 981 4149 quia
1005 4077 1331 4150 perfaciem
1349 4079 1603 4150 quisque
1624 4077 1902 4134 manifes-

254 4158 408 4206 tatur
438 4157 619 4222 atque
642 4151 1021 4219 cognoscitur
1045 4170 1058 4217 ;
1087 4156 1143 4205 et
1172 4150 1245 4222 de
1286 4150 1539 4205 Ecclesia
1566 4156 1759 4222 potest
1786 4150 1901 4222 hoc

250 4223 459 4294 accipi,
488 4220 582 4276 cui
629 4222 803 4276 istam
836 4221 1161 4294 claritatem
1194 4220 1774 4294 Christuspromisit,
1826 4220 1900 4275 de

253 4291 566 4365 qua'dicit,
596 4294 744 4347 Tunc
769 4293 1377 4365 fulgebuntjustisicut
1407 4291 1484 4344 sol
1528 4294 1586 4365 in
1614 4308 1775 4361 regno
1803 4308 1901 4365 pa-

253 4361 359 4419 tris
388 4381 567 4419 eorum
597 4365 825 4435 (Matth.
854 4361 973 4429 i111,
998 4361 1108 4423 43}.
1137 4364 1357 4417 Stellam
1378 4364 1704 4416 matutinum
1730 4361 1898 4435 ,‘ipri-

254 4452 418 4491 mam
450 4436 942 4491 resurrectionem
970 4435 1133 4500 dicit,
1162 4451 1296 4505 quae
1329 4449 1434 4503 per
1460 4434 1711 4503 gratiam
1752 4434 1901 4502 Bap-

253 4507 411 4562 tismi
436 4508 515 4562 tit.
540 4507 714 4562 Stella
735 4506 1027 4561 matutina
1049 4504 1282 4561 noctem
1304 4505 1549 4575 fugat,et
1579 4504 1769 4559 lucem
1791 4519 1901 4575 an:

252 4578 580 4643 nuntiat,id
600 4585 706 4645 est,
730 4582 1048 4650 peccatum
1068 4577 1214 4631 tollit
1234 4574 1556 4644 etgratiam
1586 4575 1794 4650 tribuit
1822 4574 1899 4650 :si

252 4655 451 4705 tamen
470 4656 715 4719 accepta
734 4646 945 4720 'gratia
963 4648 1120 4701 bona
1142 4663 1326 4717 opera
1357 4652 1707 4720 sequantur.
1742 4646 1902 4720 Sicut

252 4722 411 4775 enim
453 4716 737 4789 magnam
754 4716 1025 4775 arborem
1060 4716 1245 4773 virere
1277 4723 1331 4772 et
1354 4716 1608 4772 fructum
1639 4716 1902 4789 nonred-

250 4792 391 4846 dere
414 4786 811 4861 nihilprodest
833 4793 853 4824 ³
889 4790 999 4853 ;sic
1020 4789 1162 4861 nihil
1189 4789 1429 4861 prodest
1449 4789 1736 4861 christum
1760 4786 1898 4861 dici,

252 4867 309 4917 et
334 4858 661 4917 christiana
682 4878 866 4931 opera
892 4876 1006 4913 non
1039 4858 1285 4914 habere.
1323 4862 1386 4913 Et
1410 4860 1542 4913 ideo
1573 4859 1736 4921 dicit,
1770 4858 1902 4911 Con-

250 4934 367 4988 sulo
389 4934 643 4987 tibiame
664 4950 832 4987 emere
864 4934 885 4967 ⁴
917 4948 1114 4985 aurum
1137 4932 1423 4998 conﬂatum
1456 4932 1646 4999 (Apoc.
1682 4932 1897 4998 111,18):

253 5006 312 5060 id
340 5010 449 5072 est,
486 5005 779 5059 contende
813 5010 874 5057 ut
898 5018 1004 5071 pro
1024 5003 1266 5056 nomine
1298 5000 1510 5057 Christi
1542 5000 1773 5072 aliquid
1800 5016 1903 5069 pa-

251 5070 445 5131 tiaris.
476 5076 547 5129 Et
572 5076 801 5146 collyrio
832 5070 1031 5142 inunge
1057 5073 1229 5127 oculos
1258 5080 1375 5126 tuos
1401 5090 1420 5146 ,ξ
1453 5077 1514 5125 ut
1537 5070 1904 5146 quodlihen-

250 5152 337 5202 ter
368 5162 473 5215 per
496 5141 829 5216 Script'uras
860 5141 1191 5209 cognoscis,
1217 5141 1903 5216 opereimpleas.0stium

248 5212 499 5285 apertum
526 5212 637 5271 esse
657 5219 715 5270 in
730 5217 879 5279 cazlo,
916 5217 1051 5271 Novi
1082 5214 1415 5270 testamenti
1446 5213 1797 5285 praedicator
1822 5212 1905 5265 vi-

249 5283 337 5345 dit
361 5288 905 5359 Joannes.[Quibus
919 5287 1106 5342 oculis
1130 5286 1273 5341 vidit
1292 5285 1631 5352 ?Quantum
1655 5284 1732 5339 ad
1752 5283 1903 5353 figu-

317 5416 329 5441 ¹
366 5413 459 5459 Ms.
499 5411 759 5473 Belgicus,
786 5426 897 5473 per,

314 5479 332 5507 ³
366 5476 458 5522 Ms:
495 5467 758 5522 Petrensis
786 5467 1009 5534 Elncipit
1026 5471 1291 5532 sequentia
1320 5470 1379 5517 de
1406 5467 1733 5531 expositione
1765 5468 1902 5529 Apo-

252 5537 471 5597 calypsis
553 5550 649 5584 nec
684 5537 837 5584 aliter
856 5535 964 5582 fere
989 5535 1039 5580 in
1064 5534 1287 5597 caeteris.

310 5591 630 5653 'vltiss.,.‘Von
661 5600 795 5645 enim
836 5610 1078 5653 magnum
1102 5601 1172 5642 est
1199 5594 1437 5642 arborem
1473 5594 1663 5648 vivere,
1698 5596 1743 5641 et
1765 5591 1903 5653 fruc-

248 5666 327 5710 tus
357 5676 461 5709 non
494 5662 719 5709 reddere.
750 5660 839 5709 Sic
862 5656 995 5707 nihil
1026 5656 1249 5718 prodest.

313 5727 331 5755 ⁴
362 5723 523 5781 Mss.,
559 5724 761 5773 consule
787 5722 899 5779 tibi,
934 5735 1037 5769 eme
1072 5734 1103 5768 α
1133 5733 1227 5769 me.

1755 194 2137 253 APPENDIX.

3508 188 3649 251 2426

1997 325 2193 377 ratam
2218 321 2646 389 ostensionem,
2675 336 2793 377 non
2823 320 3038 385 carnis,
3062 318 3167 376 sed
3194 318 3427 376 mentis.
3450 320 3649 385 Quan-

2000 398 2126 448 tum
2158 408 2294 448 vero
2318 393 2394 447 ad
2424 393 2610 463 ipsius
2640 394 3043 449 reiveritatem
3071 408 3203 463 qua:
3230 393 3355 462 jam
3379 391 3439 446 in
3470 407 3647 446 carne

1999 463 2251 517 Domino
2287 470 2613 534 apparente
2644 466 3019 519 manifestata
3057 465 3267 527 fuerat,
3302 479 3417 516 non
3450 463 3643 517 solum

2000 536 2186 589 oculis
2204 536 2400 589 carnis
2416 536 2578 599 vidit,
2610 551 2811 589 verum
2830 537 3008 590 etiam
3024 535 3303 589 manibus
3326 538 3648 588 contrecta-

2002 607 2098 661 vit.
2124 606 2276 670 Quid
2297 622 2434 660 vero
2451 606 2783 675 perostium
2798 606 3142 674 designatur
3159 608 3214 658 in
3228 604 3500 665 hocloco,
3536 605 3647 658 nisi

2004 677 2295 731 mediator
2316 677 2411 731 Dei
2439 682 2492 731 et
2518 677 2832 732 hominum
2867 678 3127 731 Christus
3153 678 3317 730 Jesus
3343 676 3511 746 ‘Iipso
3531 675 3648 730 Do-

2001 749 2428 811 minodicente,
2457 749 2572 818 Ego
2596 764 2711 802 sum
2728 748 2921 803 ostium
2946 749 3125 818 (Joan.
3158 746 3648 816 x,9),etreliqua.

1999 820 2325 897 Jureigitur
2348 834 2470 897 non
2493 819 2787 897 clausum,
2813 819 2915 873 sed
2933 818 3649 897 apertumintuetur,quia

2002 890 2286 945 nimirum
2308 889 2465 944 idem
2499 891 2791 945 mediator
2816 888 3015 945 noster
3043 888 3365 951 nascendo,
3392 888 3651 942 morien-

2002 962 2080 1016 do
2115 962 2341 1015 cunctis
2372 961 2932 1023 ﬁdelibusinnotuit,
2961 960 3104 1031 quia
3135 960 3260 1031 ipse
3276 958 3649 1031 eratredem-

2003 1038 2137 1102 ptor
2164 1031 2393 1087 mundi.
2419 1031 2573 1099 Quid
2589 1048 2693 1102 per
2710 1032 2943 1095 coelum,
2963 1028 3072 1086 nisi
3097 1028 3355 1102 Ecclesia
3378 1028 3653 1102 designa-

2005 1099 2149 1158 tur?
2180 1103 2329 1158 sicut
2381 1103 2506 1173 ipse
2538 1099 2695 1167 dicit,
2732 1104 2932 1157 Caelum
2980 1101 3298 1173 mihisedes
3354 1107 3428 1153 est
3484 1099 3640 1167 (Isai.

2004 1191 2156 1237 va1,
2189 1175 2237 1244 1)
2266 1192 2281 1243 ;
2316 1172 2429 1237 vel,
2456 1175 2659 1229 Anima
2686 1175 2841 1245 justi,
2871 1175 3019 1229 sicut
3048 1172 3330 1229 Salomon
3359 1175 3645 1245 testatur,

2002 1245 2143 1299 sedes
2168 1241 2241 1299 est
2266 1241 2575 1314 sapientiae.
2600 1241 2815 1300 Paulus
2871 1260 3113 1316 quoque
3141 1241 3397 1316 occurrit
3441 1241 3648 1316 dicens

2003 1316 2297 1371 Christum
2332 1312 2437 1370 Dei
2470 1317 2773 1380 Virtutem,
2810 1320 2866 1369 et
2890 1312 3399 1385 Dei—Sapientiam
3442 1312 3483 1383 (l
3516 1313 3648 1385 Cor.

2004 1405 2044 1452 1,
2077 1388 2189 1457 211).
2225 1388 2690 1457 Constatprocul
2722 1387 2906 1441 dubio
2937 1386 3099 1457 quod
3119 1383 3351 1439 coelum
3390 1390 3474 1439 est
3499 1383 3651 1457 elec-

2004 1454 2200 1513 torum
2236 1454 2512 1521 Ecclesia,
2556 1458 2614 1511 in
2647 1474 2769 1529 qua
2791 1454 3007 1512 ostium
3058 1465 3332 1526 apertum
3363 1454 3650 1529 cernitur;

2004 1530 2147 1601 quia
2180 1528 2538 1601 Redemptor
2566 1525 2764 1601 uos—ter
2788 1534 2966 1583 natus
2982 1533 3039 1582 et
3070 1525 3283 1601 passus
3314 1543 3383 1581 ac
3404 1525 3654 1601 resusci-

2007 1598 2162 1655 tatus
2190 1600 2267 1653 ad
2299 1600 2482 1653 caelos
2502 1600 2844 1654 ascendisse
2873 1601 2931 1654 in
2963 1616 3032 1654 ea
3056 1598 3417 1669 praedicatur
3447 1598 3653 1669 etcre-

2007 1671 2184 1725 ditur.
2216 1670 2367 1734 Quid
2396 1677 2594 1724 autem
2624 1671 2684 1724 in
2726 1670 2839 1725 hac
2889 1666 3114 1724 visione
3147 1669 3371 1738 positus
3401 1666 3655 1721 audierit

2006 1743 2287 1805 Joannes,
2323 1741 2659 1795 manifestat
2690 1740 2915 1807 dicens,
2954 1742 3020 1793 Et
3054 1758 3151 1793 vos:
3178 1740 3532 1807 primaquam
3560 1753 3655 1789 au-

2008 1812 2143 1875 divi,
2172 1818 2426 1882 tanquam
2459 1812 2598 1865 tubae
2627 1811 2893 1882 loquentis
2924 1810 3333 1882 mecum,dicens
3366 1810 3432 1880 ¹],
3456 1810 3652 1860 Ascen-

2009 1882 2070 1936 de
2091 1883 2193 1936 huc
2219 1897 2242 1937 ,ο
2274 1879 2526 1946 Quando
2552 1879 2823 1951 apertum
2865 1882 3217 1947 ostenditur,
3248 1879 3519 1951 clausum
3552 1894 3655 1951 an,-

2010 1959 2106 2008 tea
2128 1953 2309 2007 fuisse
2334 1949 2683 2009 hominibus
2705 1953 3143 2008 manifestatum
3173 1950 3499 2007 est.Solium
3516 1949 3650 2017 posi-

2011 2032 2143 2088 tum,
2175 2032 2262 2077 est
2293 2024 2465 2078 sedes
2494 2025 2828 2083 'udicantis.
2861 2038 3038 2092 super
3057 2037 3238 2094 quem
3270 2020 3418 2075 vidit
3452 2018 3656 2073 simili-

2012 2095 2279 2149 tudinem
2310 2041 2560 2149 iasnidis
2592 2101 2648 2149 et
2683 2094 2883 2149 sardii.
2932 2095 3126 2149 Jasnis
3168 2108 3341 2149 aquas
3395 2090 3656 2146 colorem

2012 2095 2279 2150 tudinem
2305 2090 2560 2165 jaspidis
2592 2101 2648 2149 et
2683 2094 2883 2150 sardii.
2932 2090 3126 2165 Jaspis
3168 2108 3361 2165 aquas,
3395 2090 3656 2165 colorem

2010 2166 2210 2229 habet,
2243 2161 2565 2222 et'sardius
2599 2165 2753 2234 ignis
2788 2182 2801 2219 :
2848 2166 2906 2219 in
2938 2161 3307 2219 his—duobus
3351 2161 3657 2233 lapidibus

2012 2236 2135 2293 duo
2174 2237 2401 2307 judicia
2446 2237 2852 2305 intelliguntur
2880 2254 2915 2307 ;7
2948 2251 3138 2307 unum
3178 2234 3512 2307 iquod‘jam
3550 2247 3658 2303 per

2012 2304 2235 2380 aquam
2264 2308 2488 2363 factum
2515 2315 2600 2363 est
2626 2304 2685 2362 in
2729 2306 2980 2380 diluvio,
3032 2306 3194 2380 aliud
3216 2304 3396 2380 quod
3415 2305 3535 2380 erit_
3551 2318 3657 2373 per

2012 2374 2213 2450 ignem
2246 2380 2304 2434 in
2337 2379 2857 2450 consummatione
2887 2374 3119 2450 seaculi.
3161 2374 3363 2450 Potest
3384 2374 3655 2450 hocloco

2012 2444 2068 2506 et
2092 2452 2541 2506 vitaservorum
2568 2452 2666 2505 Dei
2698 2449 2940 2518 intelligi
2975 2466 2989 2513 ;
3023 2448 3165 2519 quia
3194 2448 3271 2503 ad
3321 2444 3654 2500 similitudi-

2012 2537 2151 2577 nem
2186 2537 2359 2592 aqnae
2381 2521 2909 2591 etignisinterdum
2943 2521 3001 2573 in
3022 2521 3149 2592 hac,
3168 2520 3657 2592 vitaomnessau-

2012 2595 2086 2648 cti
2118 2588 2341 2647 habent
2375 2588 2680 2663 prospera,
2707 2592 3004 2646 interdum
3036 2590 3339 2663 patiuntur
3368 2588 3648 2663 adversa.

2013 2665 2119 2734 [Et
2158 2664 2264 2717 iris
2288 2660 2404 2716 erat
2435 2664 2488 2716 in
2520 2660 2755 2717 circuitu
2777 2663 2928 2734 sedis
2963 2662 3163 2734 similis
3192 2660 3391 2714 visioni
3418 2675 3655 2727 smarag-

2008 2732 2151 2788 dini.
2185 2734 2285 2788 lris
2320 2735 2518 2805 itaque
2551 2749 2743 2805 graeca
2774 2733 3080 2803 latinaque
3109 2732 3312 2805 lingua
3337 2746 3511 2805 arcus
3548 2745 3655 2805 vo-_

2010 2812 2198 2868 catur,
2232 2806 2332 2875 qui
2356 2798 2778 2874 in'diepluvim
2811 2798 3101 2874 apparere
3130 2798 3378 2875 videtur.
3422 2804 3480 2854 Et
3511 2798 3657 2870 quid

2012 2892 2117 2946 per
2145 2874 2302 2929 hanc
2327 2876 2432 2928 nisi
2455 2875 3090 2941 reconciliatio,mundi
3118 2874 3484 2946 designatur.
3521 2886 3658 2946 quas

2013 2941 2419 3016 perincarnati
2450 2946 3139 3016 Verbidispensationem
3171 2944 3323 3016 facta
3345 2941 3657 3016 cognosci-

2013 3011 2105 3071 tur
2135 3017 2162 3071 ?
2187 3018 2300 3068 lloc
2323 3022 2474 3069 certe
2508 3016 2554 3067 si
2584 3011 2825 3069 solerter
2847 3015 3173 3086 inspicitur,
3200 3015 3442 3067 effectus
3467 3011 3659 3081 ipsius

2010 3087 2110 3141 iris
2149 3085 2413 3141 indicare
2448 3085 2694 3156 videtur.
2729 3086 2912 3156 Arcus
2951 3085 3161 3156 itaque
3189 3090 3358 3156 tunc,
3375 3087 3656 3156 apparet,

2012 3174 2151 3212 cum
2181 3156 2360 3211 radiis
2389 3154 2526 3210 solis
2548 3154 2855 3211 imbrifera
2887 3154 3291 3209 fuerit'nubes
3328 3155 3649 3208 illustrata.

2015 3230 2145 3284 Sole
2176 3228 2352 3296 igitur
2382 3226 2603 3281 nubem
2636 3227 2981 3289 illustrante,
3016 3225 3206 3291 iris,id
3238 3231 3324 3279 est
3352 3239 3529 3296 arcus
3551 3239 3656 3296 ap-

2012 3293 2249 3369 paruit':
2278 3298 2421 3369 quia
2455 3297 2722 3353 videlicet
2743 3296 3213 3369 PatrisVerbum,
3238 3294 3403 3366 quod
3432 3293 3660 3369 candor

2011 3364 2099 3425 est
2130 3371 2274 3424 lucis
2298 3364 2540 3423 aeternas
2573 3386 2642 3424 ac
2678 3367 2763 3422 sol
2799 3368 3051 3437 iustitiae,
3095 3364 3659 3437 humanamsusci-

2014 3441 2230 3511 piendo
2261 3440 2578 3494 illustravit
2608 3434 3070 3511 naturam,qipsa
3096 3435 3493 3511 humanitatis
3528 3434 3657 3502 ejus

2011 3508 2332 3582 susceptio,
2364 3526 2499 3582 qum
2532 3511 2794 3582 profecto
2825 3508 3016 3582 nubes
3047 3508 3659 3582 apropbetavoc‘atur

2012 3584 2160 3654 (Isai.
2192 3575 2320 3646 'x1x,
2360 3575 2433 3654 ιλ
2474 3575 2877 3654 reconciliatio
2922 3580 3072 3634 facta
3102 3575 3468 3654 ‘es_t_’mundi.
3502 3577 3657 3654 Bene

2012 3644 2209 3709 autem
2230 3644 2709 3722 im'brifera,quia
2726 3651 3009 3705 nimirum
3037 3644 3657 3722 praedicationumelo-

2009 3726 2166 3807 quiis
2198 3726 2392 3807 plena.
2425 3716 2830 3803 Congruenter
2866 3716 3155 3807 siquide'i‘n
3188 3720 3265 3807 ad
3306 3716 3658 3807 reconcilia-

2010 3791 2231 3851 tionem
2261 3795 2511 3849 humani
2541 3794 2771 3865 generis
2798 3794 2854 3847 in
2890 3791 3045 3865 novo
3084 3791 3456 3865 Testamento
3480 3803 3659 3865 arcus

2010 3867 2313 3937 ﬁguratim
2333 3859 2683 3935 appartiisse
2700 3863 3082 3937 describitur:
3104 3864 3203 3937 qui
3223 3862 3280 3915 in
3297 3859 3492 3937 Veteri
3512 3874 3658 3937 quo-

2010 3931 2126 4009 que
2154 3937 2283 3992 ideo
2317 3931 2387 3991 in‘
2406 3931 2663 4009 nubibus
2691 3953 2735 4009 a7
2754 3935 3003 4009 Domino
3036 3931 3261 4005 positus
3294 3931 3656 4009 intelligitur,

2010 4001 2073 4064 lit
2096 4008 2690 4079 postinundationem
2706 4006 2908 4079 diluvii
2926 4001 3369 4079 perr'eumterris
3396 4018 3513 4079 pax,
3530 4001 3661 4079 red:

2009 4073 2137 4136 dita
2167 4084 2724 4150 cognosceretur;ut
2743 4073 2965 4132 scilicet
2989 4078 3116 4146 ejus
3144 4076 3371 4150 visione
3390 4073 3545 4143 pacti
3569 4073 3660 4126 sui

2014 4146 2651 4220 memor'omnipotens
2682 4150 2852 4208 Deus,
2881 4164 3260 4217 nequaquam
3298 4146 3661 4220 ultraaqua-

2008 4238 2143 4277 rum
2166 4213 2564 4276 immensitate
2592 4220 2774 4274 deleri
2809 4213 3027 4273 terrain
3044 4213 3355 4286 pateretur.
3374 4214 3474 4286 Cui
3501 4213 3658 4286 vide-

2009 4293 2140 4348 licet
2167 4294 2391 4347 nomini
2412 4292 2595 4345 siuna
2621 4291 2677 4344 in
2712 4291 2824 4343 tine
2848 4282 3091 4342 additur
3118 4287 3307 4341 littera
3329 4291 3383 4339 et
3406 4284 3537 4338 irini
3567 4282 3661 4336 di-

2009 4364 2407 4435 catur,utique
2426 4363 2535 4416 hoc
2551 4363 2745 4435 ipsum
2762 4359 3166 4435 interpretatio
3182 4372 3392 4435 sonare
3410 4355 3658 4435 videtur:

2008 4451 2149 4490 nam
2181 4425 2378 4503 graeco
2406 4425 2700 4487 vocabulo
2733 4425 3059 4503 aipnvnpax
3100 4427 3469 4503 appellatur.
3501 4428 3565 4503 [Et
3603 4425 3659 4478 in

2010 4497 2451 4576 Veteriquidem
2467 4497 2841 4557 Testamento
2869 4497 3154 4576 Dominus
3174 4499 3245 4576 ad
3265 4501 3381 4551 Noe
3397 4497 3657 4576 aitdicee,

2007 4594 2096 4647 ego
2133 4568 2369 4631 statuam
2390 4582 2603 4644 pactum
2646 4590 2817 4647 meum
2838 4571 3143 4647 "vobiscum
3176 4568 3330 4647 (Gen.
3378 4584 3457 4647 x1,
3597 4569 3661 4647 Et

2010 4638 2345 4703 dotandum
2370 4638 2555 4715 quam
2572 4649 2713 4713 apta
2745 4638 3663 4715 sittignrarnnieontextio.Quia

2008 4720 2167 4773 enim
2194 4712 2451 4787 fulgura,
2474 4712 2650 4787 voces
2674 4719 2734 4787 et
2766 4712 3111 4787 tonitruade
3135 4712 3662 4787 _t_hronotanquam

2008 4790 2082 4844 de
2114 4783 2624 4858 nube'procedere
2670 4786 2727 4858 in
2760 4783 3267 4858 subsequentibus
3319 4786 3658 4858 narrantur,

2009 4851 2425 4915 convenienter
2438 4857 2533 4913 hic
2549 4856 2865 4912 irradiante
2882 4851 3005 4909 sole
3021 4869 3192 4909 arcus
3210 4851 3659 4907 similitudinem

2010 4932 2168 4986 idem
2202 4932 2450 4985 thronus
2501 4928 2836 4983 reddidisse
2894 4932 3207 4981 narratur:
3242 4925 3347 4995 qui
3390 4922 3663 4995 videlicet

2011 5019 2205 5065 arcus,
2235 5018 2371 5056 cum
2406 5000 2483 5053 sit
2505 5001 2719 5054 diversi
2739 4998 2979 5060 coloris,
2997 4994 3661 5067 resplendeatqueprin-

2012 5074 2276 5143 cipaliter
2304 5072 2564 5135 duobus,
2584 5071 2639 5124 id
2669 5076 2775 5133 est,
2804 5085 2977 5143 aqua:
3006 5076 3060 5123 et
3091 5064 3264 5136 ignis,
3299 5082 3367 5143 ac
3388 5064 3662 5143 designe-

2010 5133 2105 5200 tur
2126 5161 2230 5215 per
2251 5133 2607 5203 diluvium",
2640 5157 2708 5196 ac
2732 5133 3140 5215 sub-sequens
3166 5154 3269 5215 per
3309 5138 3508 5205 ignem
3533 5133 3660 5197 ;hic

2012 5209 2213 5271 tam-en
2235 5230 2354 5270 non
2377 5214 2671 5268 immerito
2691 5211 2906 5267 visioni
2929 5209 3336 5277 smaragdina:
3352 5221 3664 5277 compara-

2072 5342 2087 5370 ί
2115 5340 2241 5399 Quae
2276 5338 2533 5387 uncishic
2568 5338 2904 5390 inclusimus.
2942 5338 3081 5385 sicut
3115 5340 3165 5384 et
3202 5334 3338 5382 infra
3380 5336 3493 5399 tota
3520 5346 3657 5381 vers.

2010 5405 2038 5451 3
2067 5395 2344 5464 expositio.
2380 5416 2541 5463 quam
2583 5402 2736 5462 signo
2790 5400 2978 5448 eodem
3010 5398 3373 5464 distinximus,
3408 5395 3665 5464 absunta

2010 5459 2461 5513 Mss'l’etreusi'et
2490 5459 2697 5525 Belgico
2727 5478 2737 5517 ;
2777 5463 3123 5524 adjectasunt
3150 5474 3216 5508 cx
3242 5459 3506 5507 Ambrosii
3537 5460 3662 5507 Aut-

2011 5528 2145 5591 perti
2180 5526 2314 5591 libro
2340 5530 2377 5591 37
2402 5526 2455 5573 in
2482 5526 2881 5591 Apocalypsim.

2072 5592 2089 5620 ²
2110 5589 2301 5637 Sanius
2358 5582 2897 5648 Apud-Ambrosium
2952 5588 3277 5648 Autpertum
3314 5598 3324 5631 :
3357 5582 3666 5648 Designetur

2008 5666 2103 5713 per
2140 5666 2253 5698 eum
2278 5650 2360 5698 vel
2387 5645 2683 5713 Baptismus
2700 5664 2844 5712 aqua
2864 5654 2908 5698 et
2935 5645 3164 5711 Spiritus
3199 5647 3382 5702 sancti,
3415 5645 3496 5694 vel
3514 5645 3665 5709 judi-

2013 5712 2144 5764 tium
2168 5712 2448 5779 precedens
2478 5712 2748 5768 diluvium,
2773 5715 2871 5760 etc.
