4140 6208
307 186 448 247 2433

298 316 436 374 rufo
453 317 511 371 et
530 328 761 371 sessore
784 314 835 385 ej
846 330 913 369 us
930 313 1088 387 bella
1100 316 1237 369 sunt
1249 312 1586 385 signiﬁcata
1596 328 1731 387 quae
1753 315 1953 375 futura

301 387 805 459 sunltimoﬁunt,
833 402 977 459 cum»
992 385 1125 459 jam
1157 400 1305 455 gens
1346 392 1550 456 surgat
1574 385 1782 445 centra
1812 405 1952 459 gen-

298 462 439 512 tem.
468 457 578 512 Per
606 455 1152 530 equum‘pallidum
1179 464 1233 513 et
1256 474 1547 530 sessorem
1581 459 1731 530 ejus,
1766 455 1949 530 pestis

298 534 605 602 magnaet
634 526 965 583 mortalitas
994 528 1285 602 signatur.
1314 529 1387 602 Et
1418 526 1670 601 infernus
1697 526 1950 602 sequitur

294 598 461 657 illum
486 616 502 652 :
529 598 588 653 id
624 606 729 664 est,
763 605 1080 670 exspectat
1108 598 1558 656 devoratiouem
1599 598 1945 658 multorum.

292 672 519 726 Etcum
573 669 1162 743 aperuisset’sigillum
1209 672 1479 743 quintum,
1522 672 1641 727 vidi
1685 673 1782 727 sub
1845 691 1947 728 ara

293 742 396 798 Dei
413 743 628 796 animas
650 741 1076 809 interfectorum.
1105 741 1283 796 Aram
1314 742 1750 799 DeiEcclesiam
1782 743 1944 811 dicit,

294 813 407 868 sub
421 812 593 882 cujus
608 812 797 884 oculis
815 819 1106 884 martyres
1121 811 1314 884 eﬂecti
1332 819 1490 868 sunt.
1512 814 1946 872 Etlicetanimae

292 891 641 940 sanctorum
669 882 730 937 in
756 882 1039 954 paradiso
1089 882 1480 956 sint,_rtamen
1523 886 1667 956 quia
1697 887 1945 954 sanguis

291 961 637 1011 sanctorum
662 969 842 1024 super
871 959 1089 1009 terram
1116 954 1401 1024 funditur,
1426 954 1667 1011 sub’ara
1681 956 1944 1014 clamare

290 1025 607 1082 dicuntur:
639 1023 789 1079 sicut
816 1024 959 1079 illud
990 1029 1098 1087 est,
1131 1023 1360 1095 Sanguis
1401 1027 1603 1095 fratris
1632 1028 1717 1082 tui
1740 1027 1936 1083 clamat

288 1097 362 1152 ad
378 1113 455 1151 me
474 1095 537 1150 de
558 1100 710 1151 terra
727 1095 882 1165 (Gen.
911 1111 992 1169 1v,
1021 1098 1129 1165 tO).
1152 1096 1356 1150 Etcum
1374 1099 1669 1169 aperuisset
1694 1098 1933 1169 sigillum

286 1174 518 1241 sextum,
546 1172 708 1241 terrae
732 1174 908 1241 motus
930 1168 1116 1241 factus
1134 1174 1208 1221 est
1241 1183 1462 1236 magnus
1501 1185 1519 1222 :
1543 1168 1603 1223 id
1624 1175 1715 1224 est
1746 1168 1939 1241 perse-

288 1239 447 1294 cutio
479 1239 826 1309 novissima.
858 1237 931 1292 Et
955 1237 1032 1291 sol
1068 1240 1244 1307 factus
1273 1245 1347 1309 est
1376 1240 1532 1309 niger
1571 1242 1713 1295 sicut
1746 1237 1943 1296 'saccus

291 1309 569 1381 eilicinus,
604 1314 654 1381 et
675 1308 803 1363 luna
827 1309 979 1378 facta
1008 1315 1084 1363 est
1108 1314 1220 1381 tota
1247 1308 1387 1363 sicut
1406 1312 1659 1381 sanguis,
1687 1318 1736 1366 et
1772 1312 1941 1368 stellze

288 1380 603 1438 ceciderunt
628 1379 689 1433 in
712 1386 938 1433 terram.
960 1379 1134 1445 Quod
1185 1386 1274 1435 est
1331 1379 1421 1435 sol
1452 1379 1531 1436 et
1556 1382 1721 1447 luna,
1750 1382 1865 1438 hoc
1885 1391 1943 1440 et

289 1450 487 1516 stellae,
520 1451 581 1505 id
603 1457 693 1506 est
716 1450 1018 1522 Ecclesia:
1043 1449 1144 1505 sed
1177 1466 1213 1505 a
1245 1454 1366 1507 toto
1396 1467 1537 1522 pars
1576 1452 1937 1521 intelligitur.

288 1524 414 1578 Non
434 1523 594 1593 enim
619 1527 738 1593 tota
766 1520 1048 1593 Ecclesia,
1079 1522 1183 1576 sed
1199 1522 1304 1593 qui
1328 1520 1472 1577 mali
1502 1530 1638 1579 sunt
1659 1523 1718 1578 in
1746 1520 1942 1579 Eccle-

287 1594 396 1667 sia,
430 1592 546 1664 ipsi
576 1592 799 1667 eadunt
824 1592 897 1647 de
929 1592 1105 1667 (ιειειο.Δ
1127 1592 1335 1667 Totam
1363 1600 1564 1667 autem
1596 1596 1766 1660 dixit,
1797 1594 1939 1667 quia

286 1665 349 1719 in
377 1668 494 1719 toto
520 1664 665 1736 orbe
696 1670 988 1736 terrarum
1027 1663 1133 1719 erit
1155 1664 1483 1736 novissima
1511 1663 1941 1736 persecutio.Et

287 1740 429 1790 tunc
453 1734 556 1806 qui
579 1734 723 1806 justi
744 1733 980 1806 fuerint,
986 1735 1433 1806 permanebunt
1455 1733 1797 1793 in'Ecclesia
1815 1744 1940 1794 tan-

289 1804 487 1877 quam?
508 1805 567 1860 in
599 1804 749 1877 coelo
777 1822 788 1854 :
823 1804 1219 1877 cupidivero,
1245 1806 1449 1877 injusti
1481 1812 1536 1862 et
1564 1808 1817 1863 adulteri
1845 1824 1936 1865 ac-

287 1876 596 1951 quiescere
616 1876 842 1931 habent
871 1876 1205 1951 sacriﬁcare
1221 1876 1577 1951 diaboio.AEt
1602 1885 1739 1951 tunc
1756 1880 1857 1951 qui
1876 1895 1938 1936 se

286 1946 643 2003 christianos
673 1962 801 2002 esse
832 1946 1028 2002 verbis
1046 1948 1463 2004 tantummodo
1477 1946 1796 2017 dicebant;
1810 1956 1938 2006 tan-

335 2034 475 2073 uam
504 2018 685 2073 stellae
715 2017 931 2073 cadent
958 2017 1034 2072 de
1091 2017 1262 2085 caelo,
1293 2019 1457 2089 quod
1505 2025 1596 2074 est
1645 2021 1927 2077 Ecclesia.

335 2034 475 2073 uam
504 2033 685 2073 stellas
715 2033 931 2073 canent
958 2033 1034 2072 oe
1091 2033 1262 2085 οωιο,
1293 2033 1457 2089 quon
1505 2033 1596 2074 est
1646 2033 1923 2077 Ecclesxa.

285 2033 440 2145 gicut
465 2089 602 2161 ﬁcus
626 2104 817 2161 mugno
871 2095 1023 2143 vento
1045 2089 1256 2161 agitata
1296 2090 1465 2145 mittit
1521 2107 1731 2159 grossos
1773 2108 1923 2149 suos.

286 2159 583 2231 Agitatam
610 2159 910 2224 arbusem,
944 2160 1215 2214 Ecclesiae
1245 2164 1654 2286 comparavit;
1685 2169 1934 2220 ventum

286 2246 598 2286 magnum.
632 2230 1025 2286 nersecutioni
1054 2248 1068 2286 :
1093 2246 1358 2286 arossos.
1427 2232 1723 2286 ominibus
1739 2234 1929 2286 malis.

284 2230 598 2303 magnum,
631 2230 1025 2303 persecutioni
1054 2248 1068 2297 ;
1093 2230 1723 2303 grossos,hominibus
1739 2234 1930 2300 malis,

286 2301 742 2375 guiexcutiendi
764 2308 903 2375 sun;
925 2309 978 2355 et
1007 2302 1292 2375 recessuri
1324 2302 1401 2375 ab
1432 2303 1708 2360 Ecclesia.
1730 2306 1807 2359 Et
1830 2321 1933 2360 cav-

287 2371 397 2428 lum
421 2374 635 2428 recessit
664 2379 726 2427 ut
750 2372 1026 2429 involutus
1048 2371 1212 2427 liber.
1272 2376 1333 2428 Et
1362 2374 1476 2429 hoc
1522 2375 1656 2430 loco
1713 2377 1932 2432 caelum

285 2445 610 2522 Ecclesium
629 2444 939 2522 dicit,quse
966 2459 1002 2499 a
1028 2443 1203 2522 malis
1223 2444 1548 2522 receditLet
1563 2447 1717 2522 intra
1737 2463 1798 2522 se
1817 2447 1933 2503 sibi

285 2515 394 2571 soli
426 2520 569 2596 nota
597 2514 877 2596 mysteria
903 2514 1185 2579 continet,
1239 2516 1389 2596 sicut
1433 2515 1585 2596 liber
1610 2517 1930 2584 involutus,

284 2585 1024 2660 queminiquiintelligere
1045 2601 1153 2660 nee
1172 2586 1374 2660 volunt
1394 2588 1779 2660 omnino,nec
1796 2604 1933 2660 pos-

286 2656 447 2713 sunt.
465 2658 530 2712 Et
542 2656 713 2712 omnis
735 2673 889 2711 mons
918 2663 969 2711 et
998 2657 1190 2712 insulze
1219 2656 1287 2713 de
1311 2657 1438 2712 locis
1462 2660 1578 2712 suis
1596 2666 1751 2714 metm
1779 2656 1928 2715 sunt.

286 2728 457 2791 Quod
487 2730 725 2792 caelum,
747 2727 862 2783 hoc
894 2734 1145 2791 montes,
1176 2728 1291 2783 hoc
1321 2729 1529 2784 insulas
1551 2730 1927 2798 signiﬁcant;

283 2798 343 2854 id
370 2804 458 2855 est
478 2799 803 2871 Ecclesiam
824 2798 983 2854 facta
1006 2798 1777 2871 novissimaipet‘secutione
1803 2818 1931 2857 om-

284 2885 424 2925 nem
454 2870 528 2925 de
557 2870 687 2943 loco
701 2885 810 2924 suo
834 2870 1173 2943 recessisse,
1205 2870 1330 2943 sive
1351 2870 1415 2943 in
1439 2870 1615 2943 bonis
1642 2872 1929 2943 fugiendo

283 2942 779 3012 persecutionem,
806 2941 931 2995 sive
953 2941 1012 2994 in
1037 2940 1209 2995 malis
1227 2941 1365 2995 ﬁdei
1386 2941 1675 2998 cedendo.
1693 2940 1806 2998 Sed
1830 2960 1930 3013 po-

284 3018 398 3068 test
419 3013 477 3067 in
511 3018 827 3085 utramque
846 3018 1075 3085 partem
1104 3012 1449 3085 convenire
1459 3014 1649 3085 ;iquia
1681 3018 1739 3068 et
1762 3012 1932 3085 bene

282 3098 428 3164 pars
453 3082 826 3164 moveturlde
853 3083 987 3164 loco
1005 3082 1414 3164 suo,_fugieu_s,
1435 3082 1495 3164 id
1521 3082 1628 3148 est,
1651 3084 1929 3164 amittens

281 3152 428 3209 illud
460 3154 624 3218 quod
651 3153 833 3208 habet
864 3170 878 3209 :
912 3154 1064 3208 sicut
1091 3152 1261 3218 illud,
1309 3153 1524 3208 Movebo
1551 3153 1930 3210 candelabrum

287 3230 437 3280 tuum
460 3224 522 3280 de
553 3225 661 3280 loco
680 3241 775 3279 suo
805 3224 1070 3296 (Apoc.u,
1101 3230 1180 3293 5).
1212 3225 1284 3279 Et
1298 3241 1446 3295 reges
1464 3232 1629 3280 terrae
1654 3233 1703 3280 et
1722 3228 1927 3296 magis-

286 3302 465 3351 tratus
481 3315 501 3351 :
518 3311 705 3365 reges,
726 3295 996 3367 potentes
1006 3295 1280 3351 homines
1293 3296 1641 3367 accipimus.
1665 3298 1746 3352 Ex
1762 3295 1929 3353 omni

285 3368 447 3422 enim
476 3367 668 3435 gradu
712 3372 767 3421 et
795 3367 1136 3422 conditione
1191 3374 1611 3422 convertentur
1639 3368 1717 3422 ad
1740 3367 1931 3423 Chris-

285 3443 433 3494 tum.
466 3434 755 3494 Cteterum
782 3438 886 3509 qui
917 3443 1056 3509 tunc
1086 3452 1258 3506 reges
1282 3443 1475 3503 erunt,
1507 3442 1721 3509 praeter
1740 3454 1929 3495 unum

282 3514 747 3580 persecutorem,
778 3508 1167 3567 absconderant
1212 3525 1266 3563 se
1310 3509 1369 3564 in
1395 3508 1663 3580 speluncis
1681 3516 1732 3564 et
1758 3510 1932 3580 petris

282 3581 568 3651 montium.
602 3580 959 3651 Confugiunt
980 3596 1192 3636 omnes
1222 3582 1281 3634 in
1299 3581 1577 3651 praesenti
1603 3580 1823 3636 saeculo
1851 3581 1930 3637 ad

280 3650 459 3706 ﬁdem
492 3649 784 3720 Ecclesiae,
827 3658 882 3706 et
905 3649 1346 3723 inuabscondit'o
1372 3652 1656 3723 mysterio
1675 3652 1931 3723 Scriptu-

278 3737 486 3777 rarum
512 3727 931 3790 conteguntur.
954 3721 1029 3776 Et
1052 3721 1266 3787 dicunt,
1291 3721 1487 3777 Cadite
1512 3739 1530 3776 :
1557 3721 1619 3776 id
1639 3721 1928 3791 est,tegite

287 3808 417 3857 nos,
450 3793 525 3848 Et
548 3792 849 3848 abscondite
868 3808 963 3847 nos
991 3811 1012 3847 :
1032 3793 1091 3846 id
1119 3797 1225 3857 est,
1262 3798 1323 3847 ut
1350 3792 1531 3848 homo
1553 3798 1720 3848 vetus
1757 3810 1793 3848 a
1829 3793 1928 3849 Dei

276 3837 1247 3920 ὄὲιῖἰίξ’ἒῦὲέἷιῖἇέῑιέιῖζῖιῶίῐὲῗι
1264 3837 1929 3931 ’ὄιῖἷῖὸ’ξίίέἷι’ἲιῖιιῖτιῖιῖεἰ

268 3934 587 4004 judicium,
615 3935 979 3991 convertitur
1025 3934 1102 3989 ad
1140 3941 1393 3999 montes,
1426 3933 1489 3990 id
1514 3940 1598 3990 est
1620 3934 1696 3990 ad
1729 3936 1927 3990 Eccle-

274 4007 445 4076 siam,
470 4013 534 4062 ut
572 4004 1025 4062 abscondantur
1075 4010 1319 4077 peccata
1357 4021 1468 4077 sua
1496 4021 1603 4077 per
1629 4007 1926 4076 poeniten-

270 4076 415 4149 tjam
442 4078 501 4132 in
534 4077 810 4149 praesenti
850 4075 1140 4149 tempore,
1165 4092 1239 4131 ne
1258 4076 1333 4149 in
1355 4075 1554 4149 futuro
1579 4075 1924 4149 puniantur.

223 4205 226 4208 ,
272 4147 448 4219 Donec
468 4147 736 4219 signemus
757 4164 934 4203 servos
960 4147 1066 4202 Dei
1093 4147 1268 4202 nostri
1307 4147 1369 4219 in
1396 4147 1675 4219 frontibus
1699 4164 1881 4204 eorum
1903 4166 1920 4205 :

269 4217 589 4274 Ecclesia‘m
622 4218 933 4274 denuntiat
967 4234 981 4284 ;
1013 4223 1068 4273 et
1088 4219 1228 4273 dicit
1254 4217 1428 4273 malis
1459 4219 1829 4283 hominibus,
1862 4220 1923 4275 id

270 4296 359 4346 est
389 4289 647 4361 sinistrae
670 4291 819 4361 parti
844 4289 1103 4354 laedenti,
1135 4291 1219 4346 Ne
1247 4290 1466 4345 laeseris.
1498 4292 1753 4361 Hascest
1785 4305 1919 4356 vox,

268 4376 402 4433 quae
428 4362 489 4416 in
515 4360 717 4416 medio
742 4367 1001 4433 quatuor
1017 4360 1525 4433 animaliumdicit
1545 4360 1803 4426 laedenti,
1832 4361 1924 4417 Vi-

265 4431 401 4487 num
431 4439 479 4505 et
509 4434 686 4505 oleum
707 4431 1026 4505 nelzeseris:
1053 4431 1113 4486 in
1144 4433 1283 4487 vino
1307 4431 1557 4505 et_oleo,_
1576 4447 1787 4488 omnes
1814 4434 1920 4505 qui

267 4508 406 4574 sunt
432 4503 574 4574 justi
598 4502 1023 4572 intelliguntur,
1057 4518 1210 4573 quos
1232 4517 1342 4558 nec
1357 4501 1634 4558 diabolus
1652 4518 1761 4559 nec
1777 4501 1920 4559 mali

265 4573 546 4645 homines
579 4574 795 4630 laedere
825 4579 1125 4645 poterunt,
1170 4574 1286 4629 nisi
1332 4574 1565 4645 quoties
1597 4574 1673 4630 ad
1709 4590 1916 4630 eorum

267 4644 685 4727 probationem
736 4644 1293 4727 permiserit_Deus_,
1354 4644 1574 4711 Vinum,
1621 4646 1837 4727 inquit.
1871 4653 1921 4701 et

264 4716 441 4772 Oleum
468 4733 534 4771 ne
564 4716 809 4771 laeseris:
837 4716 1410 4787 praecipitDominus
1430 4731 1675 4773 omnem
1698 4716 1918 4774 terram

266 4787 820 4859 suamispiritualem
834 4786 951 4842 non
966 4786 1920 4859 1aédi,quousqueomnessignen-

265 4861 372 4913 tur.
408 4858 489 4913 Et
518 4858 714 4912 audivi
742 4874 1026 4913 numerum
1056 4858 1417 4928 signatorum,
1440 4863 1648 4913 centum
1678 4859 1919 4928 quadra-

260 4931 685 5001 gintaiquatuor
708 4929 1149 5001 milliaisignati
1189 4946 1256 4983 ea:
1302 4929 1448 4983 omni
1479 4930 1634 5001 tribu
1675 4931 1915 4999 ﬁliorum

261 4998 473 5072 Israel:
494 5003 737 5072 Cautum
767 4998 1164 5072 quadraginta
1196 5006 1453 5072 quatuor
1483 4998 1687 5067 millia,
1714 5001 1915 5058 omnis

262 5071 513 5143 omnino
562 5070 827 5143 Ecclesia
873 5075 981 5125 est.
1042 5070 1233 5126 Postea
1279 5070 1416 5138 vidi,
1472 5077 1525 5127 et
1555 5086 1663 5126 ecce
1691 5072 1917 5143 populus

262 5141 484 5214 multus,
516 5158 667 5214 quem
696 5142 1045 5214 dinumerare
1074 5158 1247 5214 nemo
1296 5149 1534 5210 poterat,
1582 5141 1915 5214 exiom'nibus

259 5213 506 5284 gentibus
526 5212 579 5269 et
600 5213 820 5284 populis
837 5221 885 5268 et
905 5212 1106 5284 linguis
1124 5231 1145 5268 :
1167 5228 1284 5284 non
1308 5214 1473 5277 dixit,
1498 5214 1633 5269 Post
1655 5212 1775 5269 haec
1795 5214 1915 5270 vidi

262 5282 449 5340 alium
470 5282 761 5356 populum
786 5285 941 5350 ;sed,
956 5282 1075 5356 vidi
1097 5282 1415 5355 populum,
1434 5284 1509 5356 id
1524 5289 1616 5341 est
1632 5284 1914 5341 eumdem

259 5370 443 5427 quem
461 5354 691 5428 viderat
715 5356 775 5428 in
803 5354 1082 5428 mysterio
1095 5354 1333 5428 centum
1349 5354 1753 5428 quadraginta
1768 5372 1913 5428 quag

258 5425 397 5482 tuor
418 5425 693 5490 millium,
725 5425 886 5481 hunc
939 5425 1081 5482 vidit
1110 5425 1612 5483 innumerabilem
1645 5442 1715 5482 ex
1747 5425 1915 5483 omni

261 5496 419 5553 tribu
450 5503 513 5569 et
523 5496 731 5569 lingua
752 5503 816 5569 et
844 5503 1036 5569 gente,
1062 5498 1203 5568 quia
1217 5512 1427 5569 omnes
1453 5501 1658 5569 gentes
1678 5499 1914 5554 insertas

262 5567 598 5624 suntradici
619 5567 944 5625 credendo.
979 5567 1267 5624 Dominus
1289 5567 1348 5622 in
1382 5567 1697 5637 Evangelia
1728 5574 1914 5626 totam

260 5637 585 5710 Ecclesium
608 5645 732 5710 tam
754 5639 829 5695 de
852 5638 1072 5695 tudinis
1097 5653 1284 5710 quam
1301 5638 1376 5694 de
1402 5637 1707 5710 Gentibus,
1734 5640 1794 5695 in
1818 5642 1916 5697 tri-

260 5707 463 5768 bubus
496 5709 674 5769 Israel
705 5710 1019 5768 duodecim
1049 5707 1440 5780 demonstrat,
1468 5707 1719 5768 dicens:
1753 5710 1914 5773 Sede-

1816 180 2195 250 APPENDIX.

3572 198 3714 267 2434

2063 318 2188 395 bilis
2207 336 2368 395 super
2382 320 2653 395 duodecim
2667 322 2910 389 thronos,
2928 324 3156 395 judican
3165 333 3242 382 tes
3254 328 3525 389 duodecim
3538 334 3715 391 tribus

2062 390 2471 472 I_srael(Mett_h._
2487 410 2607 472 xix,
2631 396 2793 472 28).1_i
2805 390 2964 472 mictti
2973 396 3126 472 stolis
3135 398 3275 472 ειη)τέ
3289 419 3308 454 .·
3322 403 3503 458 stolas
3516 390 3707 472 albas,

2059 462 2574 545 donumSpiritus
2597 462 2786 545 sancti
2807 467 3095 545 intelligit.
3124 470 3194 545 Et
3219 462 3705 545 enznesangelista:

2060 531 2233 618 banta
2258 531 2491 614 circuitu
2510 536 2695 618 threni
2712 554 2729 589 :
2742 531 3544 618 angelos,'Ecele_siam_dicit;
3566 549 3710 618 quia

2057 611 2270 685 praeter
2293 606 2489 685 ipsam
2541 607 2879 685 nihil_aliu_d_
2921 609 3413 685 describebat.rlit
3430 606 3710 685 respondit

2056 674 2195 752 milti
2224 692 2363 752 unus
2384 676 2451 730 de
2483 677 2784 752 senioribus
2817 678 2999 752 dicens
3027 701 3047 749 ;
3090 682 3195 735 Isti
3244 684 3339 752 qui
3366 674 3553 740 amicti
3580 695 3708 742 sunt

2053 745 2207 827 stolis
2229 746 2387 827 uitiis,
2405 748 2501 827 qui
2510 756 2640 827 sunt
2724 750 2968 827 Unusde
2994 745 3326 827 senioribus
3338 758 3437 826 qui
3455 773 3707 827 respon—

2054 816 2158 895 dit,
2189 816 2456 895 ofﬁcium
2481 821 2704 895 indicat
2733 822 3111 895 sacerdotum
3140 839 3154 888 ;
3183 825 3326 894 quia
3357 816 3703 895 Ecclesium,

2054 886 2117 941 id
2132 961 2136 962 ν
2149 894 2244 962 est
2252 889 2543 962 populum
2566 891 2904 946 inEcclesia
2921 886 3157 957 docent,
3177 886 3308 962 quae
3335 898 3406 952 sit
3426 914 3550 953 rem
3562 886 3703 956 une;

2051 958 2206 1038 ratio
2230 958 2454 1014 laboris
2486 968 2829 1038 sanctorum
2858 978 2869 1017 :
2899 965 3124 1038 dicens,
3156 958 3231 1018 Hi
3260 972 3385 1038 sunt
3420 970 3516 1038 qui
3556 986 3707 1025 vene-

2052 1037 2186 1084 runt
2203 1046 2269 1083 ea:
2282 1046 2476 1101 magna
2517 1033 2893 1098 tribulatione,
2925 1042 2974 1089 et
3001 1034 3247 1090 laverunt
3275 1033 3443 1091 stolas
3478 1056 3608 1095 suas
3640 1044 3701 1096 in

2049 1103 2312 1183 sanguine
2327 1103 2475 1183 agni:
2505 1106 2632 1159 Non
2655 1105 2836 1183 enim,
2863 1109 2926 1183 u_t
2955 1105 3137 1183 aliqui
3161 1113 3390 1183 putant,
3411 1118 3704 1183 martyres

2051 1170 2159 1251 soli
2182 1170 2477 1251 sunt,_sed
2507 1176 2707 1251 omnis
2735 1176 2991 1251 populus
3012 1170 3071 1231 iri
3098 1170 3385 1251 Ecclesiaf
3414 1170 3704 1251 quiahon

2050 1241 2110 1295 in
2144 1243 2439 1316 sanguine
2489 1260 2599 1300 suo
2650 1241 3063 1302 dixit'lavisse
3094 1248 3275 1304 stolas
3316 1241 3480 1316 suas,
3511 1252 3617 1307 sed
3641 1254 3703 1308 in

2050 1314 2529 1390 sanguineagni,
2569 1316 2631 1371 id
2652 1322 2739 1371 est
2763 1316 2821 1370 in
2837 1318 3026 1390 gratia
3049 1318 3147 1372 Dei
3172 1335 3271 1390 per
3289 1314 3493 1377 Jesum
3514 1323 3704 1379 Chris-

2050 1387 2171 1460 tum
2198 1386 2514 1460 Domin‘um
2546 1392 2838 1460 nostrum,
2865 1386 3327 1460 sicutscriptum
3354 1397 3463 1446 est.
3496 1395 3561 1448 Et
3577 1411 3702 1449 san-

2047 1454 2168 1534 guis
2186 1454 2345 1534 Filii
2370 1454 2483 1524 ejus
2500 1457 2784 1534 mundavit
2806 1475 2899 1512 nos
2938 1459 2986 1528 (Ι
3007 1454 3228 1534 λοᾳηξι,
3260 1462 3371 1532 72).
3400 1465 3475 1534 Et,
3503 1465 3596 1534 qui
3618 1483 3701 1520 se-

2047 1525 2134 1579 det
2173 1526 2232 1579 in
2255 1525 2467 1592 throno,
2493 1527 2677 1601 habita
2699 1545 2860 1601 super
2906 1525 3000 1601 eos
3029 1548 3049 1584 :
3081 1532 3192 1601 ipsi
3224 1525 3382 1587 enim
3448 1525 3700 1591 thronus

2051 1602 2211 1669 sunt,
2246 1612 2429 1669 super
2447 1614 2601 1669 quos
2631 1599 2863 1656 habitat
2890 1600 3045 1655 Deus
3078 1599 3134 1655 in
3167 1602 3407 1667 saecula,
3433 1604 3490 1658 id
3521 1611 3613 1661 est
3638 1608 3698 1662 in

2048 1666 2339 1742 Ecclesia;
2365 1666 2547 1740 Neque
2570 1670 2716 1725 cadet
2740 1688 2904 1740 super
2922 1683 3004 1725 eos
3018 1672 3113 1734 sol,
3137 1688 3302 1742 neque
3324 1666 3525 1731 aestus:
3548 1681 3701 1733 sicut

2047 1737 2193 1792 dicit
2216 1738 2412 1817 _l_sai_as
2430 1737 2513 1817 de
2546 1737 2822 1817 Ecclesia;
2846 1744 2974 1817 Erit
2992 1743 3050 1795 in
3071 1737 3262 1797 umbra
3287 1744 3353 1798 ab
3377 1752 3511 1801 aestu
3539 1746 3693 1817 (Isai.

2044 1824 2183 1885 μιν,
2206 1812 2287 1885 4)ἶ
2319 1810 2383 1864 Et
2406 1810 2623 1885 deducet
2660 1812 2731 1866 ad
2764 1813 2891 1885 vita:
2942 1813 3112 1884 fontes
3139 1831 3406 1885 aquarum
3433 1835 3453 1871 :
3484 1810 3694 1875 omnia

2043 1879 2175 1956 hinc
2215 1880 2395 1956 etiam
2442 1882 2504 1936 in
2554 1884 2839 1956 praesenti
2902 1879 3024 1956 vita
3077 1879 3459 1956 spiritualiter
3508 1889 3696 1944 Eccle-

2047 1951 2147 2005 sim
2199 1952 2481 2029 eveniunt
2520 1951 2572 2029 ;ξ
2604 1970 2754 2029 (ιψηΔ
2786 1954 3051 2029 dimissis
3110 1951 3379 2027 ~peccatis
3437 1960 3696 2029 resurgi-

2047 2037 2204 2086 mus,
2233 2026 2289 2094 et
2312 2024 2447 2094 vita:
2479 2022 2693 2094 prioris
2740 2025 3012 2094 lugubris
3059 2022 3140 2081 ac
3191 2029 3404 2083 veteris
3434 2022 3696 2086 hominis

2045 2093 2375 2170 erepoliati,
2397 2094 2455 2170 in
2481 2093 3107 2170 BaptismoAChristum
3131 2097 3530 2166 induimur;et
3550 2116 3696 2170 gau-

2043 2163 2145 2240 dio
2184 2163 3014 2240 sanctiSpiritusimplemur.
3046 2169 3114 2223 Et
3147 2186 3263 2224 cum
3285 2163 3582 2240 aperuisset
3610 2173 3695 2228 si-

2041 2234 2546 2315 giliitmseptimunm,
2574 2234 2780 2315 factum
2809 2246 2882 2315 est
2908 2238 3187 2315 silentium
3214 2234 3428 2315 inc-telo
3453 2261 3474 2297 .°
3493 2243 3555 2298 id
3585 2248 3691 2309 est,

2043 2305 2101 2377 in
2125 2305 2406 2377 Ecclesia.
2449 2305 2615 2371 Quasi
2638 2309 2814 2363 media
2843 2310 2980 2366 hora
3009 2330 3029 2367 :
3057 2311 3116 2365 in
3149 2311 3472 2377 semihora,
3500 2305 3695 2371 osten;

2040 2376 2385 2456 ditinitium
2410 2378 2628 2448 quietis
2657 2386 2914 2456 aeternas.
2953 2382 3025 2436 Et
3073 2382 3192 2436 vidi
3225 2391 3416 2456 septem
3456 2385 3694 2456 angelos.

2038 2446 2133 2523 qui
2150 2455 2295 2523 stant
2311 2450 2367 2523 in
2387 2446 2663 2521 conspectu
2678 2452 2798 2507 Dei.
2818 2453 3056 2523 Septem
3077 2446 3343 2521 angelos,
3370 2446 3692 2513 Ecclesium

2039 2518 2224 2596 dixit,
2244 2520 2353 2596 Qui
2370 2518 2684 2596 acceperunt
2711 2518 2916 2596 septeni
2935 2523 3109 2590 tubas,
3150 2518 3212 2579 id
3238 2518 3335 2580 est
3368 2527 3691 2596 perfectam

2040 2590 2525 2665 praedicationem
2565 2590 2779 2665 :sicut'
2806 2594 3094 2665 scriptum
3152 2601 3259 2661 est,
3310 2590 3524 2663 Esi-alta,
3554 2599 3693 2653 sicut

2039 2660 2189 2739 tuba,
2212 2677 2381 2739 vocem
2415 2663 2695 2739 tuum(l(1.
2713 2680 2881 2739 ivm,
2908 2660 2985 2733 Ι).
3017 2667 3084 2720 Et
3113 2660 3255 2722 alius
3278 2660 3691 2738 angelus—venit,

2038 2737 2090 2784 et
2117 2734 2265 2809 steiit
2292 2740 2416 2786 ante
2434 2734 2611 2787 altare
2633 2734 2659 2786 5
2675 2734 2857 2809 alium
2882 2739 3164 2809 angelum
3194 2734 3373 2809 quem
3388 2740 3549 2804 dicit,
3573 2734 3691 2796 non

2038 2808 2172 2878 pust
2199 2802 2332 2857 illos
2353 2810 2579 2878 septem
2605 2806 2784 2878 venit,
2812 2802 3100 2878 quiaipse
3115 2802 3691 2866 estDominusJesus

2039 2872 2322 2927 Christus.
2361 2872 2568 2951 Habens
2597 2872 2944 2951 thuribulum
2972 2872 3198 2951 a'ureum
3224 2894 3245 2934 .°
3277 2881 3441 2951 quod
3457 2888 3547 2936 est
3564 2897 3691 2937 cor-

2035 2957 2152 3067 Bus
2176 2950 2471 2999 sanctum.
2509 2950 2635 3016 Ipse
2666 2949 2824 3002 enim
2856 2948 3143 3005 Dominus
3174 2948 3363 3005 factus
3394 2958 3479 3007 est
3505 2953 3691 3008 thuri-

2085 3010 2270 3067 ulum.
2294 3030 2367 3067 ex
2395 3031 2518 3067 auo
2540 3019 2690 3067 Deus
2719 3018 2967 3067 odorem
2999 3021 3305 3067 suavitatis
3333 3024 3557 3067 annnnit
3595 3042 3607 3054 ο
3636 3029 3691 3067 ut

2085 3010 2270 3094 ulum,
2294 3030 2375 3094 ex_
2395 3010 2690 3094 quo'Deus
2719 3018 2968 3094 odorem
2999 3021 3305 3094 suavitatis
3333 3024 3563 3094 accepit
3595 3042 3608 3091 ;
3636 3029 3694 3081 et

2036 3084 2330 3165 prOpitius
2352 3084 2931 3165 metusest-mundo,
2952 3091 3097 3165 quia
3115 3090 3328 3165 o_btulit
3346 3084 3610 3165 seipsum
3629 3096 3691 3151 in

2036 3154 2287 3241 nidorem,
2308 3157 2854 3241 suavitatis-(Ephesi.
2908 3154 3076 3241 v.32):
3131 3162 3198 3215 Et
3226 3154 3451 3241 eccepit‘
3471 3165 3693 3241 angelus

2037 3224 2400 3307 ihuribulum,
2431 3231 2483 3282 et
2507 3224 2750 3307 implevit
2779 3229 2919 3307 illud
2947 3246 3011 3284 es:
3039 3230 3166 3301 igne
3191 3224 3397 3307 altaris
3412 3253 3433 3289 .·
3452 3224 3693 3307 accepit

2035 3297 2205 3373 {esus
2231 3313 2468 3373 corpus,
2510 3299 2567 3353 id
2585 3297 2678 3355 est
2704 3297 3127 3373 Ecclesiamget
3155 3304 3233 3356 ad
3259 3297 3689 3373 perﬁciendam

2035 3367 2226 3447 Patris
2276 3367 2664 3447 v_oluntatem,
2724 3370 2994 3441 implevit
3036 3371 3197 3447 illam
3250 3367 3388 3443 igne
3441 3377 3691 3447 Spiritus

2039 3438 2250 3494 sancti.
2276 3440 2356 3495 Et
2381 3442 2541 3511 factis
2568 3448 2694 3516 sunt
2708 3438 2866 3516 ‘voces
2895 3450 2948 3516 et
2992 3446 3246 3516 tonitrua
3278 3438 3337 3499 'et
3362 3438 3598 3516 [ulgura
3639 3454 3690 3502 et

2037 3517 2204 3564 terrae
2228 3512 2670 3568 motus:omnia
2706 3512 2835 3568 haec
2861 3514 3198 3581 spirituales
3237 3512 3372 3571 suni
3413 3512 3688 3574 Ecclesiae

2082 3581 2493 3658 raedicationes
2512 3587 2569 3639 et
2595 3583 2854 3639 virtutes.
2877 3585 2954 3639 Et
2990 3594 3180 3656 septem
3208 3587 3393 3656 angeli
3408 3588 3500 3658 qui
3520 3588 3690 3644 habe-

2069 3658 2165 3726 ent
2188 3653 2578 3726 septem_tubas,
2617 3663 3003 3726 prwpararunt
3041 3653 3096 3711 se
3124 3665 3185 3713 ut
3217 3653 3350 3713 tuba
3384 3653 3639 3715 canerent
3668 3680 3688 3717 .-

2037 3722 2099 3799 Εἰ
2129 3722 2253 3799 est,
2272 3724 2532 3799 Ecclesia
2558 3722 2911 3799 praeparavit
2948 3743 3032 3799 se
3078 3728 3157 3783 ad
3205 3728 3686 3799 praedicandum.

2035 3794 2109 3871 Et
2137 3794 2350 3871 primus
2379 3794 2597 3865 angelus
2620 3796 2750 3871 tuba
2763 3798 2997 3871 cecinit,
3044 3805 3093 3871 et
3115 3794 3273 3867 facta
3300 3808 3375 3854 est
3399 3801 3607 3871 grando
3636 3810 3686 3857 et

2038 3864 2180 3942 ignis
2198 3865 2403 3942 mixtus
2429 3864 2728 3938 sanguine:
2754 3867 2912 3942 {acia
2937 3874 3025 3942 est
3043 3864 3130 3925 ira
3144 3871 3264 3939 Dei,
3288 3864 3424 3942 quae
3440 3872 3688 3929 haberet

2033 3938 2095 3990 in
2127 3951 2188 4009 se
2213 3937 2541 3992 multorum
2566 3954 2795 3994 necem.
2836 3939 2911 3995 Et
2934 3940 3098 3995 missa
3152 3937 3333 3996 estin
3376 3950 3603 4009 terram,
3637 3951 3687 3999 et

2034 4006 2203 4062 tertia
2216 4023 2349 4083 pars
2379 4009 2825 4083 terraeicombusta
2853 4018 2948 4074 est,
2976 4020 3025 4067 et
3050 4016 3221 4068 tertia
3237 4030 3372 4083 pars
3397 4006 3682 4080 arborum,

2033 4083 2082 4156 et
2110 4094 2258 4156 omne
2293 4078 2476 4156 fenum
2495 4080 2670 4156 viride
2688 4082 3016 4156 combustum
3049 4090 3177 4156 est_:
3207 4078 3368 4156 quod
3387 4091 3475 4140 est
3505 4078 3681 4152 terra,

2031 4147 2147 4203 hoc
2167 4155 2219 4205 et
2251 4147 2517 4216 arbores,
2541 4151 2657 4208 hoc
2680 4152 2904 4216 fenum,
2934 4154 2995 4208 id
3026 4160 3113 4209 est
3130 4147 3427 4211 homines.
3454 4147 3685 4213 Fenum

2033 4223 2234 4292 autem
2254 4221 2462 4288 viride,
2487 4238 2729 4278 carnem
2752 4224 3007 4291 intellige
3027 4225 3427 4292 sanguineam
3443 4232 3499 4280 et
3515 4227 3685 4282 luxu-

2030 4290 2274 4357 riosam,
2297 4293 2811 4360 secundumillud,
2842 4290 3030 4350 Omnis
3044 4290 3173 4349 care
3195 4294 3390 4364 fenum
3406 4296 3566 4420 SIsai.
3587 4313 3679 4361 XL,

2032 4363 2111 4420 6).
2145 4362 2220 4417 Et
2250 4363 2518 4418 secundus
2555 4363 2777 4420 anaelus
2828 4364 2954 4420 tuba
3000 4366 3216 4420 cecinit.
3260 4373 3310 4420 et
3352 4383 3411 4420 ve
3439 4375 3498 4420 ut
3535 4385 3679 4420 mons

2032 4363 2111 4430 6).
2145 4362 2220 4417 Et
2250 4363 2518 4418 secundus
2555 4363 2777 4434 angelus
2828 4364 2954 4420 tuba
3000 4362 3216 4430 cecinit,
3260 4373 3310 4421 et
3352 4362 3498 4421 velut
3535 4385 3685 4423 mons

2030 4450 2253 4506 magnus
2282 4435 2482 4506 ardens
2501 4434 2619 4504 igni
2656 4435 2850 4489 missus
2876 4443 2951 4489 est
2980 4439 3039 4490 in
3054 4452 3224 4503 mare,
3243 4443 3293 4491 et
3317 4436 3463 4506 facta
3482 4447 3555 4493 est
3574 4446 3684 4494 ter-

2032 4505 2112 4558 tia
2126 4521 2265 4576 pars
2284 4505 2455 4559 maris
2481 4505 2702 4575 sanguis
2728 4523 2748 4560 :
2779 4507 2998 4561 ardens
3026 4522 3220 4572 mons,
3252 4508 3531 4563 diabolus
3571 4516 3678 4565 est.

2030 4575 2277 4647 thuod
2304 4576 2477 4647 tertia
2504 4591 2642 4646 pars
2672 4581 2839 4632 terrea
2872 4576 2964 4631 vel
3011 4577 3319 4643 arborum,
3359 4579 3487 4635 haec
3514 4582 3684 4636 tertia

2028 4646 2171 4722 pars
2204 4646 2410 4722 maris.
2446 4648 2509 4702 Et
2534 4646 2812 4722 homines
2863 4647 3151 4722 habentes
3178 4651 3435 4715 animas,
3463 4651 3681 4722 impios

2028 4716 2178 4793 dixit
2209 4717 2226 4752 ¹
2262 4733 2275 4771 :
2314 4722 2375 4773 ut
2402 4718 2742 4793 ostenderet
2762 4719 2821 4773 in
2848 4735 3027 4774 carne
3056 4720 3243 4793 vivos,
3278 4722 3381 4776 sed
3403 4716 3681 4793 spirifua-

2026 4787 2160 4866 liter
2179 4793 2468 4866 mortuos:
2496 4790 2561 4844 Et
2587 4790 2806 4866 tertiam
2814 4796 3024 4861 partem
3039 4792 3258 4847 navium
3277 4787 3643 4866 corruperunt
3662 4811 3678 4848 :

2027 4858 2299 4935 doctrina
2324 4860 2713 4935 suahaaretici
2744 4858 3137 4935 corruperunt
3175 4879 3276 4918 eos
3306 4865 3407 4935 qui
3441 4858 3560 4921 illis
3587 4881 3682 4921 ac-

2074 4930 2401 5003 uievierunt.
2434 4932 2498 4985 Et
2532 4931 2723 4986 tertius
2746 4930 2965 5003 angelus
3002 4933 3131 4988 tuba
3157 4930 3370 5000 cecinit,
3400 4944 3451 4990 et
3490 4936 3681 4991 cecidit

2063 5017 2088 5074 e
2116 5001 2242 5074 cwlo
2268 5001 2426 5074 stella
2454 5019 2648 5074 magna
2666 5001 2865 5058 ardens
2889 5003 3032 5059 velut
3053 5006 3245 5074 facula
3266 5024 3287 5061 .·
3326 5007 3400 5061 de
3420 5006 3681 5062 Ecclesia

2026 5071 2173 5127 dicit
2192 5073 2485 5147 cecidisse
2499 5071 2772 5147 homines
2781 5071 3075 5146 superbos
3089 5076 3679 5147 etimpios.Magnam

2024 5158 2168 5199 vero
2188 5142 2422 5219 stellam
2451 5144 2605 5219 dixit
2635 5142 3106 5219 ;quia‘persome
3138 5142 3460 5219 majorum,
3497 5142 3551 5203 et
3574 5163 3679 5219 po-

2024 5218 2298 5288 testatem
2329 5214 2419 5288 vel
2442 5214 2712 5288 divitias—
2733 5214 3107 5273 habentium.
3167 5214 3251 5272 Et
3281 5233 3473 5272 nomen
3518 5214 3679 5288 hujus

2024 5283 2199 5360 stellae
2228 5285 2815 5360 dieitur-absinthium,
2841 5296 2891 5343 et
2919 5288 3338 5360 factoresttertia
3358 5305 3492 5360 pars
3509 5283 3680 5360 aqua-

2024 5372 2148 5411 rum
2176 5356 2237 5411 in
2256 5355 2588 5412 absinthium
2618 5372 2639 5409 :
2669 5358 2839 5414 tertia
2880 5355 3021 5418 pars
3065 5355 3380 5414 hominum
3410 5355 3569 5415 facta
3591 5365 3680 5418 est

2026 5426 2235 5500 similis
2251 5426 2432 5482 stellae
2463 5444 2600 5500 quae
2632 5444 2812 5499 super
2835 5426 2999 5486 illam
3032 5430 3263 5485 cecidit.
3289 5431 3363 5484 Et
3392 5431 3560 5486 multi
3585 5431 3674 5486 ho-

2023 5498 2239 5571 minum,
2254 5498 2630 5571 imortui'sunt
2654 5498 2735 5571 ab,
2758 5503 2932 5570 aquis,
2964 5500 3216 5571 quoniam
3242 5505 3564 5557 amaricavei
3579 5511 3678 5559 unt

2023 5584 2196 5640 aqua}.
2224 5569 2505 5625 Homines
2522 5570 2743 5627 mortui
2764 5569 2899 5628 sunt
2916 5569 2993 5629 ab
3023 5572 3217 5644 aquis.
3245 5575 3364 5629 Hoc
3384 5573 3444 5629 in
3457 5574 3551 5630 his
3572 5574 3677 5650 qui

2086 5720 2102 5754 ⁸
2132 5719 2280 5781 Mss,
2316 5720 2528 5774 arbores
2557 5720 2858 5773 habentium
2888 5722 3091 5774 animas
3120 5724 3269 5776 dixit.
