4140 6208
512 148 653 210 2-535

514 277 978 347 rebaptizantur,
1005 270 1317 347 manifeste
1338 271 1584 339 intelligi
1600 274 1813 347 potest.
1842 271 1915 325 Et
1935 276 2163 347 quartus

513 343 732 421 angelus
762 345 1126 421 tubacecinit,
1155 350 1204 397 et
1226 360 1482 421 percussa
1503 350 1579 396 est
1601 343 1773 421 tertia
1792 358 1921 411 pars
1936 343 2080 421 satis,
2116 349 2163 396 et

518 413 684 476 ter'tia
720 436 857 490 pars
889 419 1031 471 luna:
1053 423 1100 470 et
1132 413 1305 490 tertia
1334 430 1470 483 pars
1511 413 1797 490 stellarum
1824 432 1843 467 :
1880 414 1987 480 sol,
2020 414 2163 469 luna

518 501 573 547 et
591 485 790 555 stella-2,
814 489 1070 543 Ecclesia
1088 494 1194 549 est,
1213 485 1382 554 cujus
1402 486 1564 539 tertia
1584 501 1721 554 pars
1740 500 2021 554 percussa
2045 492 2128 539 est
2147 498 2161 551 ;

518 564 576 618 in
606 563 776 617 tertia
798 567 981 631 parte,
1017 558 1421 631 intelliguntur
1446 571 1656 631 omnes
1687 556 1845 631 mali.
1876 557 2168 631 Percussa

516 642 601 691 est
623 626 843 695 autem,
874 630 933 684 id
956 636 1040 683 est
1070 628 1192 681 suis
1220 627 1391 682 malis
1411 627 1624 681 tradita
1654 626 2161 697 etvoluptatibus:

518 712 581 760 ut
606 701 1081 759 redundantibus
1129 704 1185 753 et
1239 698 1706 753 inolescentibus
1739 699 2022 768 peccatis,
2058 713 2167 752 suo

518 784 786 845 tempore
822 772 1230 845 irevclarelurl
1266 770 1340 822 Et
1376 770 1489 845 uidi
1515 776 1563 822 et
1584 769 1782 845 audivi
1807 785 1973 845 vocem
2005 770 2169 845 unius

522 840 725 916 aquilae
748 842 980 916 uolantis
1010 842 1068 894 in
1095 840 1267 916 medio
1293 840 1524 916 cwli,__et
1559 840 1835 916 dicentem,
1874 840 1964 916 Vae
2001 841 2018 893 !
2048 841 2168 916 age!

520 911 598 971 cie
628 913 997 968 habitantibus
1027 912 1267 966 terram!
1298 912 1577 971 Aquilam
1604 911 1926 966 Ecclesiam
1952 912 2170 967 intelli-

523 991 605 1057 git
625 986 925 1040 volantem
959 986 1015 1038 in
1045 984 1245 1057 medio
1272 983 1423 1057 coeli,
1455 984 1513 1057 id
1532 988 1616 1057 est
1644 985 1701 1037 in
1728 983 1924 1057 medio
1944 983 2169 1036 suidis-

518 1054 878 1119 currentem,
913 1061 967 1109 et
1017 1056 1230 1125 plagas
1264 1054 1584 1109 novissimi
1632 1054 1914 1125 temporis
1946 1068 2171 1121 magna

518 1143 663 1183 voce
690 1128 1137 1198 praedicantem.
1181 1127 1430 1190 Quando
1483 1126 1641 1198 enim
1696 1125 1978 1198 sacerdos
2010 1126 2169 1179 diem

516 1196 722 1271 judicii
746 1198 1076 1271 annuntiat,
1111 1197 1395 1271 aquilain
1416 1196 1612 1271 medio
1644 1197 1775 1250 cceli
1801 1196 1977 1271 volat.
2012 1198 2173 1271 Sicut

523 1267 663 1339 ergo
688 1286 867 1341 supra
885 1268 1108 1322 dictum
1135 1273 1241 1341 est,
1272 1268 1421 1341 alius
1438 1267 1686 1337 angelus
1710 1282 1891 1338 quem
1913 1267 2059 1341 dixit
2076 1283 2173 1341 as-

522 1338 795 1397 cendisse
826 1341 903 1395 ab
926 1344 1057 1393 ortu
1093 1339 1253 1401 solis,
1288 1338 1544 1393 Ecclesia
1576 1344 1682 1400 est,
1716 1338 2046 1393 ascendens
2096 1338 2173 1392 ab

521 1420 654 1469 ortu
677 1412 839 1477 solis,
865 1411 925 1465 id
956 1415 1045 1464 est
1075 1426 1108 1464 a
1136 1410 1413 1479 passione
1459 1409 1549 1463 vel
1585 1409 2014 1463 resurrectione
2059 1412 2170 1463 Do-

527 1484 693 1538 mini.
724 1483 893 1547 Quod
924 1487 1123 1536 autem
1146 1481 1305 1543 dicit,
1354 1481 1439 1534 Ne
1480 1480 1681 1534 laeseris
1725 1484 1950 1545 terram,
2002 1495 2172 1550 neque

522 1572 672 1609 mare
700 1572 722 1617 ;
739 1553 993 1608 Ecclesia
1020 1553 1132 1607 hoc
1163 1552 1424 1621 quotidie
1456 1551 1840 1622 praedicando
1869 1550 2041 1605 malis
2070 1551 2175 1605 ho-

524 1626 792 1680 minibus
825 1626 1061 1677 clamat.
1099 1624 1266 1687 Quod
1297 1622 1461 1685 dicit,
1508 1624 1693 1677 Vinum
1708 1629 1755 1676 et
1786 1623 1968 1675 oleum
1994 1638 2056 1675 ne
2084 1622 2175 1675 la:-

524 1698 698 1759 seris;
728 1696 787 1749 in
815 1695 954 1748 vino
982 1703 1035 1747 et
1059 1694 1210 1756 oleo,
1231 1709 1441 1747 omnes
1461 1693 1868 1763 quisuntjusti
1898 1693 1956 1746 in
1985 1692 2175 1746 Eccle-

526 1771 614 1821 sia
642 1766 1048 1833 intelliguntur
1076 1781 1089 1829 ;
1122 1780 1274 1834 quos
1307 1779 1483 1818 nemo
1514 1763 1726 1817 laedere
1776 1764 2009 1834 poterit,
2061 1763 2175 1818 nisi

522 1838 596 1893 ad
622 1837 1035 1908 probationem
1058 1836 1293 1908 illorum
1325 1835 1657 1908 permiserit
1677 1835 2175 1908 Deus._>_Q_uo_dau-

526 1906 641 1963 tem
678 1908 780 1970 ait,
814 1914 1048 1961 centum
1082 1906 1482 1977 quadraginta
1508 1912 1768 1975 quatuor
1790 1906 1969 1977 millia
1992 1906 2175 1960 fuisse

524 1980 791 2047 signatos
826 1995 838 2031 :
871 1984 993 2032 tota
1018 1976 1276 2031 EcClesia
1310 1976 1672 2044 intelligitur.
1703 1976 1869 2031 Unde
1893 1983 1947 2031 et
1976 1978 2034 2031 in
2063 1977 2176 2030 illis

524 2051 598 2105 de
629 2051 850 2121 quibus
875 2049 1022 2103 dixit
1053 2065 1113 2102 se
1143 2048 1359 2102 vidisse
1390 2048 1681 2121 populum
1712 2047 1968 2121 multum
1992 2062 2175 2121 quem

524 2119 905 2176 dinumerare
937 2136 1113 2173 nemo
1147 2125 1397 2189 poterat,
1425 2119 1686 2173 Ecclesia
1716 2119 1929 2173 eadem
1957 2119 2178 2187 signiti-

526 2200 659 2248 cata
681 2199 785 2246 est.
805 2191 972 2255 Quod
991 2197 1189 2245 autem
1208 2191 1374 2254 dixit,
1396 2191 1645 2245 amictos
1662 2206 1789 2244 esse
1804 2190 1971 2244 stolis
1987 2190 2172 2255 albis;

524 2265 584 2318 in
617 2264 781 2318 stolis
805 2265 1034 2317 donum
1060 2262 1309 2332 Spiritus
1326 2263 1512 2316 sancti
1537 2261 1905 2327 intelligitur:
1929 2260 2177 2332 angelos

526 2341 749 2389 stantes
779 2335 933 2388 circa
966 2331 1267 2396 thronum,
1299 2333 1617 2386 Ecclesiam
1658 2332 1822 2396 dixrt,
1856 2331 1998 2403 quia
2031 2348 2177 2403 pras-

524 2412 612 2461 ter
641 2406 805 2460 illam
838 2404 985 2458 nihil
1030 2404 1191 2458 aliud
1240 2402 1635 2459 describebat.
1665 2402 1896 2474 rSenior
1927 2402 2179 2474 quires-

524 2478 813 2549 pondens
832 2476 997 2543 dixit,
1032 2476 1139 2539 Qui
1158 2482 1285 2549 sunt
1320 2476 1433 2538 isti,
1481 2482 1531 2549 et
1561 2473 1700 2549 unde
1729 2473 2007 2549 venerunt,
2030 2474 2179 2549 _olf_i-

529 2544 686 2602 cium
720 2548 940 2602 iudicat
964 2546 1361 2609 sacerdotum,
1391 2546 1804 2617 quipOpulum
1834 2546 1889 2599 in
1918 2544 2181 2600 Ecclesia

525 2618 762 2673 docent.
792 2618 963 2682 Quod
989 2624 1188 2672 autem
1219 2618 1384 2681 dixit,
1412 2616 1711 2670 ’Laverunt
1738 2616 1921 2680 stolus,
1956 2617 2029 2670 de
2059 2621 2180 2671 tota

532 2691 792 2744 Ecclecia
817 2691 985 2751 dixit,
1008 2705 1125 2743 non
1142 2689 1214 2741 de
1238 2689 1601 2757 martyribus
1626 2694 1880 2741 tantum.
1916 2687 2179 2757 Denique

528 2776 649 2816 non
664 2762 802 2815 dicit
824 2762 881 2814 in
904 2762 1194 2827 sanguine
1209 2774 1337 2821 suo,
1363 2758 1465 2811 sed
1492 2759 1550 2810 in
1573 2758 1831 2827 sanguine
1850 2757 2181 2827 agni,quod

531 2834 733 2907 utique
766 2847 868 2901 per
896 2830 1178 2907 Eaptismi
1201 2835 1638 2907 sacramentum
1674 2829 2061 2907 impletur._Et
2089 2830 2182 2907 qui

528 2898 668 2955 sedet
696 2898 856 2970 super
884 2898 1163 2963 thrbnum,
1222 2898 1428 2952 habitat
1480 2915 1641 2968 super
1679 2900 1799 2952 illos
1829 2916 1847 2951 :
1878 2900 1993 2969 ipsi
2019 2898 2178 2954 enim

529 2973 778 3026 thronus
803 2978 961 3035 sunt,
986 2987 1167 3040 super
1187 2986 1339 3040 quos
1362 2970 1593 3024 habitat
1622 2973 1792 3023 Deus.
1816 2970 1998 3040 Neque
2027 2970 2180 3025 cadet

529 3060 690 3112 super
715 3060 795 3097 eos
819 3043 915 3103 sol,
948 3058 1109 3113 neque
1131 3040 1274 3096 ullus
1304 3049 1468 3095 aestus
1498 3057 1514 3094 .'
1544 3046 1592 3093 et
1616 3041 1833 3096 deducet
1854 3058 1936 3095 eos
1958 3040 2027 3094 ad
2052 3044 2177 3095 vitae

532 3116 703 3185 fontes
728 3131 990 3185 aquarum
1017 3135 1033 3185 ;
1053 3114 1257 3185 omnia
1287 3113 1415 3185 haec
1441 3112 1621 3185 etiam
1671 3114 1735 3185 in
1764 3113 2037 3185 praesenti
2066 3128 2180 3167 sae-

530 3183 687 3247 culo,
709 3183 881 3240 et'his
911 3184 1123 3239 diebus
1146 3183 1525 3255 spiritualiter
1548 3183 1829 3255 Ecclesiae
1855 3183 2128 3238 eveniunt
2162 3198 2175 3250 ;

530 3256 676 3311 dum
715 3257 791 3311 ita
826 3254 1194 3327 pergratiam
1218 3255 1316 3308 Dei
1347 3254 1702 3321 defenditur,
1734 3260 1793 3308 ut
1819 3255 2180 3327 persecutio-

534 3328 926 3406 nibusmundi
941 3327 1041 3396 huj
1054 3328 1680 3406 us'exerceaturpotiu‘s
1693 3341 1876 3396 quam
1892 3326 2173 3406 vincatur.

533 3398 703 3465 Quod
725 3399 867 3453 dicit
894 3400 954 3451 in
984 3396 1282 3451 semihora
1309 3396 1611 3450 silentium
1638 3396 1857 3451 factum
1893 3398 1951 3450 in
1984 3396 2174 3463 ccelo;

530 3472 588 3523 in
610 3471 865 3525 Ecclesia
878 3470 1035 3532 dicit,
1053 3474 1106 3522 et
1120 3468 1416 3535 signiﬁcat
1436 3467 1669 3521 initium
1689 3467 1902 3538 quietis
1918 3470 2173 3521 aeternae.

533 3543 595 3595 Et
621 3548 844 3612 septem
870 3539 1097 3609 angelis
1131 3539 1663 3612 tubiscanentibus
1698 3538 2047 3612 :in‘angelis
2066 3540 2177 3612 Ec-

532 3607 730 3676 clesia,
760 3613 818 3666 in
836 3607 2177 3682 tubisprwdicatioEcclesiieintelligitur.Alius

530 3685 802 3751 angelus,
831 3680 1189 3755 quemldiait
1234 3681 1461 3755 stetisse
1492 3686 1627 3755 ante
1681 3681 1883 3745 altare,
1918 3680 2175 3735 Christus

533 3755 820 3808 Dominus
849 3751 979 3808 'est.
1013 3752 1221 3806 Ilabens
1267 3751 1606 3806 thuribulum
1646 3767 1871 3806 aureum
1903 3767 1920 3804 :
1961 3766 2177 3823 corpus

532 3825 752 3881 scilicet
784 3833 1080 3886 sanctum,
1126 3839 1229 3894 per
1284 3824 1447 3893 quod
1484 3823 1637 3878 Deus
1686 3824 1855 3878 Pater
1880 3822 2179 3894 passionis

532 3895 865 3957 incensum,
894 3895 1135 3948 odorem
1161 3894 1470 3949 suavitatis
1501 3894 1745 3963 accepit.
1783 3894 1953 3959 Quod
1977 3898 2179 3948 autem

532 3965 694 4029 dicit,
728 3966 912 4019 Factae
934 3973 1056 4018 sunt
1075 3981 1233 4027 voces,
1260 3964 1490 4032 fulgura
1515 3973 1560 4019 et
1588 3968 1831 4019 tonitrua
1857 3964 2176 4035 ;praedica1

534 4037 722 4091 tiones
740 4042 878 4090 sunt
910 4035 1172 4089 Ecclesiae
1200 4034 1555 4104 spirituales.
1594 4038 1830 4104 Septem
1850 4034 2043 4103 angeli
2075 4034 2181 4105 qui

533 4122 594 4161 se
617 4110 1103 4178 praeparaverunt
1133 4111 1194 4160 ut
1222 4110 1522 4167 canerent,
1554 4105 1809 4178 Ecclesia
1835 4108 2028 4178 estzin
2059 4122 2181 4177 qua

532 4177 636 4249 per
659 4177 848 4233 totum
877 4177 1173 4249 mundum
1204 4182 1417 4249 contra!
1432 4177 1640 4249 omnia
1665 4182 1919 4249 peccata
1940 4177 2032 4231 vel
2064 4178 2181 4231 cri-

533 4247 772 4304 ininaiit
791 4248 1133 4319 praedicatio
1155 4247 1494 4318 spiritualis.
1514 4248 1684 4311 Quod
1709 4254 1910 4302 autem
1930 4255 2181 4319 canente

533 4322 730 4392 primo
762 4318 976 4392 angelo
992 4321 1158 4392 tertia
1173 4335 1311 4391 pars
1326 4324 1489 4392 terrm
1503 4319 1816 4392 combusta
1829 4324 1937 4392 est,
1959 4318 2182 4387 signiti-

532 4389 1215 4460 cathominessuperbo's
1242 4395 1298 4445 et
1328 4389 2182 4461 voluptatibusdeditos,quos

536 4466 686 4517 Deus
716 4464 876 4532 justo
900 4459 1125 4531 judicio
1178 4459 1486 4533 permittit‘
1508 4460 1784 4517 incendio
1815 4459 2061 4533 luxuriae
2093 4459 2183 4515 vel

536 4534 875 4596 cupiditatis
892 4534 1073 4588 exuri.
1103 4532 1269 4597 Onod
1295 4538 1515 4596 autem,
1537 4540 1784 4588 canente
1806 4532 2067 4587 secundo
2081 4546 2185 4587 an-

535 4606 686 4671 gelo,
722 4621 897 4660 mons
929 4606 1145 4659 ardens
1173 4603 1381 4659 cecidit
1406 4603 1466 4658 in
1499 4619 1662 4658 mare
1695 4621 1708 4669 ;
1738 4619 1910 4658 mons
1936 4602 2031 4658 ille
2061 4602 2183 4659 dia-

534 4675 728 4742 bolus,
772 4692 936 4730 mare
968 4675 1232 4730 mundus
1263 4675 1373 4729 iste
1401 4674 1765 4743 intelligitur.
1822 4676 2011 4729 Tertia
2042 4690 2182 4745 pars

537 4746 739 4810 maris,
775 4747 941 4801 sicuti
964 4747 1091 4815 jam
1117 4762 1301 4817 supra
1322 4745 1547 4800 dictum
1574 4752 1682 4810 est,
1706 4744 2185 4817 hominesiniqui

535 4823 591 4872 et
620 4818 809 4887 impii.
845 4819 1015 4882 Quod
1042 4822 1264 4881 autem,
1288 4816 1457 4871 tertio
1489 4817 1702 4886 angelo
1722 4821 1989 4879 canente,
2016 4816 2185 4871 stella

536 4904 763 4957 magna
793 4888 1001 4942 cecidit
1022 4889 1094 4942 de
1126 4888 1297 4954 ccelo,
1323 4888 1595 4943 homines
1628 4887 2186 4956 magniintelligun-

536 4966 650 5025 tur,
692 4961 791 5031 qui
830 4959 1002 5031 malis
1029 4959 1294 5031 moribus
1319 4964 1375 5031 et
1396 4958 1617 5029 iniquis
1638 4959 1867 5031 actibus
1890 4960 1971 5031 de
1996 4958 2187 5031 Eccle-

538 5034 627 5085 sia
652 5029 939 5102 tanquam
968 5030 1040 5083 de
1072 5030 1221 5102 coelo
1254 5030 1491 5085 cadunt.
1528 5030 1698 5102 Quod
1721 5030 1878 5093 dicit,
1911 5029 2081 5102 Multi
2099 5029 2187 5083 ho-

538 5104 739 5157 minum
772 5100 1117 5156 mortuisunt
1146 5101 1211 5154 ab
1254 5101 1427 5170 aquis,
1467 5100 1718 5170 quoniam
1748 5100 2186 5155 amaricaverunt

536 5189 725 5244 aquae,-
758 5175 871 5228 hoc
894 5174 951 5227 in
979 5172 1067 5227 his
1093 5172 1195 5244 qui
1236 5170 1677 5244 rebaptizantur
1704 5172 1943 5244 intelligi
1971 5177 2185 5244 potest.

538 5242 704 5309 Quod
732 5250 949 5307 autem,
986 5242 1234 5298 canente
1255 5242 1718 5314 quartoangelo,
1754 5243 1915 5307 solis,
1948 5242 2002 5298 et
2029 5243 2186 5298 lunae

537 5322 593 5393 ct
618 5316 937 5395 stellarum.
954 5316 1120 5370 tertia
1147 5328 1293 5395 pars
1310 5329 1588 5395 percussa
1611 5315 1796 5395 δειλίη
1932 5314 2188 5395 Ecclesia

538 5385 898 5455 intelligitur,
925 5388 981 5441 in
1008 5402 1129 5456 qua
1156 5385 1420 5457 quotidie
1464 5386 1567 5455 qui
1589 5385 1730 5457 mali
1757 5386 1844 5440 vel
1874 5386 1992 5439 ﬁcti
2028 5390 2187 5455 sunt,

541 5459 935 5528 persuadente
954 5455 1204 5528 diabolo
1218 5463 1597 5528 peccatorum
1619 5455 1961 5528 vulneribus
1979 5470 2187 5528 percu-

544 5524 765 5603 tiuntur
790 5529 846 5581 in
870 5524 1291 5603 anima._Quod
1308 5533 1505 5603 autem
1530 5527 1955 5603 dicitaquilam
1978 5524 2191 5603 volam-

542 5598 758 5674 tcm‘in
783 5598 979 5674 medio
1000 5600 1153 5674 cmli,
1194 5604 1249 5674 et
1280 5600 1664 5674 clamantem,
1693 5598 1793 5674 Vin
1828 5603 1840 5656 l
1883 5599 2011 5674 vin!
2047 5598 2186 5674 vre‘l

543 5664 866 5723 Ecclesiam
887 5669 1129 5740 intelligi
1158 5668 1343 5729 voluit
1373 5664 1674 5728 volantem
1719 5670 1777 5727 in
1807 5670 2005 5729 medio
2032 5670 2186 5738 coeli,

1473 144 1543 201 IN
1582 146 1647 201 B.
1692 142 1990 201 JOANNIS
2030 134 2539 202 APOCALYPSIM
2576 142 2982 233 EXPOSlTlO.

3761 143 3881 207 2436

2274 272 2332 327 id
2365 276 2473 336 est,
2492 272 2551 327 in
2579 272 2778 328 medio
2796 271 2904 339 sui,
2933 275 2988 324 et
3005 284 3111 340 per
3134 266 3537 323 assiduitatem
3556 272 3879 340 praedicatio-

2274 345 2366 398 nis
2430 345 2643 416 plagas
2703 342 3048 416 novissimi_
3085 342 3370 416 temporis
3412 346 3878 416 _ann_untiantem.

2276 410 2712 480 Quando—enim
2737 415 3014 469 sacerdos
3036 412 3092 466 in
3124 410 3381 466 Ecclesia
3410 412 3681 483 Deidiem
3705 415 3878 483 judicii

2277 488 2613 554 annuntiat,
2647 486 2871 559 aquila,
2906 486 2965 538 in
3006 484 3203 537 medio
3236 482 3369 559 cdeli
3419 482 3592 559 volat.
3623 482 3879 559 Concedat

2276 559 2483 613 divina
2508 553 2723 629 pietas,
2748 567 2808 612 ut
2840 558 2987 629 dum
3013 553 3436 629 etsacerdotes
3455 555 3882 629 studentjugiter

2277 626 2621 700 praedicare,
2653 638 2709 685 et
2739 627 2943 700 populi
2977 641 3048 680 ea
3086 640 3222 697 quae
3256 626 3650 700 praedicantur
3677 627 3879 686 ﬁdeliter

2276 696 2624 771 adimplere,
2656 696 2841 755 simul
2858 696 3199 771 mereantur
3222 696 3300 751 ad
3315 704 3533 771 (eterna
3551 698 3566 732 ¹
3585 703 3879 771 pervenire,

2277 767 2598 843 prastante
2626 772 2882 827 Domino
2905 771 3038 824 Jesu
3072 767 3321 832 Christo,
3355 768 3457 840 qui
3485 767 3639 834 vivit,
3665 776 3762 825 etc.

2915 854 3143 895 EOMILIA
3186 854 3282 893 VII.

2353 912 2461 985 [ld.
2488 927 2543 967 ix
2564 917 2620 967 et
2640 911 2725 984 πμ]
2745 911 2934 985 Modo,
2952 911 3159 985 fratres
3181 910 3677 985 charissimi,cum
3697 917 3882 985 Apoca-

2276 982 2786 1055 lypsislegeretur,
2804 982 3148 1055 audivimus,
3162 983 3306 1055 quia
3324 982 3533 1053 quinto
3553 982 3754 1051 angelo
3770 985 3881 1041 tuba

2279 1053 2551 1119 canente,
2569 1055 2735 1109 stella
2764 1056 2837 1108 de
2860 1054 3008 1108 coelo
3031 1053 3308 1123 ceciderit
3332 1068 3513 1123 super
3540 1058 3761 1108 terram.
3783 1058 3883 1112 Una

2281 1127 2448 1181 stella
2473 1141 2689 1196 corpus
2712 1130 2798 1196 est
2820 1126 3138 1196 multorum
3164 1122 3507 1196 cadentium
3539 1140 3641 1195 per
3660 1133 3881 1196 peccata.

2283 1200 2354 1252 Et
2383 1198 2513 1252 data
2535 1192 2610 1252 est
2637 1197 2688 1251 ei
2717 1195 2881 1249 clavis
2898 1192 3053 1267 putei
3077 1195 3255 1268 abyssi
3273 1211 3291 1245 :
3316 1195 3504 1268 stella,
3533 1192 3884 1268 abyssus,pu-

2281 1275 2411 1324 teus
2434 1269 2709 1323 homines
2744 1265 3078 1336 suntiErgo
3108 1265 3277 1321 stella
3308 1267 3519 1320 cecidit
3550 1265 3625 1321 de
3652 1265 3883 1323 cazloiid

2281 1347 2387 1403 est,
2418 1340 2675 1410 populus
2706 1344 2981 1410 peccator
3019 1338 3092 1392 de
3126 1337 3400 1392 Ecclesia.
3444 1340 3510 1410 Et
3539 1338 3731 1407 accipit
3758 1343 3879 1409 putei
3954 1350 3957 1353 '

2280 1409 2458 1483 abyssi
2480 1409 2677 1466 clavem
2699 1429 2717 1465 :
2740 1410 2800 1483 id
2828 1418 2937 1474 est,
2962 1409 3543 1483 potestatemcordis
3566 1410 3673 1473 sui,
3700 1414 3753 1463 ut
3778 1427 3885 1480 ape-

2281 1479 2392 1538 riat
2420 1499 2522 1538 cor
2548 1499 2743 1545 suum,
2774 1482 2831 1535 in
2858 1479 2978 1551 quo
3009 1480 3285 1535 diabolus
3312 1479 3607 1548 deligatus
3633 1496 3738 1534 non
3760 1479 3885 1535 cum.

2281 1560 2561 1625 pascatur
2588 1560 2650 1607 ut
2670 1552 2849 1625 iaciat
2872 1552 3236 1625 voluntatem
3258 1567 3463 1625 suam.
3489 1552 3567 1606 Et
3590 1551 3787 1625 aperuit
3808 1569 3889 1625 pu-

2283 1622 2419 1679 teum
2451 1626 2661 1697 abyssi:
2684 1622 3420 1697 id_est,manifestavit_cor
3450 1638 3627 1697 suum
3657 1623 3770 1697 sine
3794 1624 3888 1697 ullo

2283 1697 2487 1751 timore
2520 1694 2608 1750 vel
2648 1694 2875 1765 pudore
2921 1694 3230 1765 peccandi.
3264 1694 3336 1747 Et
3377 1694 3619 1747 ascendit
3655 1694 3815 1763 fumus
3839 1694 3889 1748 de

2278 1774 2438 1839 puteo
2464 1784 2484 1820 :
2519 1768 2578 1821 id
2605 1764 2711 1839 est
2735 1767 2809 1839 de
2841 1764 3065 1839 populo
3097 1764 3364 1839 ascendit
3391 1766 3570 1839 quod
3587 1765 3825 1835 cooperit
3846 1769 3889 1819 et

2284 1835 2567 1894 obscurat
2590 1835 3033 1901 Ecclesiam,ita
3061 1842 3121 1891 ut
3146 1836 3396 1901 dicatur,
3414 1835 3491 1889 Et
3521 1835 3808 1890 obscurata:
3830 1841 3888 1889 est

2280 1910 2357 1964 sol
2378 1917 2431 1963 et
2450 1927 2546 1963 aer
2561 1910 2621 1963 de
2640 1908 2795 1978 fumo
2807 1908 2981 1979 putei.
3000 1907 3396 1979 Obscuratum
3418 1907 3567 1961 dixit
3592 1907 3888 1971 solem,non

2284 1982 2564 2036 cecidisse
2595 1983 2899 2034 ’.Peccata
2924 1978 3085 2032 enim
3119 1978 3415 2033 malorum
3446 1983 3504 2033 et
3536 1979 3887 2050 superborum

2282 2053 2619 2116 hominum,
2654 2067 2786 2121 qua:
2817 2050 3043 2121 passim
3084 2051 3539 2121 committuntur
3569 2049 3664 2120 per
3697 2049 3887 2118 orbein,

2284 2124 2609 2179 obscurant
2629 2120 2836 2185 solem,
2852 2122 2910 2176 id
2932 2126 3020 2176 est
3048 2120 3387 2182 Ecclesium,
3404 2127 3456 2175 et
3479 2120 3697 2175 sanctis
3720 2121 3891 2189 acjus-

2287 2194 2358 2250 tis
2386 2195 2682 2250 interdum
2717 2192 2941 2247 faciunt
2966 2192 3390 2246 obscuritatem
3415 2207 3427 2242 ε
3450 2193 3596 2262 quia
3623 2196 3800 2246 tantus
3822 2194 3888 2246 est

2287 2267 2583 2321 malorum
2607 2280 2913 2327 numerus,
2935 2269 2995 2316 ut
3012 2263 3323 2333 aliquoties
3339 2264 3431 2317 vix
3454 2263 3607 2317 inter
3627 2278 3721 2316 eos
3741 2278 3890 2333 appa-

2284 2343 2453 2393 reant
2483 2337 2646 2391 boni.
2681 2335 2846 2400 Sicut,
2880 2334 3093 2406 inquit,
3120 2334 3300 2403 fumus
3327 2333 3572 2403 fornacis
3604 2348 3806 2406 magna).
3834 2333 3890 2406 Et

2285 2425 2350 2463 ea:
2377 2409 2524 2478 fumo
2542 2408 2689 2479 putei
2710 2403 3195 2479 egrierunt'locustae
3217 2406 3271 2459 in
3292 2411 3520 2479 terrain,
3540 2412 3587 2458 et
3607 2405 3725 2458 data
3740 2412 3807 2479 est
3831 2403 3888 2456 ei:

2286 2476 2699 2550 potestasfsicut
2732 2478 2922 2550 habent
2949 2482 3257 2547 potestatem
3283 2477 3492 2550 scorpii
3519 2482 3675 2530 terrae
3689 2488 3712 2550 ί
3737 2476 3782 2550 id
3808 2482 3885 2535 est,

2290 2518 2528 2605 geneno,
2555 2551 2787 2603 laedere.
2838 2548 2910 2603 Et
2936 2518 3257 2618 praeceptum
3290 2555 3366 2601 est
3404 2518 3545 2613 illis,
3576 2564 3637 2600 ne
3677 2518 3888 2601 [aderant

2289 2622 2471 2692 fenum
2513 2628 2672 2674 terrae
2707 2636 2869 2690 neque
2906 2635 3107 2692 omnem
3146 2619 3411 2683 arborem,
3445 2619 3558 2692 nisi
3585 2619 3813 2692 homines.
3843 2618 3888 2669 Et

2290 2691 2474 2747 datum
2502 2701 2577 2747 est
2614 2694 2689 2745 eis
2714 2706 2775 2743 ne
2816 2691 3115 2743 occiderent
3146 2706 3245 2743 eos.
3297 2693 3356 2744 Et
3386 2691 3535 2758 quia
3572 2691 3701 2743 dum
3732 2694 3890 2758 partes

2292 2770 2430 2818 sunt
2451 2768 2503 2817 in
2535 2763 2807 2825 Ecclesia,
2830 2762 3122 2815 bonorum
3146 2759 3365 2815 scilicet
3387 2766 3443 2815 et
3468 2760 3778 2819 malorum;
3802 2772 3890 2812 una

2291 2850 2431 2907 pars
2462 2836 2542 2907 sic
2570 2834 2888 2907 percutitur
2920 2835 2979 2886 ut
3008 2832 3362 2907 corrigatur,
3382 2829 3889 2907 aliavoluptatibus

2293 2901 2419 2960 suis
2452 2901 2819 2975 relinquitur.
2852 2903 2991 2957 Pars
3022 2902 3315 2975 bonorum
3351 2901 3738 2957 humiliationi
3762 2904 3781 2934 ³
3806 2906 3891 2953 tra-

2290 2977 2447 3031 ditur
2477 2979 2553 3032 ad
2586 2973 2982 3043 cognitionem
3012 2973 3250 3043 justitise
3280 2975 3397 3040 Dei,
3424 2980 3484 3028 et
3512 2986 3891 3043 commemora

2292 3050 2513 3103 tionem
2543 3041 2923 3119 pmnitentiaa,
2959 3041 3110 3119 sicut
3139 3045 3423 3119 scriptum
3454 3052 3562 3119 est,
3580 3044 3766 3119 Bonum
3782 3041 3891 3119 inihi

2290 3118 2427 3190 quod
2438 3112 2741 3190 hunit’liasti
2756 3133 2834 3170 me
2845 3160 2857 3182 ,
2870 3112 3469 3190 utdisceremju'stiﬁcat
3479 3117 3617 3190 iones
3632 3124 3741 3169 tuas
3752 3112 3887 3190 (Psal.

2290 3185 2484 3254 cxvm,
2514 3191 2621 3261 17).
2659 3188 2853 3261 Datum
2884 3194 2958 3241 est
2986 3189 3059 3240 eis
3088 3203 3150 3261 ne
3174 3185 3494 3261 occiderent,
3529 3186 3617 3241 sed
3646 3193 3698 3239 ut
3724 3185 3891 3261 crucia-

2290 3268 2410 3316 rent
2437 3277 2452 3315 :
2486 3266 2534 3315 et
2558 3256 2831 3315 cruciatus
2867 3275 3047 3311 eorum
3087 3259 3225 3313 sicut
3268 3259 3546 3312 cruciatus
3568 3256 3771 3327 scorpii,
3798 3270 3887 3307 cum

2288 3333 2537 3404 percutit
2561 3331 2852 3385 hominem:
2870 3330 2980 3383 hoc
3000 3339 3139 3383 tunc
3164 3329 3511 3404 ﬂt,quani_io
3538 3328 3791 3404 diabolus
3811 3339 3889 3403 per

2292 3395 2431 3459 vitia
2457 3403 2542 3457 vel
2572 3411 2815 3473 peccata
2846 3416 3073 3455 venena
3100 3395 3491 3473 propiiiat.Et
3514 3404 3742 3471 quierant
3763 3395 3889 3473 horni-

2290 3492 2379 3529 nes
2408 3470 2627 3529 mortem
2656 3493 2673 3529 :
2709 3479 2955 3543 mortem
2990 3487 3129 3526 vero
3156 3470 3427 3543 requiem
3460 3470 3622 3526 dixit.
3665 3470 3888 3543 Quen-ent

2290 3544 2490 3618 itaque
2522 3542 2913 3618 morteni,sed
2946 3541 3212 3618 malis,id
3238 3540 3326 3618 est
3354 3540 3887 3618 tribulationibustut

2288 3611 2411 3688 ipsi
2428 3616 2981 3688 requiescant,dum
2999 3614 3527 3668 malamoriuutur.
3553 3611 3884 3734 Supercapita,

2290 3688 2498 3734 innuit-
2533 3704 2719 3734 earum
2746 3692 2997 3734 tammam
3030 3700 3238 3734 cornum
3263 3684 3469 3734 similes
3497 3700 3648 3734 auro.
3679 3686 3771 3734 Ecc
3793 3694 3884 3733 esta

2290 3684 2499 3759 inquit,
2518 3684 2719 3741 'earum
2746 3692 2997 3759 tanquam
3030 3700 3238 3759 corona?
3263 3684 3469 3759 similes
3497 3700 3648 3738 auro.
3679 3684 3887 3759 Ecclesia

2290 3776 2356 3813 su
2370 3753 2564 3840 peritis
2586 3753 2885 3840 descripta
2897 3764 2988 3812 est
3011 3759 3065 3809 in
3094 3754 3295 3836 viginti
3315 3753 3885 3840 quatuor-senioribus,

2290 3825 2391 3901 qui
2416 3829 2637 3884 habent
2660 3825 2913 3901 coronas
2930 3843 3144 3901 aureas
3165 3849 3174 3887 ;
3194 3826 3283 3901 isti
3307 3825 3509 3901 autem
3526 3825 3884 3901 similesauro,

2289 3892 2543 3957 haereses
2574 3905 2880 3969 suntquae.
2903 3897 3210 3952 imitantur
3234 3896 3659 3969 Ecclesiamr.Et
3677 3892 3887 3969 habebant

2289 3972 2527 4044 capillos,
2554 3974 2692 4026 sicut
2710 3968 2929 4044 capillos
2950 3969 3339 4044 mulierumdn
3363 3968 3595 4044 capillis
3620 3968 3886 4044 mulierum

2292 4038 2412 4099 non
2446 4038 2643 4097 solum
2673 4038 2881 4095 sexum
2912 4038 3344 4103 effeminatum,
3382 4038 3489 4093 sed
3520 4041 3688 4094 etiam
3712 4043 3886 4090 utrum.

2291 4132 2407 4187 que
2439 4130 2647 4187 sexum
2666 4112 2862 4187 voluit
2892 4110 3235 4187 ostendere.
3260 4112 3333 4165 Et
3364 4110 3624 4165 habebant
3645 4107 3818 4187 caudas
3836 4103 3888 4157 si"

2292 4179 2444 4240 miles
2466 4184 2718 4255 scorpiis,
2734 4191 2779 4237 et
2800 4182 2972 4255 aculei
2994 4183 3050 4255 in
3063 4183 3260 4255 caudis
3279 4199 3467 4237 earum
3481 4200 3501 4236 :
3514 4181 3724 4238 caudas
3738 4179 3889 4255 haere-

2291 4258 2542 4312 ticorum
2574 4248 3117 4326 pra‘positosidicit,
3154 4256 3304 4308 sicut
3336 4255 3621 4326 scriptum
3643 4257 3757 4326 est,
3783 4248 3887 4326 Pro-

2287 4329 2450 4399 pheta
2476 4322 2662 4381 docens
2703 4322 3055 4399 mendacium,
3088 4325 3172 4380 hic
3206 4330 3279 4378 est
3307 4322 3485 4399 cauda
3517 4323 3664 4399 (Isai.
3698 4339 3759 4390 ix,
3786 4322 3884 4379 15);

2292 4394 2395 4471 qui
2443 4405 2580 4471 sunt
2610 4396 3196 4471 pseudo-prophetae,
3229 4402 3284 4450 et
3328 4395 3388 4450 hi
3429 4394 3683 4471 crudelia
3720 4402 3885 4471 regunt

2290 4462 2466 4552 j'ussa
2480 4462 2745 4552 implent.
2762 4462 3023 4552 Habentes
3040 4483 3205 4537 super
3217 4483 3269 4521 se
3294 4482 3465 4552 regem
3476 4466 3709 4552 angelum
3724 4462 3886 4552 abyssi!

2292 4538 2351 4597 id
2384 4547 2487 4611 est,
2522 4538 2831 4595 diabolum
2870 4538 3187 4611 velcregem
3210 4539 3430 4611 saeculi.
3463 4540 3717 4611 Abyssus
3742 4545 3886 4611 popu-

2293 4611 2385 4667 lus
2414 4605 2519 4683 est.
2557 4611 2658 4683 Cui
2690 4627 2871 4683 nomen
2901 4605 3143 4683 hebraice
3168 4611 3214 4683 .4
3227 4605 3632 4683 baddon,grai’ce
3648 4605 3883 4683 amri-3a,

2297 4682 2463 4738 latine
2490 4681 2751 4736 Perdens.
2785 4681 2874 4735 Va:
2900 4680 3255 4753 unumabiit,
3272 4688 3319 4734 et
3340 4696 3448 4753 ecce
3469 4677 3669 4753 daora:
3691 4677 3883 4753 cernunt2

2294 4761 2414 4824 post
2446 4754 2576 4808 haec.
2612 4754 2690 4807 Ea:
2711 4759 2897 4824 sextus
2924 4752 3145 4822 angelus
3174 4752 3305 4824 tuba
3332 4750 3700 4824 cecinit:hinc
3728 4746 3885 4824 incipit

2297 4823 2629 4880 novissima
2660 4823 3022 4895 prtedicatio.
3058 4824 3133 4876 Et
3174 4823 3362 4895 audivi
3399 4840 3561 4895 unum
3598 4838 3661 4895 ea:
3702 4823 3885 4895 quatuor

2295 4895 2546 4951 cornibus
2568 4889 2809 4964 angelum
2854 4894 3069 4965 altaris,
3095 4894 3273 4956 aurei,
3309 4894 3444 4965 quod
3471 4900 3545 4947 cst
3585 4893 3638 4965 in
3661 4889 3884 4965 conspectu

2297 4969 2421 5032 Dei,
2454 4955 2709 5045 dicentem
2740 4972 2895 5045 sexto.
2918 4964 3128 5045 angelo,
3154 4965 3247 5035 qui
3261 4955 3496 5045 Lhdbebat
3526 4962 3694 5045 tubam
3719 4978 3735 5013 :
3769 4955 3885 5045 So'ltft

2296 5027 2529 5110 quatuor
2551 5036 2780 5110 angelos,
2800 5027 3128 5110 quialligati
3150 5027 3275 5090 iuni
3297 5036 3355 5090 in
3382 5037 3599 5110 ﬂumine
3620 5046 3783 5110 magno
3797 5027 3881 5110 ἰαί

2296 5107 2510 5181 phrate.
2539 5107 2730 5181 Aglt’are
2748 5108 3025 5181 quodest
3048 5108 3106 5162 in
3138 5114 3460 5178 conspectu
3492 5107 3604 5181 l_)ei,
3623 5107 3879 5158 Ecclestam

2298 5178 2420 5253 vult
2452 5180 2716 5253 intelligi,
2746 5195 2881 5250 quas
2912 5178 3264 5253 intempore
3293 5178 3630 5253 novissimae
3656 5182 3880 5253 pel-seca.-

2299 5251 2476 5308 tionis
2526 5248 3185 5306 audeat‘crndelissimi
3222 5250 3377 5317 regis
3423 5248 3599 5304 verba
3637 5248 3876 5317 autjgﬁsa

2299 5327 2698 5384 contemnere,
2714 5321 2857 5375 etab
2870 5309 3430 5391 obtemperantibus
3452 5309 3877 5391 discederefdalvt

2298 5400 2531 5467 quatuor
2544 5382 2755 5463 angelos
2775 5392 2832 5445 in
2851 5382 3399 5467 ﬂumine'E'uphrate.
3419 5393 3649 5447 Flumen
3671 5382 3873 5467 Euphrt}:

2302 5448 2829 5538 tempeccautorem
2851 5448 3150 5535 'populum
3182 5448 3349 5531 dixit,
3382 5464 3440 5519 in
3466 5476 3585 5535 quo
3614 5448 3813 5515 satanas
3834 5448 3875 5502 εί

2362 5554 2542 5615 ίΜεε.,
2576 5552 2642 5601 ad
2672 5554 2916 5615 celei-nam
2949 5550 3347 5603 beatitudinem.

2360 5618 2379 5651 ²
2408 5616 2533 5665 Mss.
2565 5614 2814 5663 occidisse.

2362 5679 2382 5713 ³
2411 5676 2536 5729 Mss.
2571 5676 2921 5728 humiliation.
