4140 6208
581 146 725 207 2439
1127 202 1139 211 ε
1544 144 1616 203 ΙΝ
1656 138 1723 206 Β.
1764 142 2061 203 JOANNIS
2102 145 2231 201 APO

2343 136 2603 211 LYBSIM
2641 140 3042 202 EXPOSITIO.
3809 161 3913 217 2m

583 290 698 329 nus
719 287 828 343 pro
850 287 962 328 sua
984 273 1201 343 pietate
1226 272 1522 341 dignetur,
1538 272 1634 343 qui
1663 287 1802 327 cum
1826 274 1993 327 Patre
2019 274 2074 326 et
2105 270 2228 344 Spi-

585 348 699 401 ritu
730 350 936 400 sancto
968 344 1107 398 vivit
1132 351 1187 399 et
1210 352 1437 413 regnat.
1466 350 1679 400 Amen.

1225 432 1443 469 HOMILIA
1472 432 1586 468 VIII.

656 487 763 560 [1b.
786 503 825 541 x
855 490 911 540 et
940 484 1044 558 XL]
1078 485 1199 539 Vox
1228 487 1292 538 de
1321 487 1464 560 caelo,
1508 484 1826 560 imperium
1854 488 1940 539 est
1970 482 2089 547 Dei,
2124 484 2227 560 qui

586 556 856 614 Ecclesiae
888 573 987 611 cor
1015 556 1219 623 tangit,
1249 564 1303 610 et
1350 556 1514 626 jubet
1564 558 1866 627 percipere
1897 571 2056 622 eam,
2088 557 2232 626 quia

588 630 844 684 Ecclesia
871 631 887 662 ¹
924 634 1128 696 aperto
1164 628 1312 679 libro
1340 630 1599 681 futuram
1626 643 1833 697 pacem
1868 628 2226 697 praedicavit.

586 701 784 755 Etabii
809 698 878 751 ad
892 699 1161 767 angelum,
1182 704 1236 750 ut
1265 698 1418 751 daret
1439 699 1576 752 mihi
1604 698 1835 752 librum:
1867 703 1979 752 hoc
2010 716 2080 753 ex
2096 713 2229 767 per-

587 788 736 826 sona
755 771 1000 823 Joannis
1025 768 1281 823 Ecclesia
1315 770 1476 833 dicit,
1518 769 1868 823 desiderans
1890 769 2226 839 perdoceri.

590 846 649 896 Et
676 850 800 896 tunc
828 839 970 892 dixit
1002 840 1159 903 mihi,
1177 840 1370 909 Accipe
1401 848 1448 894 et
1465 840 1665 895 comede
1685 842 1879 895 illum:
1898 838 1963 894 id
1986 846 2092 904 est,
2114 838 2229 893 tuis

586 911 908 966 visceribus
931 910 1148 979 pande,
1184 918 1238 965 et
1276 912 1544 966 describe
1574 912 1635 966 iu
1666 911 1976 966 latitudine
2007 910 2223 966 cordis.

586 984 659 1037 Et
688 983 850 1049 faciet
878 982 1178 1035 amaricari
1206 989 1443 1036 ventrem
1475 991 1645 1047 tuum,
1674 982 1763 1036 sed
1794 982 1851 1035 in
1879 998 1976 1037 ore
2009 989 2098 1036 tuo
2118 981 2228 1035 erit

584 1053 735 1107 dulce
764 1059 823 1107 ut
848 1053 951 1125 mel
990 1070 1011 1125 ,ἡ
1039 1054 1099 1125 id
1126 1058 1399 1125 est.cum
1434 1056 1790 1125 perceperis,
1832 1053 2227 1125 oblectaberis

584 1124 806 1196 eloquii
828 1123 1017 1177 divini
1042 1124 1376 1186 dulcedine.
1398 1123 1500 1179 sed
1527 1123 1987 1179 amaritudinem
2011 1123 2229 1196 senties

586 1195 724 1251 cum
747 1196 1071 1266 praedicare
1100 1200 1155 1250 et
1184 1196 1414 1265 operari
1448 1197 1697 1265 cmperis
1728 1196 1893 1266 quod
1932 1195 2231 1250 intellexe-

584 1267 662 1321 ris
696 1283 710 1331 ;
745 1265 897 1321 sicut
926 1266 1213 1334 scriptum
1239 1272 1343 1333 est,
1382 1267 1614 1337 Propter
1639 1265 1800 1321 verba
1831 1265 2233 1320 labz’orumtuo-

585 1354 702 1392 rum
734 1354 823 1407 ego
852 1337 1113 1391 custodivi
1141 1340 1257 1391 vias
1287 1339 1455 1392 duras
1476 1338 1648 1408 (Psal.
1682 1354 1797 1400 XVI,
1834 1342 1910 1395 4)-
1943 1340 2005 1391 Et
2035 1337 2225 1398 aliter.

583 1410 727 1473 Erit,
758 1410 968 1477 inquit,
1006 1411 1063 1461 in
1089 1425 1179 1463 ore
1208 1416 1296 1462 tuo
1315 1410 1465 1463 dulce
1508 1417 1565 1463 ut
1592 1409 1713 1469 mel,
1742 1416 1789 1461 et
1823 1411 1882 1461 in
1910 1416 2091 1461 ventre
2132 1414 2222 1461 tuo

584 1480 913 1534 amaritudo.
944 1481 1009 1533 In
1047 1495 1147 1533 ore
1184 1481 1591 1548 intelliguntur
1616 1480 1757 1533 boni
1807 1486 1863 1534 et
1893 1478 2231 1549 spirituales

587 1550 922 1614 Christiani,
956 1550 1017 1603 in
1044 1554 1246 1605 ventre
1268 1550 1535 1605 carnales
1566 1549 1943 1605 etluxuriosi.
1977 1549 2115 1603 Inde
2145 1553 2233 1602 est

584 1621 749 1745 quod
776 1637 914 1674 cum
947 1620 1197 1675 verbum
1255 1624 1351 1676 Dei
1386 1621 1765 1692 praedicatur,
1822 1620 2230 1697 spiritualibus

629 1692 754 1745 ulce
786 1697 911 1745 est:
966 1692 1307 1745 carnalibus
1362 1708 1523 1745 vero.
1576 1708 1832 1745 quorum
1895 1691 2230 1745 secundum

629 1692 754 1747 ulce
786 1697 911 1745 est:
966 1692 1307 1746 carnalibus
1362 1691 1523 1754 vero,
1576 1691 2231 1761 quorum'secundum

582 1762 933 1833 Apostolum
968 1762 1121 1816 Deus
1154 1769 1355 1818 venter
1383 1769 1468 1817 est
1499 1763 1771 1833 (Philipp.
1808 1778 1884 1828 ιιι,
1921 1763 2027 1829 19),
2060 1778 2233 1816 ama-

584 1832 719 1889 rum
746 1833 983 1905 videtur
1011 1839 1067 1887 et
1119 1849 1424 1905 asperum.
1457 1832 1533 1888 Et
1563 1834 1690 1887 data
1722 1832 1820 1887 est
1851 1834 1985 1886 mihi
2020 1832 2233 1905 arundo

583 1906 753 1974 virgae
779 1904 999 1975 similis,
1027 1904 1250 1958 dicens:
1282 1906 1454 1975 Surge
1478 1913 1525 1959 et
1566 1905 1754 1959 metire
1787 1905 2040 1974 templum
2065 1904 2165 1958 Dei
2184 1911 2232 1956 et

584 1976 776 2038 altare,
836 1983 883 2030 et
930 1974 1217 2030 adorantes
1296 1979 1358 2030 in
1394 1974 1493 2031 ’eo.
1551 1976 1752 2045 Surge,
1822 1976 2100 2029 excitatio
2142 1979 2233 2029 est

586 2047 877 2101 Ecclesrm.
913 2049 1041 2100 Non
1072 2048 1231 2101 enim
1262 2047 1356 2101 hic
1380 2049 1641 2102 Joannes
1666 2046 2038 2101 sedibundus
2070 2049 2089 2080 ²
2122 2062 2231 2099 au-

584 2117 809 2172 diebat.
842 2117 1044 2171 Metire
1075 2119 1343 2187 templum,
1373 2126 1421 2172 et
1447 2118 1643 2182 altare,
1662 2126 1708 2171 et
1736 2117 2026 2171 adorantes
2052 2119 2109 2169 in
2136 2133 2230 2170 eo:

584 2189 901 2242 Ecclesiam
921 2188 1485 2257 jubetrecenseri,et
1507 2189 1826 2259 praeparari
1841 2189 1919 2243 ad
1932 2188 2229 2251 ultimum,

584 2267 639 2314 et
665 2260 983 2332 adorantes
1010 2260 1189 2332 inea.
1220 2258 1635 2332 Sedquia’non
1660 2276 1871 2332 omnes
1899 2258 2000 2332 qui
2032 2258 2231 2332 viden-

585 2334 700 2397 tur,
734 2331 1001 2393 adorant,
1035 2330 1169 2386 ideo
1199 2330 1624 2398 dixit,’Atrium
1661 2331 1798 2400 quod
1839 2337 1916 2383 est
1944 2330 2080 2400 foris
2107 2336 2229 2382 tem-

579 2403 757 2471 plum,
786 2404 916 2472 ejice
955 2401 1124 2470 foras,
1161 2409 1211 2455 et
1269 2419 1329 2456 ne
1362 2402 1607 2456 metiaris
1652 2399 1809 2456 illud.
1842 2399 1959 2472 Ipsi
2014 2399 2231 2454 atrium

584 2480 722 2527 sunt
752 2471 854 2543 qui
876 2474 1153 2528 videntur
1182 2474 1243 2528 in
1306 2474 1558 2527 Ecclesia
1584 2489 1739 2537 esse,
1786 2480 1841 2526 et
1872 2471 2043 2526 ’foris
2069 2474 2228 2533 sunt,

586 2546 711 2598 sive
741 2543 1016 2607 hazretici,
1048 2545 1171 2597 sive
1206 2544 1357 2599 male
1386 2544 1640 2598 viventes
1655 2543 2229 2607 catholici.Quoniam

583 2615 765 2669 datum
795 2622 869 2668 est
918 2615 1178 2685 gentibus,
1225 2623 1270 2670 et
1328 2615 1610 2670 civitatem
1664 2621 1901 2668 sanctam
1934 2613 2233 2685 calcabunt

584 2686 852 2740 mensibus
906 2686 1275 2755 quadraginta
1307 2686 1529 2740 duobus.
1581 2687 1687 2749 Qui
1733 2684 2142 2745 excludentur,
2176 2689 2232 2755 et

581 2757 797 2880 quibus
846 2754 1125 2821 dabitur,
1167 2758 1401 2837 utrique
1459 2756 1958 2810 calcabunteam.
1989 2754 2063 2808 Et
2097 2754 2229 2833 dabo

582 2847 601 2880 ι
624 2828 785 2880 uobus
816 2828 1037 2879 testibus
1080 2843 1208 2879 meis
1249 2845 1267 2880 :
1300 2827 1357 2880 id
1416 2833 1523 2880 est.
1555 2826 1794 2879 duobus
1819 2828 2227 2880 Testamentis.

582 2824 785 2880 duobus
816 2828 1037 2879 testibus
1080 2828 1208 2879 meis
1249 2845 1267 2881 :
1300 2824 1357 2880 id
1416 2833 1523 2889 est,
1555 2826 1794 2879 duobus
1819 2824 2227 2880 Testamentis.

583 2899 657 2951 Et
688 2898 1085 2966 prophetabunt
1114 2897 1297 2951 diebus
1321 2897 1470 2951 mille
1510 2897 1749 2951 ducentis
1775 2898 2057 2967 sexaginta
2081 2913 2096 2949 :
2128 2912 2232 2950 nu-

586 2983 819 3039 merum
854 2970 1196 3021 novissimm
1251 2968 1682 3039 persecutionis
1739 2968 1902 3030 dixit,
1935 2974 1991 3020 et
2018 2967 2228 3021 futurm

583 3038 774 3108 pacis,
803 3040 1056 3092 ettotius
1082 3038 1366 3109 temporis
1409 3056 1445 3093 a
1479 3039 1709 3093 Domini
1740 3041 2014 3109 passione
2045 3053 2230 3109 ;quof

583 3107 748 3181 niam
781 3114 1099 3181 utrumque
1135 3107 1371 3181 tempus
1410 3111 1652 3164 totidem
1684 3107 1810 3163 dies
1841 3110 2042 3170 habet,
2065 3107 2231 3181 quod

586 3196 697 3234 suo
725 3179 786 3235 in
833 3179 964 3234 loco
1004 3179 1493 3245 diceturISaccis,
1531 3182 1589 3234 id
1621 3187 1707 3234 est
1749 3181 1972 3243 ciliciis,
2018 3180 2226 3233 amicti.

585 3251 757 3316 Quod
778 3252 836 3305 in
854 3250 1239 3321 ἐξομολογήσει,
1258 3252 1435 3314 idest,
1452 3252 1509 3305 in
1531 3252 1902 3306 confessione
1921 3254 2034 3305 sint
2062 3266 2229 3305 cons-

584 3322 761 3386 tituti,
789 3326 927 3391 quia
941 3338 1011 3376 ex
1026 3339 1210 3378 censu
1226 3323 1573 3378 humilitatis
1587 3323 1730 3377 dixit
1751 3322 1937 3376 saccis
1953 3321 2227 3376 amictos.

586 3393 810 3465 Dehinc
839 3394 1217 3465 ostenditqui
1244 3401 1381 3447 sunt
1404 3395 1462 3448 hi
1489 3394 1632 3465 duo
1662 3398 1862 3455 testes,
1896 3391 2232 3465 dicenstlli

580 3473 703 3518 sunt
739 3464 859 3518 dum
887 3464 1042 3519 oliva:
1070 3472 1121 3518 et
1141 3462 1154 3465 ⁷
1181 3465 1285 3519 duo
1313 3464 1651 3529 candelabra,
1702 3465 1762 3517 in
1809 3470 2086 3534 conspectu
2118 3462 2224 3516 Do-

585 3536 729 3608 mini
759 3541 921 3589 terra:
941 3543 1189 3608 stantes
1211 3536 1312 3605 qui
1340 3542 1477 3608 sunt
1506 3537 1607 3608 qui
1635 3538 1809 3599 stant,
1840 3551 1959 3608 non
1991 3536 2092 3606 qui
2120 3541 2234 3589 sta-

584 3607 759 3662 bunt.
802 3608 930 3661 Duo
961 3607 1325 3662 candelabra
1352 3606 1724 3670 Ecclesiaest,
1753 3606 1853 3661 sed
1888 3621 1998 3677 pro
2024 3620 2234 3659 nume-

584 3694 652 3731 ro
677 3681 1191 3733 Testamentorum
1231 3678 1378 3732 dixit
1426 3676 1568 3732 duo.
1623 3678 1781 3733 Sicut
1837 3676 2094 3747 quatuor
2126 3691 2236 3731 an-

587 3748 752 3820 gelos
778 3749 925 3803 dixit
956 3749 1297 3812 Ecclesiam,
1326 3765 1462 3803 cum
1493 3749 1841 3819 sintseptem
1858 3764 1967 3820 pro
1984 3762 2235 3820 numero

588 3817 938 3891 angelorum
1000 3828 1202 3874 terrm:
1237 3823 1317 3875 ita
1352 3836 1421 3874 ex
1466 3817 1701 3891 septeni
1754 3817 2151 3891 candelabris,
2184 3817 2232 3891 si

586 3906 776 3943 unum
806 3890 895 3943 vel
929 3891 1189 3961 amplius
1214 3907 1318 3962 pro
1344 3891 1490 3945 locis
1518 3889 1802 3962 nominet,
1825 3898 1943 3945 tota
1975 3889 2236 3962 Ecclesia

587 3966 692 4015 est.
728 3964 875 4015 Nam
905 3961 1226 4016 Zacharias
1250 3978 1437 4016 unum
1467 3961 1899 4016 candelabrum
1931 3961 2076 4015 vidit
2103 3975 2235 4029 sep-

590 4030 847 4095 tiforme,
882 4033 1059 4086 ethas
1091 4034 1241 4087 duas
1268 4033 1451 4087 olivas
1477 4033 1671 4103 (Zach.
1708 4049 1786 4097 1v,
1816 4034 1868 4097 2,
1929 4032 2004 4101 3),
2037 4031 2095 4085 id
2124 4036 2229 4095 est,

588 4105 963 4158 Testamenta
984 4104 1294 4158 infundere
1312 4104 1505 4159 oleum
1531 4104 1915 4161 candelabro.
1937 4103 1996 4157 id
2018 4109 2105 4156 est
2137 4104 2235 4155 Ec-

588 4173 799 4229 clesiae.
829 4175 988 4229 Sicut
1013 4181 1151 4229 sunt
1172 4175 1393 4229 ibidem
1414 4182 1640 4245 septem
1673 4174 1847 4237 oculi,
1874 4172 2234 4245 septiformis

590 4247 783 4313 gratia
816 4246 1064 4314 Spiritus
1092 4247 1304 4311 sancti,
1337 4248 1438 4316 qui
1486 4244 1626 4299 Sunt
1652 4247 1710 4299 in
1745 4246 2027 4316 Ecclesia,
2050 4244 2232 4316 inspi-_

591 4320 813 4370 cientes
836 4322 1018 4371 totam
1052 4322 1291 4371 terram.
1338 4314 1413 4372 Et
1443 4316 1489 4370 si
1519 4318 1638 4386 quis
1676 4316 1787 4371 vult
1819 4333 1900 4369 eos
1929 4315 2118 4369 laedere
2148 4314 2235 4369 vel

586 4387 843 4452 occidere,
878 4387 1018 4457 ignis
1049 4389 1201 4443 exiet
1239 4406 1304 4441 ea:
1328 4406 1419 4442 ore
1470 4405 1673 4451 eorum,
1707 4394 1756 4441 et
1803 4386 2081 4442 devorabit
2122 4386 2235 4457 ini:

588 4460 750 4512 micos
788 4456 1012 4514 eorum:
1042 4460 1100 4513 id
1129 4465 1234 4522 est,
1269 4459 1468 4530 siquis
1500 4458 1825 4514 Ecclesiam
1849 4460 1938 4513 vel
1964 4457 2122 4512 laedit
2142 4456 2235 4511 vel

588 4530 802 4583 laedere
826 4530 1095 4594 voluerit,
1130 4530 1405 4600 precibus
1440 4530 1560 4585 oris
1585 4531 1712 4598 ejus
1743 4530 1945 4584 divino
1971 4530 2106 4598 igne
2132 4532 2235 4600 aut

593 4601 650 4653 in
676 4601 954 4671 praesenti
974 4602 1051 4654 ad
1077 4599 1526 4665 correctionem,
1560 4606 1662 4655 aut
1693 4601 1752 4654 in
1786 4602 1983 4655 futuro
2015 4599 2234 4654 saeculo

590 4672 667 4725 ad
690 4672 1141 4726 damnationem
1166 4679 1569 4726 consumetur.
1608 4672 1677 4725 Hi
1708 4672 1896 4726 habent
1925 4675 2233 4742 potestatem

591 4742 839 4795 claudere
868 4743 1051 4797 certum
1082 4743 1330 4807 nubibus,
1363 4760 1430 4797 ne
1456 4743 1611 4813 pluat
1642 4744 1701 4797 in
1730 4743 1909 4797 diebus
1926 4741 2234 4812 prophetiae

592 4813 851 4882 ipsorum.
884 4814 1111 4880 Habent,
1141 4816 1219 4868 ait
1245 4837 1255 4877 ;
1282 4830 1426 4877 non,
1464 4814 1776 4869 Habebunt
1806 4829 1820 4868 :
1857 4815 1971 4867 hoc
1992 4813 2127 4867 ideo
2152 4813 2238 4882 die

590 4881 688 4949 cit,
719 4886 860 4954 quia
888 4892 1121 4955 tempus
1145 4887 1307 4955 quod
1338 4886 1700 4953 nuncagitur
1722 4884 2097 4955 signiﬁcavit.
2125 4881 2235 4937 Sed

592 4961 651 5010 et
672 4955 1051 5027 spiritualiter
1082 4954 1295 5011 caelum
1323 4957 1633 5019 clauditur,
1658 4970 1734 5010 ne
1764 4956 2025 5027 imbrem_
2047 4954 2234 5025 pluat,

592 5027 652 5081 id
671 5025 852 5082 estne
883 5026 1135 5091 occulto,
1170 5028 1273 5081 sed
1316 5032 1519 5081 tamen
1551 5028 1708 5096 justo
1738 5026 1966 5096 judicio
2001 5025 2101 5079 Dei
2140 5041 2237 5079 su-

592 5114 698 5170 per
725 5098 981 5152 sterilem
1014 5105 1233 5170 terram
1256 5098 1330 5151 de
1363 5097 1621 5170 Ecclesia
1648 5097 1983 5170 benedictio
1997 5097 2240 5170 descen-

594 5168 714 5225 dat.
744 5171 817 5222 Et
845 5186 963 5224 cum
985 5169 1239 5241 ﬁnierint
1268 5169 1632 5241 testimonium
1686 5185 1863 5241 suum,
1908 5168 2075 5223 bestia
2122 5184 2239 5237 quae

594 5242 833 5295 ascendit
870 5242 931 5296 de
961 5242 1158 5312 abysso,
1197 5241 1361 5311 faciet
1410 5258 1527 5295 cum
1583 5240 1667 5312 eis
1694 5240 1974 5311 praelium.
2026 5241 2241 5312 Aperte

594 5312 718 5367 haec
758 5314 962 5368 omnia
987 5310 1402 5367 ostend’itante
1448 5310 1841 5367 novissimam
1886 5310 2245 5382 persecutio-

594 5399 732 5438 nem
756 5385 876 5440 fieri
886 5426 901 5453 ,
931 5400 1068 5440 cum
1090 5384 1253 5453 dicit,
1271 5401 1388 5439 cum
1408 5384 1658 5454 ﬁnierint
1673 5384 2034 5438 testimonium
2046 5397 2201 5435 suum
2221 5396 2242 5434 .·

659 5552 673 5583 ³
708 5552 834 5601 Mss.
846 5592 856 5609 ,
890 5554 1140 5603 Ecclesia.

658 5614 676 5643 ²
706 5612 763 5660 In
787 5616 942 5663 editis
977 5618 1143 5673 deest,
1178 5618 1505 5669 sedibundus.
1543 5617 1781 5669 [labetur
1796 5617 1850 5667 in
1877 5616 1973 5667 Ms.
2005 5616 2245 5667 Petrensi

597 5675 648 5725 et
682 5676 823 5739 apud
853 5676 1066 5727 Bedam.

2335 271 2542 342 utique
2566 270 2710 325 illud
2732 270 2895 343 quod
2926 271 3189 341 praebent
3218 271 3251 343 7‘
3266 286 3449 343 usque
3471 273 3545 328 ad
3566 276 3910 341 revelatiouem

2333 342 2577 419 Christi.
2594 342 2666 395 Et
2692 342 2869 419 vincet
2882 359 2984 419 eos,
3013 350 3063 396 et
3082 342 3517 419 _occid_et:vincet_,
3534 346 3589 400 in
3613 348 3688 400 eis
3710 352 3795 419 qui
3816 369 3915 410 suc.

2336 413 2685 477 cubuerint;
2717 413 2941 476 occidet,
2973 415 3513 485 ineisquiconfessi
3548 413 3912 481 Deumiuerint.

2335 486 2410 562 E_t
2439 501 2634 554 corpus
2656 501 2844 562 eorum
2869 484 3195 555 projicietur
3218 490 3273 537 in
3286 485 3913 562 plateiscivitatismagme:

2335 558 2597 633 duorum
2630 557 2773 609 dicit
2808 572 2993 633 un_um
3052 572 3294 625 corpus,
3351 557 3667 628 aliquando
3695 557 3910 633 corpora,

2338 634 2400 681 ut
2426 632 2483 681 et
2514 642 2832 681 numerum
2859 628 3373 681 Testamentorum
3396 636 3665 693 servaret,
3692 639 3740 686 et
3774 628 3916 691 Eccle-

2337 700 2435 752 sia:
2464 714 2649 751 unum
2696 712 2913 766 corpus
2961 704 3305 767 ostenperet
3333 701 3375 751 ³.
3406 698 3471 751 In
3500 699 3682 768 plateis
3728 704 3915 762 civitatis

2334 786 2540 845 magna).
2557 768 2662 845 :_id
2676 768 2859 845 est,_i_n
2891 768 3085 845 medio
3104 769 3393 824 Ecclesiae.
3418 770 3489 823 Et
3504 772 3675 845 vident
3694 772 3916 845 depopulis

2335 848 2385 893 et
2418 839 2669 894 tribubus
2698 847 2746 893 et
2778 839 2981 909 linguis
3005 856 3197 910 corpus
3218 857 3419 903 eorum,
3438 858 3531 910 per
3554 842 3659 896 dies
3687 839 3779 898 tres
3796 839 3833 899 ἐι
3857 849 3916 901 di-

2333 911 2568 964 midium
2594 928 2609 963 :
2639 911 2695 965 id
2727 915 2832 974 est,
2868 927 3061 964 annos
3109 920 3223 965 tres
3258 919 3313 966 et
3354 927 3586 966 menses
3615 930 3729 973 sex.
3773 920 3917 975 Miscet

2334 984 2493 1036 enim
2522 991 2775 1051 tempus,
2806 996 2965 1035 nunc
2998 997 3273 1052 praesens,
3308 998 3469 1037 nunc
3496 982 3773 1040 futurum:
3808 990 3917 1045 sicut

2337 1060 2390 1127 et
2414 1054 2709 1127 Dominus
2736 1052 2895 1127 dicit,
2938 1052 3122 1127 Veniet
3151 1054 3303 1127 hora,
3338 1056 3394 1107 in
3424 1071 3530 1124 qua
3573 1057 3735 1108 omnis
3759 1059 3835 1127 qui
3855 1077 3917 1114 oc-

2336 1124 2531 1197 ciderit
2546 1140 2651 1187 vos,
2674 1123 2982 1177 arbitretur
3002 1124 3303 1197 obsequium
3318 1142 3369 1179 se
3386 1123 3643 1194 praestare
3666 1123 3917 1197 Deo—(Joan.

2339 1212 2453 1258 xv1,
2485 1195 2560 1266 2).
2598 1197 2839 1248 Etnunc
2866 1200 2969 1258 est,
2999 1203 3056 1249 et
3075 1195 3288 1250 veniet.
3318 1198 3395 1250 Et
3415 1213 3638 1266 corpora
3664 1195 3821 1253 eorum
3846 1218 3919 1254 non

2337 1266 2523 1342 sinunt
2548 1266 2683 1336 poni
2706 1266 3149 1342 in__m_onumento.
3192 1269 3401 1342 Votum
3448 1283 3651 1342 eorum
3680 1270 3747 1324 ad
3772 1271 3919 1342 impu-

2340 1338 2687 1409 gnationem
2736 1337 2921 1390 dixit:
2958 1353 3087 1409 non
3106 1353 3227 1409 quo
3278 1337 3517 1409 valeant
3569 1338 3744 1395 facere
3787 1337 3922 1398 ne'sit

2342 1407 2599 1463 Ecclesia
2627 1408 2687 1460 in
2721 1406 3196 1471 memoria,sicut
3226 1406 3463 1475 etillud,
3486 1410 3595 1463 Nec
3618 1427 3699 1464 vos
3724 1412 3920 1475 intratis,

2341 1495 2431 1533 nec
2460 1479 2596 1532 alios
2624 1478 2813 1531 sinitis
2834 1478 3047 1551 intrare
3077 1480 3295 1544 (Matth.
3319 1482 3523 1543 xx1u,-t
3536 1481 3588 1551 3)
3616 1498 3629 1543 ;
3654 1497 3777 1537 cum
3797 1484 3922 1539 multi

2342 1551 2670 1604 introierint
2690 1550 2870 1604 etiam
2899 1549 3009 1604 illis
3033 1550 3551 1621 impugnantibus.
3570 1549 3672 1607 ’Sic
3692 1568 3812 1621 ergo
3832 1570 3922 1609 non

2342 1623 2545 1675 sinunt
2573 1620 2713 1691 poni
2746 1621 2805 1674 in
2836 1627 3249 1676 monumento.
3274 1623 3347 1677 Et
3380 1622 3731 1677 inhabitantes
3759 1620 3921 1677 terram

2340 1691 2573 1761 gaudent
2615 1708 2781 1761 super
2828 1708 2929 1755 eos,
2980 1701 3027 1745 et
3064 1692 3377 1762 epulantur,
3411 1701 3461 1747 et
3493 1710 3705 1747 munera
3744 1697 3922 1749 invicem

2339 1764 2583 1817 mittunt.
2640 1763 2759 1817 Hoc
2803 1779 3039 1832 semper
3068 1763 3290 1818 factum
3320 1769 3426 1827 est,
3458 1770 3516 1819 et
3545 1780 3696 1819 nunc
3719 1766 3923 1820 invicem

2342 1836 2603 1899 mittunt,
2636 1841 2691 1906 et
2721 1836 3043 1906 novissime
3074 1835 3425 1903 gaudebunt
3461 1842 3517 1889 et
3546 1836 3923 1906 epulabantur;

2339 1907 2573 1977 quoties
2602 1905 2760 1977 enim
2784 1906 2923 1973 justi
2954 1904 3319 1977 affliguntur,
3350 1904 3649 1961 exsultant
3669 1907 3860 1975 injusti,
3888 1917 3928 1961 et

2341 1976 2681 2048 epulantur.
2711 1976 2974 2040 Quoniam
2992 1976 3051 2028 hi
3070 1976 3174 2030 duo
3185 1976 3473 2047 Propheta?
3485 1980 3829 2031 cruciaverunt
3843 1994 3922 2031 eos:

2341 2046 2447 2116 per
2465 2046 2695 2117 plagas,
2711 2063 2844 2117 qua:
2872 2064 2977 2116 pro
2994 2046 3340 2118 contemptu
3352 2049 3837 2103 Testamentorum
3852 2048 3927 2103 Dei

2341 2120 2676 2173 humanum
2707 2134 2895 2184 genus
2927 2117 3220 2185 afﬂigunt.
3245 2117 3520 2190 Denique
3547 2122 3713 2174 etiam
3742 2121 3846 2190 ipse
3864 2122 3926 2173 vi-

2342 2191 2752 2261 susjustorum
2768 2196 2977 2261 gravat
3002 2190 3279 2261 iniustos,
3295 2192 3449 2244 sicut
3466 2190 3577 2261 ipsi
3604 2190 3809 2261 dicunt,
3827 2190 3927 2243 Gra-

2340 2261 2419 2314 vis
2445 2268 2518 2314 est
2548 2259 2702 2313 nobis
2726 2261 2884 2314 etiam
2909 2259 2979 2313 ad
3004 2260 3295 2315 videndum
3329 2259 3569 2331 (Sapfil,
3605 2263 3709 2327 15).
3742 2260 3928 2315 Gaude.

2339 2333 2491 2386 bunt
2520 2337 2719 2385 autem
2754 2332 3139 2401 ubicumque,
3167 2333 3342 2386 veluti
3364 2333 3493 2402 jam
3515 2332 3927 2386 nihilhahueriut

2340 2402 2505 2474 quod
2538 2402 2914 2474 impatienter
2938 2402 3147 2467 ferant,
3171 2403 3523 2458 disturbatis
3551 2409 3603 2457 et
3630 2403 3926 2474 occisisjus-

2342 2473 2433 2539 tis,
2466 2479 2522 2527 et
2546 2489 2753 2527 eorum
2786 2473 3128 2527 hmreditate
3160 2490 3463 2544 possessa.
3501 2474 3575 2528 Et
3599 2482 3708 2544 post
3734 2473 3826 2527 dies
3849 2482 3927 2526 tres

2340 2552 2387 2598 et
2416 2544 2704 2598 dimidium
2735 2544 2969 2614 spiritus
2990 2545 3115 2599 vitae
3146 2561 3179 2598 α
3206 2545 3312 2599 Deo
3339 2546 3577 2599 intravit
3604 2546 3661 2598 in
3690 2544 3811 2597 illos.
3833 2546 3926 2597 lam

2341 2615 2565 2669 dictum
2597 2621 2687 2669 est
2715 2615 2788 2687 de
2819 2615 3059 2687 diebus.
3082 2618 3200 2669 tluc
3225 2632 3417 2687 usque
3443 2616 3690 2683 angelus
3720 2616 3927 2687 futurum

2343 2687 2624 2749 narravit,
2658 2692 2714 2739 et
2760 2685 3006 2758 inducit
3040 2686 3261 2741 factum
3294 2685 3462 2758 quod
3512 2687 3762 2741 futurum
3790 2686 3930 2758 audit.

2340 2759 2411 2812 Et
2437 2764 2700 2810 steterunt
2726 2773 2887 2826 super
2906 2756 3061 2827 pedes
3091 2774 3232 2824 suos,
3262 2755 3328 2811 δι’
3354 2760 3524 2811 timor
3554 2774 3761 2827 magnus
3784 2755 3927 2827 cecidit

2338 2845 2502 2897 super
2525 2828 2759 2881 videntes
2776 2844 2877 2882 eos.
2906 2826 2977 2883 Et
3005 2828 3194 2883 audivi
3224 2845 3396 2883 vocem
3418 2846 3663 2899 magnam
3683 2828 3738 2882 de
3763 2826 3932 2899 calodi-

2339 2908 2556 2967 centem,
2580 2898 2860 2953 Ascendite
2884 2899 3011 2953 huc:
3032 2908 3080 2953 et
3096 2899 3451 2954 ascenderunt
3476 2899 3533 2953 in
3550 2901 3723 2953 curtum
3744 2902 3795 2952 in
3817 2898 3930 2951 nube.

2342 2974 2458 3025 Hoc
2485 2976 2569 3024 est
2599 2970 2762 3039 quod
2803 2970 3123 3040 Apostolus
3149 2971 3313 3034 dixit,
3348 2971 3652 3041 Rapiemur
3678 2972 3731 3023 in
3756 2968 3935 3023 nubibus

2340 3041 2545 3095 obviam
2561 3041 2778 3094 Christo
2800 3042 2843 3110 (ί
2873 3041 3047 3096 Thess.
3066 3057 3142 3107 iv,
3166 3044 3275 3112 16).
3294 3048 3442 3096 Ante
3458 3042 3535 3097 ad
3546 3049 3767 3097 ventum
3781 3046 3934 3094 autem

2344 3113 2575 3167 Domini
2604 3113 2750 3183 nulli
2780 3112 2892 3167 hoc
2926 3128 3103 3181 posse
3151 3114 3503 3180 contingere
3536 3114 3803 3183 scriptum
3829 3116 3931 3164 est:

2339 3185 2569 3238 Initium
2584 3182 2851 3242 Christus.
2880 3183 3071 3237 deinde
3086 3184 3145 3236 hi
3168 3186 3265 3254 qui
3280 3192 3404 3238 sunt
3435 3182 3724 3239 Christi’in
3746 3182 3932 3254 adventu

2340 3256 2453 3325 ejus
2479 3257 2519 3323 (I
2551 3254 2674 3309 Cor.
2706 3269 2803 3318 xv,
2828 3255 2940 3325 ‘23).
2965 3255 3126 3310 Unde
3148 3252 3485 3325 excluditur
3512 3255 3702 3310 omnis
3726 3252 3932 3325 suspicio

2338 3323 2767 3396 quorumdam,
2785 3323 3126 3396 quiputant
3149 3326 3260 3380 hos
3282 3324 3436 3381 duos
3464 3331 3638 3380 testes
3654 3325 3793 3379 duos
3814 3323 3931 3396 viros

2340 3394 2487 3459 esse,
2523 3402 2579 3450 et
2607 3400 2743 3450 ante
2791 3394 3117 3451 adventum
3149 3396 3361 3453 Christi
3392 3398 3613 3451 emtum
3642 3396 3699 3450 in
3729 3394 3929 3449 nubibus

2343 3466 2728 3541 ascendis_se._
2743 3467 3057 3530 Quomodo
3079 3475 3277 3523 autem
3296 3473 3639 3541 potuerunt
3656 3467 3929 3541 habitantes

2342 3545 2559 3593 terram
2590 3537 2665 3591 de
2695 3537 2951 3592 duorum
2985 3555 3126 3593 nece
3154 3536 3438 3607 gaudere,
3463 3554 3599 3594 cum
3629 3539 3686 3592 in
3707 3552 3811 3591 una
3830 3536 3930 3588 civi-

2342 3615 2457 3664 tate
2491 3615 2879 3677 morerentur,
2908 3614 2963 3663 et
2984 3625 3233 3664 munera
3252 3608 3513 3664 invicem
3532 3610 3766 3673 mittere,
3788 3607 3828 3660 si
3843 3612 3927 3659 tres

2340 3681 2465 3734 dies
2509 3680 3138 3751 sint,quiiantequam
3184 3680 3493 3748 gaudeant
3536 3680 3611 3735 de
3640 3695 3785 3751 nece,
3824 3690 3927 3751 cou-

2340 3744 2733 3822 tristabuntiir
2771 3750 2845 3805 de
2898 3744 3371 3806 resurrectione?
3408 3753 3528 3805 Aut
3557 3750 3754 3822 quales
3779 3744 3923 3818 epulae

2340 3829 2440 3903 aut
2470 3821 2739 3903 voluptas
2765 3836 2891 3875 esse
2920 3824 3193 3903 potest-in
3228 3822 3441 3903 plateis
3468 3821 3926 3903 epu’tantium,lcaj

2341 3889 2662 3965 daveribus
2684 3889 2965 3965 humanis
2989 3893 3180 3965 epulis
3212 3889 3778 3965 morbum-triduano
3795 3889 3931 3944 fetore

2341 3964 2761 4018 reddentibus?
2792 3964 2953 4019 Unde
2973 3963 3081 4019 nas
3100 3964 3385 4020 Dominus
3403 3963 3663 4019 liberare
3688 3963 3931 4032 dignetur.

2342 4038 2555 4090 Amen.

2996 4120 3222 4161 HOMILIA
3260 4121 3335 4160 IX.

2417 4176 2523 4247 [1b.
2550 4192 2609 4231 χι
2627 4180 2683 4230 et
2697 4176 2827 4248 ιιι]
2842 4178 3011 4241 Quod
3032 4177 3401 4241 audivimus,
3420 4175 3651 4245 fratres,
3666 4175 3721 4230 in
3741 4171 3933 4229 lectione

2342 4264 2477 4319 qua;
2491 4249 2855 4321 recitataest,
2879 4249 3017 4317 quia
3031 4249 3090 4302 in
3115 4248 3212 4302 illa
3227 4248 3359 4301 hora
3368 4249 3557 4316 factus
3568 4255 3798 4321 estterra
3810 4249 3934 4321 motus

2349 4316 2613 4389 magnus;
2637 4319 2699 4373 in
2729 4318 2827 4390 illo
2860 4325 3027 4373 terrae
3059 4325 3223 4375 motu
3254 4321 3589 4390 persecutio
3636 4316 3932 4383 intelligitur.

2342 4406 2525 4460 quam
2545 4389 2823 4444 diabolus
2839 4406 2937 4459 per
2960 4392 3153 4445 malos
3170 4389 3445 4445 homines
3468 4405 3729 4445 exercere
3741 4397 3935 4460 consue-

2341 4454 2445 4516 vit.
2477 4462 2551 4515 Et
2579 4460 2801 4525 decima,
2826 4454 3038 4532 inquit,
3073 4478 3201 4530 pars
3226 4463 3469 4516 civitatis
3498 4461 3700 4524 cecidit,
3731 4454 3933 4532 etocdfl

2342 4538 2468 4586 sunt
2497 4533 2555 4585 in
2576 4538 2741 4586 terrae
2770 4524 3159 4586 motu'nomina
3186 4534 3432 4587 virorum
3463 4539 3661 4603 septem
3689 4528 3863 4583 millia.
3892 4524 3934 4603 Et

2344 4604 2626 4657 denarius
2641 4610 2694 4657 et
2708 4606 3077 4673 septenarius
3092 4604 3386 4674 perfectus
3398 4612 3485 4658 est
3499 4592 3771 4658 numerus
3786 4618 3797 4654 :
3814 4592 3934 4674 quod

2343 4675 2391 4728 si
2414 4689 2533 4728 non
2557 4680 2729 4738 esset,
2759 4667 2794 4729 εἰ
2820 4681 2985 4745 parte
3014 4667 3204 4729 totum
3227 4674 3672 4743 intelligendum
3698 4674 3823 4726 erat.
3843 4667 3933 4719 Duo

2347 4746 2654 4817 sunt‘enim
2670 4745 2926 4800 aediﬁcia
2946 4745 3004 4799 in
3034 4745 3321 4811 Ecclesia;
3338 4762 3529 4800 unum
3553 4746 3931 4817 suprapetratn.

2345 4815 2507 4872 aliud
2522 4832 2705 4890 supra
2717 4832 2963 4871 arenam
2985 4836 2995 4875 :
3013 4817 3178 4887 quod
3198 4832 3381 4886 supra
3392 4812 3644 4890 arenam
3655 4812 3755 4890 est;
3773 4812 3933 4890 dicitur

2346 4884 2655 4941 corruisse.
2686 4889 2749 4941 Et
2769 4889 2953 4941 cwteri
2972 4884 3295 4951 timuerunt,
3329 4895 3377 4942 et
3401 4887 3662 4942 dederunt
3688 4884 3932 4954 claritattﬁ

2347 4958 2475 5031 Deo.
2495 4958 2589 5031 llli
2622 4958 2913 5013 dederunt
2934 4959 3281 5031 claritatem,
3302 4952 3926 5031 quisuprapetramiedi'

2346 5029 2507 5102 ﬁcati
2551 5034 2707 5095 sunt,
2741 5036 2797 5083 et
2825 5046 2961 5084 cum
3012 5022 3520 5102 illisiqui's'upra.‘
3539 5022 3769 5102 arenam
3791 5022 3929 5102 erant.

2349 5100 2560 5155 cadere
2587 5116 2709 5155 non
2732 5105 3071 5170 potuerunt.
3091 5095 3226 5156 Ideo
3256 5095 3457 5156 autem
3487 5100 3653 5164 dixit,
3672 5095 3926 5152 timuerunt.

2393 5172 2492 5244 uia
2505 5171 2712 5244 videns
2719 5172 2913 5244 justus
2930 5172 3259 5241 peccatoris
3279 5173 3607 5244 interitum,
3629 5171 3753 5240 plus
3770 5174 3925 5244 acgell‘

2393 5187 2492 5226 uia
2505 5187 2712 5226 vroens
2719 5187 2911 5242 Justus
2930 5187 3259 5241 peccatoris
3279 5187 3605 5235 interitum,
3629 5187 3753 5240 pius
3776 5187 3924 5219 accen-

2348 5187 2507 5297 ﬂitur
2532 5244 2595 5314 in
2623 5242 3035 5314 observatione
3066 5249 3529 5314 praeceptorum,
3563 5242 3711 5314 sicut
3752 5234 3924 5314 dicitur.

2350 5314 2432 5394 Et,
2456 5313 2660 5394 lugebit
2693 5330 2880 5394 manus
2927 5307 3287 5394 insit-nguina}
3323 5313 3632 5394 peccatoris
3656 5307 3924 5394 (Ρεαιλι-Ῡξξῖ

2356 5387 2460 5453 11).
2491 5385 2564 5460 _Et
2580 5392 2968 5460 apertumest,
3001 5369 3213 5460 inquit,
3235 5369 3512 5460 templum
3534 5384 3632 5438 Dei
3652 5369 3705 5435 in
3723 5377 3830 5460 calo
3851 5369 3923 5460 i‘ld

2353 5446 2464 5519 est,
2488 5455 2549 5511 in
2576 5446 2838 5511 Ecclesia
2855 5446 3280 5512 incarnationis
3306 5446 3514 5513 Christi
3535 5450 3794 5525 mysteria
3810 5446 3927 5517 pale‘

2416 5555 2429 5581 ¹
2461 5554 2768 5610 Primasius,
2791 5552 3075 5610 perhibent.

2414 5618 2434 5649 ι
2463 5616 2554 5665 Hic
2578 5617 2705 5727 tMss.
2738 5609 2967 5675 addunt,
2986 5616 3121 5680 quod
3146 5620 3215 5666 est
3240 5616 3405 5666 illud:
3428 5610 3717 5678 Profecisti:
3732 5609 3922 5658 serium

2354 5692 2488 5727 meos
2521 5692 2576 5726 re
2602 5693 2677 5727 ro.
