4158 6204
195 162 341 229 2441

196 298 358 355 facta
392 303 532 353 sunt
563 313 576 352 :
614 295 771 352 unde
800 293 1129 350 ostenditur
1150 292 1411 349 Ecclesia
1442 293 1658 350 coelum
1688 310 1845 352 esse.

197 371 272 425 Et
296 370 413 423 visa
441 376 515 424 est
532 386 661 423 arca
687 367 990 422 testamenti
1032 367 1145 436 ejus
1177 367 1234 419 in
1264 366 1456 437 templa
1478 368 1594 435 eius
1616 386 1635 421 :
1663 367 1718 420 id
1750 372 1859 430 est,

198 441 571 496 intellectum
604 446 689 494 est
720 438 1038 492 Ecclesium
1071 454 1203 493 esse
1254 454 1455 493 arcam
1491 439 1851 493 testamenti.

202 514 277 567 Et
309 516 460 580 facta
486 519 607 566 sunt
630 508 855 578 fulgura
881 516 929 563 et
960 512 1209 564 tonitrua
1238 517 1285 563 et
1314 516 1475 563 terra:
1499 516 1707 564 motus:
1734 510 1862 563 hac

200 584 409 639 omnia
435 588 569 636 sunt
600 584 841 635 virtutes
873 580 1313 650 pradicationis
1345 588 1398 636 et
1429 580 1861 635 coruscationis

201 660 258 709 et
286 654 575 707 bellorum
611 651 896 706 Ecclesia.
935 654 995 705 Et
1026 654 1235 722 signum
1267 668 1519 721 magnum
1550 659 1625 705 est
1657 652 1715 705 in
1738 652 1863 706 calo

198 726 392 788 visum,
427 722 621 777 mulier
650 723 847 777 amicta
869 724 1055 793 sole,et
1088 722 1215 777 luna
1232 723 1325 776 sub
1341 722 1562 793 pedibus
1580 723 1692 792 ejus
1722 740 1737 775 :
1767 726 1860 777 Ec-

196 796 442 849 clesiam
475 794 638 857 dicit,
672 800 901 864 partem
933 811 1129 859 suam,
1159 794 1210 848 id
1239 801 1344 859 est,
1374 794 1650 849 homines
1696 794 1861 849 fictos

196 873 254 921 et
275 865 465 920 malos
481 865 845 920 Christianos
861 865 974 920 sub
991 866 1244 935 pedibus
1267 866 1504 920 habere.
1527 866 1597 920 Et
1614 866 1670 918 in
1687 866 1860 935 capite

197 940 316 1003 ejus
346 936 835 991 coronastellarum
858 937 1157 991 duodecim.
1180 938 1308 991 Ista
1323 937 1639 991 duodecim
1659 936 1861 1000 stella,

199 1008 518 1063 duodecim
551 1008 813 1079 Apostoli
868 1008 1112 1078 intelligi
1167 1014 1437 1079 possunt.
1500 1008 1631 1064 Sole
1662 1014 1862 1079 autem

202 1079 424 1135 amicta
451 1078 621 1150 spem
652 1082 1103 1134 resurrectionis
1124 1078 1435 1148 signiﬁcat,
1457 1085 1697 1150 propter
1718 1078 1863 1133 illud

203 1154 492 1220 scriptum
527 1156 633 1205 est.
674 1150 823 1204 Tunc
836 1152 982 1219 justi
1020 1150 1300 1220 fulgebunt
1327 1150 1463 1204 sicut
1496 1150 1573 1203 sol
1613 1152 1673 1203 in
1697 1166 1864 1220 regno

204 1223 397 1277 Patris
422 1238 605 1275 eorum
633 1222 855 1292 (Matth.
902 1237 1022 1283 xm,
1054 1222 1164 1291 43).
1197 1222 1377 1275 Draco
1402 1238 1625 1291 magnus
1652 1222 1814 1291 rufus
1844 1239 1865 1274 :

204 1293 479 1347 diabolus
506 1296 597 1347 est
621 1308 891 1363 quarens
907 1293 1172 1347 Ecclesia
1201 1298 1408 1347 natum
1431 1292 1737 1347 devorare.
1764 1294 1865 1347 Ha-

208 1365 351 1429 bens,
382 1364 591 1435 inquit,
611 1380 813 1418 cornua
833 1364 1000 1418 decem
1029 1371 1076 1418 et
1108 1364 1283 1488 capita
1314 1370 1543 1433 septem:
1572 1365 1866 1441 capitare-

208 1452 312 1488 ires
341 1444 496 1488 sunt.
528 1450 753 1488 cornua
776 1451 913 1488 vero
952 1451 1150 1488 regna.
1210 1452 1242 1488 ιι
1278 1441 1502 1488 sentem
1534 1435 1866 1488 eiumcani-

207 1452 312 1507 ges
341 1444 496 1502 sunt,
528 1450 753 1490 cornua
776 1451 913 1489 vero
952 1451 1150 1507 regna.
1180 1435 1242 1489 In
1278 1441 1502 1505 septem
1534 1438 1689 1489 enim
1708 1435 1867 1505 capi-

211 1506 369 1563 tibus
396 1522 606 1561 omnes
628 1522 817 1573 reges,
848 1507 904 1559 in
929 1506 1135 1560 decem
1160 1507 1440 1561 cornibus
1461 1508 1867 1574 omniaregna

210 1578 422 1633 mundi
454 1578 613 1632 dicit.
643 1578 714 1631 Et
742 1577 913 1631 cauda
942 1578 1053 1647 ejus
1101 1577 1352 1631 trahebat
1380 1579 1605 1632 tertiam
1652 1585 1865 1646 partem

210 1650 491 1704 stellarum
505 1649 640 1713 cali,
670 1656 718 1702 et
745 1650 892 1703 misit
915 1666 1002 1701 eas
1026 1649 1084 1701 in
1099 1656 1301 1702 terram
1319 1649 1547 1703 .‘cauda
1566 1650 1867 1719 propheta

212 1721 592 1790 iniqui‘sunt,
650 1720 709 1774 id
768 1724 857 1775 est
884 1720 1165 1782 haretici,
1198 1720 1301 1791 qui
1350 1720 1545 1791 stellas
1577 1720 1709 1791 coeli
1765 1734 1869 1788 per

213 1793 490 1847 iteratum
513 1792 813 1861 baptisma
830 1790 1346 1846 adharentes’sibi
1369 1790 1654 1860 dejiciunt
1677 1790 1733 1844 in
1757 1796 1871 1843 ter-

212 1880 346 1918 ram
374 1860 787 1933 ;ipsisuntsub
815 1863 1069 1932 pedibus
1101 1862 1362 1916 mulieris
1389 1862 1567 1924 Multi,
1596 1860 1870 1933 homines

213 1934 345 1989 illos
378 1932 506 1988 esse
536 1935 851 1997 astimant,
884 1949 1038 2004 quos
1055 1933 1163 1987 sibi
1198 1934 1630 1987 consentientes
1659 1932 1873 2004 diabo-

215 2006 309 2060 lus
326 2005 709 2060 fecitsodales
730 2020 739 2057 :
761 2003 1335 2075 multi,angelos,qui
1355 2020 1490 2057 cum
1513 2003 1871 2073 illoquando

216 2077 429 2132 cecidit
457 2077 805 2147 pracipitati
835 2082 992 2130 sunt.
1027 2076 1357 2130 Parturiens
1380 2075 1668 2147 cruciatur
1694 2082 1751 2129 ut
1783 2091 1874 2145 pa-

214 2149 330 2202 riat
375 2166 391 2201 :
442 2145 545 2218 per
577 2145 755 2202 omne
788 2151 1024 2218 tempus
1055 2147 1317 2211 quotidie
1372 2145 1498 2216 pari
1534 2146 1783 2200 Ecclesia
1809 2147 1872 2218 in

216 2217 523 2291 prosperis
563 2225 617 2274 et
649 2218 707 2272 in
741 2217 1030 2291 adversis.
1062 2219 1121 2271 Et
1172 2217 1334 2271 draco
1362 2217 1487 2291 steti
1517 2224 1644 2291 ante
1674 2217 1874 2291 mulie-

216 2288 328 2344 rem
357 2288 474 2360 qua
505 2297 621 2343 erat
658 2289 942 2359 paritura,
975 2296 1037 2342 ut
1063 2306 1179 2343 cum
1218 2288 1507 2360 peperisset
1533 2290 1714 2358 ﬁlium
1760 2289 1875 2358 ejus

214 2359 532 2415 devoraret:
556 2376 792 2430 semper
825 2362 983 2414 enim
1016 2360 1073 2415 in
1114 2359 1476 2414 cruciatibus
1505 2362 1656 2430 parit
1686 2360 1879 2414 Eccle-

216 2433 329 2494 sia,
358 2432 652 2485 Christum
683 2447 787 2502 per
816 2431 1107 2495 membra,
1139 2446 1374 2502 semper
1391 2431 1643 2486 etdraco
1665 2431 1880 2502 quarit

216 2504 510 2557 devorare
539 2501 904 2555 nascentem.
942 2503 1012 2556 Et
1036 2502 1226 2571 genuit
1248 2501 1451 2555 mulier
1470 2502 1651 2570 ﬁlium
1678 2501 1878 2555 mascu-

221 2574 330 2628 lum
355 2592 374 2627 :
400 2572 460 2626 id
488 2578 592 2636 est,
626 2573 942 2627 Christum.
992 2572 1209 2625 Deinde
1265 2588 1483 2642 corpus
1517 2573 1669 2641 ejus,
1702 2573 1756 2626 id
1793 2576 1879 2625 est

221 2644 632 2707 Ecclesia,sem
644 2659 745 2714 per
762 2648 1003 2714 generat
1025 2642 1234 2698 Christi
1253 2642 1875 2714 membra.Mascult1m

223 2722 422 2771 autem
455 2714 623 2778 dixit,
640 2713 917 2769 victOrem
936 2714 1220 2769 adversus
1243 2714 1572 2770 diabolum.
1599 2716 1658 2768 Et
1683 2713 1880 2768 mulier

224 2788 369 2859 fugit
384 2787 442 2840 in
462 2802 727 2859 eremum:
748 2786 1041 2859 mundum
1069 2785 1389 2859 istumdnon
1414 2786 1737 2859 incongrue
1761 2800 1880 2859 ege-

227 2856 391 2913 mum
421 2857 775 2927 accipimus,
812 2857 910 2911 ubi
944 2872 1133 2926 usque
1160 2857 1215 2910 in
1248 2857 1428 2910 tinem
1464 2856 1749 2927 Christus
1788 2856 1885 2927 Ec-

225 2928 468 2985 clesiam
522 2925 818 2997 gubernat
848 2933 901 2981 et
930 2925 1143 2997 pascit,
1190 2928 1247 2981 in
1280 2942 1401 2998 quo
1458 2926 1591 2998 ipsa
1625 2925 1884 2980 Ecclesia

226 2998 519 3072 superbos
551 3006 603 3054 et
656 2999 873 3070 impios
904 2999 1178 3072 homines
1214 3004 1502 3068 tanquam
1539 2998 1885 3072 scorpiones

227 3067 567 3143 etviperas,
600 3075 656 3124 et
685 3067 926 3143 omnem
959 3071 1233 3143 virtutem
1268 3067 1491 3143 satana
1525 3084 1627 3139 per
1677 3067 1885 3143 Christi

228 3140 592 3211 adjutorium
625 3141 833 3206 calcat,
868 3146 924 3195 et
967 3140 1233 3195 conterit.
1269 3142 1329 3194 Et
1355 3140 1557 3209 factum
1585 3148 1659 3194 est
1689 3140 1887 3193 bellum

227 3217 284 3268 in
308 3216 438 3269 caelo
466 3234 483 3269 :
511 3213 565 3267 id
600 3218 710 3276 est,
761 3214 819 3267 in
876 3212 1148 3267 Ecclesia.
1180 3211 1415 3266 Michael
1464 3217 1512 3265 et
1547 3211 1747 3281 Angeli
1775 3211 1888 3280 ejus

224 3285 534 3358 pugnabant
564 3284 978 3358 cumidracone:
1007 3283 1370 3358 Michaeleiu,
1406 3282 1697 3358 C_hristu_m
1724 3281 1889 3358 intel-

228 3352 381 3426 lige;
416 3364 472 3411 et
521 3356 777 3424 Angelos
818 3356 969 3425 ejus,
1004 3361 1266 3426 sanctos
1291 3355 1584 3409 homines.
1617 3355 1682 3408 Et
1730 3352 1889 3426 draco

228 3424 491 3500 pugnavit
513 3434 563 3481 et
590 3427 769 3500 angeli
794 3424 947 3496 ejus:
982 3426 1040 3480 id
1073 3431 1181 3490 est,
1211 3425 1491 3500 diabolus
1527 3430 1584 3500 et
1613 3424 1889 3500 homines

230 3494 519 3555 voluntati
552 3494 679 3568 ejus
712 3494 1216 3568 obtemperantes.
1250 3500 1391 3551 Nam
1418 3496 1571 3551 absit
1601 3502 1661 3550 ut
1689 3494 1891 3551 creda-

234 3589 365 3626 mus
384 3570 695 3625 diabolum
719 3585 853 3623 cum
882 3568 1109 3636 angelis
1133 3569 1253 3622 suis
1272 3568 1329 3621 in
1350 3568 1493 3622 calo
1522 3583 1735 3621 ausum
1762 3581 1890 3619 esse

231 3658 522 3714 pugnare,
554 3642 655 3712 qui
684 3642 741 3694 in
768 3646 1139 3714 t_erra_unum
1174 3639 1285 3714 Job
1309 3655 1491 3692 ausus
1522 3654 1639 3714 non
1665 3643 1750 3691 est
1773 3643 1893 3714 ten-

233 3707 375 3777 tare,
410 3713 521 3767 nisi
550 3707 688 3766 e'um
720 3727 754 3766 a
785 3710 1036 3765 Domino
1066 3710 1393 3781 postularet
1437 3716 1497 3763 ut
1526 3707 1892 3781 laderetsEt

232 3802 332 3841 non
361 3784 669 3847 valuerunt,
700 3799 861 3853 neque
894 3784 1038 3837 locus
1058 3780 1241 3835 eorum
1275 3782 1517 3835 inventus
1546 3787 1621 3835 est
1652 3780 1894 3853 amplius

233 3858 289 3912 in
320 3857 447 3910 creto
466 3876 484 3911 :
516 3855 573 3909 id
592 3860 698 3918 est,
726 3852 787 3907 in
810 3854 1154 3908 hominibus
1178 3853 1421 3916 sanctis,
1444 3852 1894 3923 quicredentes,

235 3929 417 3985 semel
435 3925 753 3996 expulsum
778 3924 1085 3979 diabolum
1102 3924 1349 3994 ejusque
1370 3923 1642 3996 satellites
1657 3923 1895 3996 ampius

234 4016 353 4055 non
383 3994 711 4067 recipiunt;
747 3996 899 4050 sicut
929 3998 1245 4051 Zacharias
1277 3995 1444 4067 dixit,
1481 4000 1541 4047 ut
1574 3994 1759 4067 semel
1793 4008 1898 4067 ex;

238 4065 557 4126 terminata
604 4068 763 4122 idola
807 4068 1061 4136 amplius
1102 4083 1219 4121 non
1258 4065 1547 4135 recipiant
1574 4065 1794 4119 locum.
1833 4066 1893 4117 Et

236 4141 491 4213 expulsus
512 4146 585 4194 est
611 4138 773 4193 draco
804 4154 1041 4208 magnus,
1067 4138 1261 4213 anguis
1280 4138 1536 4206 antiquus
1556 4137 1662 4213 _qu_i
1688 4136 1899 4213 dicitur

236 4207 483 4269 dii-ibolus
505 4218 551 4265 et
575 4217 811 4274 satanas,
841 4207 902 4263 et
923 4209 1100 4279 angeli
1122 4212 1238 4278 ejus
1265 4226 1383 4262 cum
1405 4225 1461 4261 eo
1489 4225 1506 4261 :
1535 4207 1813 4261 diabolus
1842 4211 1899 4260 et

237 4286 479 4356 spiritus
507 4282 801 4356 immundi
821 4297 1031 4356 omnes
1054 4297 1190 4335 cum
1210 4296 1318 4356 suo
1347 4279 1616 4356 principe
1633 4280 1705 4356 de
1730 4294 1898 4356 sanc-

237 4349 434 4413 torum
469 4354 750 4409 cordibus
782 4352 1011 4422 elipulsi
1045 4356 1183 4405 sunt
1214 4352 1270 4406 in
1328 4349 1564 4419 terram,
1606 4350 1665 4403 id
1696 4355 1802 4410 est,
1841 4349 1898 4402 in

236 4426 517 4483 homines
547 4425 649 4497 qui
681 4428 913 4479 terrena
940 4425 1205 4497 sapiunt,
1233 4429 1287 4476 et
1317 4428 1496 4476 totam
1529 4436 1897 4497 spemsuani

236 4500 292 4554 in
330 4506 484 4552 terra
515 4492 898 4551 constituunt.
928 4492 1206 4548 Etaudivi
1233 4510 1402 4546 vocem
1429 4510 1675 4563 magnam
1692 4492 1901 4563 decutio

235 4571 521 4631 dicentem,
554 4566 707 4622 Modo
737 4568 884 4638 facta
912 4572 987 4619 est
1012 4565 1157 4619 salus
1193 4572 1240 4618 et
1268 4564 1441 4638 virtus
1470 4560 1533 4617 et'
1552 4580 1775 4638 regnum
1796 4560 1903 4638 ‘Dei

235 4641 462 4698 nostri:
497 4639 554 4693 id
585 4644 691 4699 est,
730 4634 1017 4692 Ecclesia.
1066 4636 1333 4692 Ostendit
1361 4637 1416 4689 in
1446 4650 1567 4706 quo
1617 4635 1765 4689 calo
1794 4634 1904 4687 ista

236 4715 408 4769 ﬁant.
444 4710 617 4781 Apud
652 4712 845 4781 Deum,
865 4710 1033 4781 enim
1058 4722 1307 4781 semper
1326 4707 1429 4781 fuit
1460 4708 1718 4781 etvirtus
1740 4711 1795 4781 et
1820 4720 1905 4758 re-

238 4775 512 4856 gnum‘et'
541 4786 801 4856 potestas
831 4780 952 4856 Filii
978 4777 1143 4856 ejus:
1170 4775 1272 4856 sed
1298 4778 1355 4832 in
1376 4775 1907 4856 Ecelesiadiaitper

236 4846 559 4911 victoriam
590 4851 806 4907 factam
861 4846 1071 4905 Christi
1103 4849 1377 4910 salutem,
1412 4864 1593 4918 quam
1640 4846 1906 4900 videntes

247 4928 330 4983 illi
362 4926 437 4979 de
470 4924 691 4994 quibus
718 4922 1004 4994 Dominus
1019 4921 1182 4994 dixit,
1203 4917 1517 4994 Multijusti
1546 4925 1597 4973 et
1623 4917 1906 4994 Propheta

253 4990 545 5067 cupierunt
560 4994 866 5067 viderequa
884 4992 1074 5067 videtis
1092 4991 1445 5067 (illatlh._x1u,
1474 4995 1558 5058 t7)
1578 5006 1590 5055 ;
1610 4990 1906 5067 dixerunt,

257 5060 419 5129 Modo
447 5068 594 5136 facta
622 5072 695 5120 est
720 5060 865 5119 stilus
904 5060 1127 5119 Domini
1152 5064 1342 5117 nostri.
1378 5064 1640 5136 Quoniam
1665 5060 1910 5136 exclusus

255 5149 333 5196 est
390 5134 675 5193 aCcusator
706 5138 1311 5209 fratrumnostrorum,
1343 5140 1457 5209 etc._
1510 5134 1564 5187 Si
1597 5139 1819 5209 autem,
1850 5134 1910 5184 ut

249 5212 504 5295 quidam
533 5204 765 5280 putant,
793 5208 1421 5295 Angelorumhvos‘egst
1446 5206 1503 5295 in
1524 5204 1909 5295 Aeaiosupne-

244 5276 425 5339 riore.
456 5287 513 5335 et
537 5276 660 5335 non
694 5276 1036 5335 sanctorum
1072 5280 1129 5332 in
1163 5277 1444 5340 Ecclesia,
1474 5290 1594 5330 non
1622 5276 1909 5337 dicerent,

244 5359 531 5410 accusator
558 5352 801 5421 fratrum
830 5358 1156 5411 nostrorum,
1182 5349 1306 5418 sed,
1335 5352 1644 5421 accusator
1671 5350 1909 5421 noster;

249 5443 380 5493 nec,
411 5417 649 5487 accusat,
674 5425 797 5487 sed,
828 5422 1169 5493 accusabat.
1194 5419 1363 5493 Quod
1388 5418 1636 5488 sijustos
1670 5417 1725 5471 in
1758 5421 1911 5493 terra

251 5490 481 5569 positos
504 5495 958 5569 appellaverunt
985 5492 1189 5569 Angeli
1209 5492 1430 5569 fratres
1456 5505 1616 5569 suos,
1643 5504 1760 5541 non
1788 5490 1913 5540 erat

250 5563 560 5639 gaudium'
581 5563 848 5639 missum
869 5582 996 5619 esse
1022 5563 1330 5639 diabnlum
1362 5564 1421 5639 in
1463 5566 1700 5639 terram,
1730 5573 1912 5639 quem

254 5634 662 5695 molestiorem
684 5637 922 5708 possint
944 5635 1191 5708 experiri
1225 5634 1410 5708 sancti
1436 5648 1635 5686 secum
1652 5634 1720 5708 in
1745 5634 1914 5708 terris

255 5712 541 5782 positum,
571 5699 760 5780 quam
791 5707 859 5774 si,
892 5714 951 5762 ut.
981 5699 1213 5771 dicitur,
1244 5703 1440 5761 adhuc
1467 5709 1623 5758 esset
1651 5703 1709 5756 in
1738 5699 1908 5757 calo.

545 5807 789 5863 PATROL.
840 5804 1055 5860 XXXV.

1737 171 1777 224 A
1788 158 2085 225 PPENDIX
2096 212 2108 225 .

3476 170 3625 269 12442

1970 295 2062 351 Sic
2088 294 2447 375 enim-terra
2480 286 2843 375 maledicunt
2873 299 3159 375 dicentes.
3202 302 3296 375 Va
3323 305 3441 375 tibi,
3473 314 3627 364 terra

1967 375 2014 422 et
2042 368 2228 421 mare!
2257 366 2317 421 id
2351 374 2456 429 est,
2491 369 2591 438 qui
2610 370 2826 425 calum
2847 387 2967 426 non
2990 374 3155 429 estis.
3197 374 3337 438 Quia
3360 366 3627 436 descendit

1968 438 2037 518 ad
2068 456 2154 492 vos
2174 438 2661 518 diaboluslhabens
2677 442 2819 518 iram
2850 449 3313 518 magnam,_sciens
3325 450 3453 518 quia
3474 451 3625 506 breve

1940 534 1943 537 -
1969 517 2174 586 tempus
2202 510 2373 564 habet.
2404 510 2704 586 Descendit,
2730 510 2956 586 inquit;
2979 521 3037 569 ut
3062 510 3404 586 allegoriam
3434 537 3623 577 serva-

1969 587 2074 654 ret.
2106 584 2392 654 Caterum
2421 598 2631 654 omnes
2658 584 2717 636 in
2750 584 2902 639 calo
2928 593 3083 654 sunt,
3119 584 3303 643 id'est
3335 591 3392 645 in
3430 594 3623 648 Eccle-

1971 651 2411 729 sia,_qua_just_e
2432 653 2648 729 calum
2670 654 2910 729 dicitur:
2944 651 3102 729 unde
3124 659 3389 729 dejectus
3410 678 3628 719 asanc-

1971 723 2043 778 tis
2057 723 2337 778 diabolus
2350 724 2658 798 descendit
2672 725 2729 779 in
2746 742 2907 798 suos,
2923 743 2960 797 q
2972 728 3024 780 ui
3042 744 3149 798 pro
3170 723 3372 785 a'more
3396 737 3628 790 terreno

1970 799 2127 874 terra
2144 800 2309 874 sunt_._
2328 795 2505 874 Dejici
2524 800 2723 874 autem
2748 795 3001 874 deicalo
3016 795 3137 874 non
3169 801 3248 855 sic
3270 802 3438 874 dixit,
3463 806 3628 874 quod

1972 866 2032 920 in
2064 866 2409 943 hominibus
2424 866 2716 943 tieretjam
2733 867 2948 943 coelum
2978 870 3164 934 factis,
3186 872 3287 925 sed
3312 866 3625 943 quod'sint,

1970 952 2092 1010 non
2125 937 2289 1010 quod
2304 938 2569 1010 tierent‘.
2598 937 2723 993 Non
2748 942 2906 994 enim
2930 937 3387 1010 possuntsancti
3418 937 3624 1001 calum

1970 1008 2119 1094 ficii,
2144 1008 2256 1062 nisi
2282 1008 2526 1094 diabolo
2550 1010 2809 1094 eucluso.
2830 1008 2954 1066 Non
2978 1027 3121 1094 ergo
3141 1015 3627 1094 primqnomine,

1972 1080 2088 1156 sed
2108 1082 2374 1156 secundo
2406 1080 2723 1156 appellavit
2752 1097 2853 1136 eos
2888 1082 3125 1156 calum,
3144 1080 3208 1139 in
3231 1086 3452 1156 quibus
3475 1080 3631 1142 ultra

1972 1150 2194 1227 diabeli
2218 1150 2688 1227 locus_inventus
2712 1168 2831 1207 non
2857 1159 2964 1208 est.
2992 1155 3214 1227 Dequo
3236 1150 3498 1227 periculo
3522 1174 3633 1213 nos

1976 1223 2261 1298 Dominus
2314 1221 2426 1276 sub
2459 1239 2569 1278 sua
2602 1226 2964 1295 protectione
3025 1221 3282 1282 liberare
3328 1228 3626 1298 dignetur,

1972 1294 2075 1365 qui
2107 1293 2262 1357 vivit,
2305 1297 2415 1347 etc.

2638 1380 2866 1419 HOMILl/t
2905 1382 2963 1420 Χ.

2043 1432 2156 1506 [1b.
2193 1450 2260 1489 xu
2294 1440 2349 1488 et
2382 1433 2529 1506 min]
2560 1436 2748 1502 Modo,
2776 1436 2983 1491 fratres
3006 1438 3364 1504 charissimi,
3399 1442 3633 1496 audivi-

1974 1522 2110 1561 mus
2141 1506 2281 1576 quia
2314 1521 2451 1560 cum
2482 1506 2725 1561 Vidisset
2751 1508 2931 1562 draco
2962 1509 3124 1578 quod
3157 1509 3230 1563 de
3276 1514 3497 1566 sanctis
3528 1528 3632 1567 ex-

1974 1578 2179 1632 clusus
2210 1583 2366 1631 esset
2386 1579 2442 1631 in
2472 1582 2708 1651 terram,
2730 1579 2787 1633 id
2813 1583 2900 1633 est
2918 1579 2991 1633 de
3010 1580 3159 1634 calo
3184 1581 3240 1635 in
3264 1588 3629 1651 peccatores,

1976 1654 2331 1721 persecutus
2352 1653 2438 1701 est
2461 1648 2779 1721 mulierem,
2806 1666 2942 1720 qua
2999 1652 3226 1721 peperit
3259 1648 3622 1709 masculum.

1978 1718 2212 1791 Quanto
2242 1719 2401 1773 enim
2441 1718 2718 1773 diabolus
2748 1718 3094 1775 de_sanc_tis'
3125 1722 3419 1791 dejicitur,
3474 1730 3632 1779 tanto

1978 1790 2172 1857 magis
2199 1806 2301 1844 eos
2333 1791 2726 1860 persequitur.
2766 1792 2831 1845 Et
2861 1791 3002 1846 datae
3026 1800 3149 1845 sunt
3181 1790 3428 1859 mulieri,
3452 1795 3513 1849 id
3547 1802 3634 1850 est

1982 1860 2398 1933 Ecclesia,dua
2412 1861 2517 1916 alae
2534 1862 2739 1932 aquila
2754 1870 3045 1933 magna,ut
3068 1864 3268 1918 volaret
3284 1866 3343 1918 in
3365 1866 3633 1921 desertum

1979 1932 2149 1986 locum
2162 1933 2628 1995 suum,ubialitur
2641 1951 2736 2003 per
2757 1932 2959 2004 tempus
2972 1941 3021 1989 et
3035 1942 3271 2005 tempora
3284 1944 3331 1990 et
3345 1937 3633 1992 dimidium

1980 2005 2237 2074 temporis
2258 2021 2288 2057 a
2314 2005 2450 2073 facie
2470 2006 2733 2077 serpentis
2749 2024 2767 2060 :
2789 2013 3045 2076 tempus,
3071 2014 3127 2060 et
3148 2023 3343 2061 annus
3367 2008 3634 2077 intelligi-

1981 2079 2076 2130 tur
2098 2082 2152 2130 et
2182 2081 2419 2131 centum
2445 2077 2605 2129 anni.
2640 2076 2776 2131 Dua
2793 2078 2901 2131 ala
2924 2092 3183 2147 magna,
3209 2078 3331 2133 duo
3354 2076 3633 2134 suntTes-

1984 2152 2247 2220 lamenta
2274 2146 2554 2202 Ecclesia
2575 2163 2712 2220 qua
2733 2149 2979 2217 accepit.
2999 2146 3472 2220 q’uorserpentem
3496 2167 3632 2205 eva-

1982 2218 2215 2290 deretin
2240 2234 2529 2290 eremum.
2561 2218 2625 2271 In
2651 2219 2822 2273 locum
2838 2234 2995 2272 suum
3017 2219 3185 2285 dixit,
3214 2218 3271 2275 id
3297 2228 3402 2290 est,
3434 2223 3492 2275 in
3522 2223 3633 2277 hoc

1987 2288 2231 2364 mundo,
2260 2289 2360 2343 ubi
2380 2297 2685 2364 serpentes
2709 2296 2765 2344 et
2788 2292 3132 2364 scorpiones
3160 2288 3429 2347 habitant
3456 2306 3467 2344 :
3491 2293 3634 2364 quia

1985 2361 2063 2414 illi
2114 2360 2337 2435 dictum
2390 2366 2499 2435 est,
2533 2360 2683 2435 sicut
2717 2361 3191 2435 Dominusdicit,
3220 2364 3341 2417 Ecce
3362 2380 3451 2435 ego
3479 2360 3636 2418 mitto

1985 2448 2073 2505 vos
2087 2432 2224 2505 sicut
2248 2448 2363 2505 oves
2376 2431 2640 2505 iniinedio
2660 2430 2919 2505 luporum
2938 2433 3158 2499 (Matth.
3176 2430 3241 2497 χ,
3268 2436 3357 2505 16)
3380 2430 3406 2500 ;’
3426 2444 3479 2489 et
3506 2437 3635 2489 Eze-

1987 2502 2333 2575 chiel_dicit,
2368 2503 2485 2556 Fili
2528 2503 2777 2567 hominis,
2811 2507 2958 2557 inter
2987 2505 3287 2575 scorpiones
3335 2502 3394 2560 tu
3423 2506 3635 2560 habitas

1987 2573 2201 2641 (Ezech.
2245 2590 2305 2637 ιι,
2340 2575 2428 2646 6).ί
2466 2575 2527 2627 Et
2557 2575 2704 2628 misit
2728 2590 2943 2646 serpens
2968 2591 3033 2628 ex
3059 2573 3150 2629 ore
3174 2593 3267 2630 suo
3292 2584 3413 2646 post
3442 2578 3638 2631 mulie-

1987 2661 2097 2697 rem
2126 2660 2320 2719 aqua_m
2351 2645 2739 2719 velut/lumen.
2774 2645 2966 2719 idest,
2990 2645 3329 2703 violentiam
3366 2664 3638 2719 persecu-

1990 2721 2203 2787 torum.
2232 2714 2544 2787 Etadjuvit
2566 2722 2719 2769 terra
2738 2716 3036 2779 mulierem,
3066 2722 3115 2771 et
3144 2714 3439 2787 aperuit'os
3457 2736 3632 2783 suum,

1988 2794 2034 2841 et
2064 2785 2336 2839 absorbuit
2353 2787 2549 2853 ﬂumen
2566 2787 2703 2857 quod
2728 2788 2876 2841 misit
2897 2787 3063 2841 draco
3079 2788 3140 2841 de
3155 2785 3247 2843 ore
3270 2806 3382 2844 suo.
3399 2793 3635 2845 Terram

1990 2862 2261 2932 sanctam
2295 2857 2453 2932 dicit,
2489 2858 2547 2932 id
2580 2866 2667 2932 est
2696 2864 2953 2912 sanctos.
2986 2860 3223 2923 Quoties
3248 2863 3407 2915 enim
3444 2877 3641 2932 perse-

1992 2930 2259 3003 cutiones
2293 2928 2559 3003 Ecclesia
2591 2928 2949 2997 irrogantur,
2980 2936 3201 2985 sancta
3232 2939 3401 2987 terra
3448 2928 3642 3003 preci-

1994 2999 2125 3064 bus,
2156 2996 2212 3051 id
2256 3004 2343 3051 est
2391 2998 2665 3053 omnium
2715 2996 3056 3053 Sanctorum
3110 2996 3485 3057 orationibus
3539 3007 3644 3059 aut.

1996 3074 2369 3133 amoventur,
2391 3074 2493 3124 aut
2514 3075 2938 3139 temperantur.
2964 3072 3109 3123 Nam
3128 3078 3182 3124 et
3206 3073 3492 3129 Dominus
3509 3090 3644 3129 nos-

1996 3145 2081 3195 ter
2110 3141 2279 3194 Jesus
2307 3140 2573 3194 Christus
2599 3142 2701 3211 qui
2728 3139 3059 3210 interpellat
3088 3155 3196 3211 pro
3224 3143 3423 3208 nobis,
3447 3150 3502 3198 et
3530 3146 3641 3199 has

1998 3211 2435 3282 persecutiones
2463 3216 2744 3276 removet,
2771 3227 2905 3266 cum
2927 3212 3057 3281 ipsa
3081 3219 3233 3267 terra
3262 3214 3478 3269 sedeta
3503 3215 3643 3269 dex-

1998 3283 2098 3337 tris
2130 3282 2376 3337 virtutis.
2413 3283 2553 3336 ltem
2611 3282 2798 3347 aliter,
2832 3282 3143 3336 mulierem
3177 3284 3407 3338 volasse
3462 3285 3519 3338 in
3551 3286 3651 3340 de-

1998 3359 2244 3416 sertum,
2276 3353 2476 3425 ipsam
2513 3352 2828 3408 Ecclesiam
2862 3353 3216 3425 catholicam
3266 3356 3554 3425 intelligit,
3590 3358 3649 3410 in

1998 3441 2117 3497 qua
2151 3423 2915 3498 novissimoitemporesub
2950 3424 3072 3479 Elia
3099 3426 3395 3498 creditura
3425 3423 3515 3481 est
3544 3429 3648 3498 Sy-

2000 3494 2258 3567 nagoga.
2288 3495 2424 3549 Alas
2456 3494 2606 3549 duas
2629 3494 2842 3567 aquila
2868 3511 3123 3563 magna,
3149 3496 3302 3551 duos
3330 3498 3456 3551 vult
3480 3494 3653 3553 intel-

2000 3566 2098 3636 ligi
2118 3567 2463 3637 prophetas,
2482 3567 2703 3621 scilicet
2723 3568 2924 3631 Etiam,
2944 3574 2994 3621 et
3011 3568 3112 3637 qui
3131 3584 3261 3621 cum
3280 3584 3349 3624 eo
3367 3574 3650 3624 venturus

2001 3646 2104 3693 est.
2140 3643 2306 3712 Aqua
2338 3639 2558 3691 emissa
2605 3638 2679 3712 de
2707 3654 2810 3712 ore
2833 3638 3133 3712 draconis,
3167 3642 3488 3694 exercitum
3520 3657 3651 3712 per-

2003 3708 2380 3782 sequentium
2431 3724 2561 3782 eam
2622 3709 2962 3782 signiﬁcat:
3003 3709 3294 3779 absorpta
3346 3708 3537 3782 aqua;
3575 3712 3651 3767 de

2002 3780 2485 3861 persecutoribus
2516 3780 3093 3861 tantamvindictam.
3120 3782 3191 3835 Et
3210 3780 3471 3861 iratusest
3492 3783 3655 3861 draco

2004 3850 2061 3905 in
2092 3852 2392 3913 mulierem,
2423 3857 2473 3924 et
2505 3850 2643 3906 abiit
2697 3851 3115 3924 bellumin/acere
3162 3868 3280 3907 cum
3325 3854 3555 3924 reliquis
3592 3855 3655 3908 de

2003 3924 2202 3995 semine
2227 3923 2338 3991 ejus
2367 3942 2386 3978 :
2418 3922 2614 3995 idest,
2649 3939 2783 3977 cum
2815 3922 3057 3977 vidisset
3089 3940 3209 3979 non
3251 3940 3429 3995 posse
3446 3922 3655 3980 conti-

2006 3994 2177 4048 nuari
2211 3993 2670 4063 persecutiones,
2696 4010 2850 4064 quas
2882 4010 2986 4064 per
3009 3993 3274 4063 Paganos
3296 3997 3525 4052 solebat
3549 3997 3656 4052 im-

2008 4065 2259 4125 mittere,
2276 4081 2344 4119 eo
2363 4081 2397 4135 q
2410 4065 2527 4118 uod
2544 4080 2647 4119 ore
2667 4081 2771 4120 san
2782 4070 2888 4119 cta
2907 4070 3095 4131 terra,
3114 4067 3171 4121 id
3186 4072 3272 4121 est
3288 4068 3657 4123 orationibus

2009 4136 2230 4191 sanctis
2263 4142 2728 4199 removerentur,
2758 4137 3013 4191 hareses
3040 4138 3374 4191 concitavit.
3406 4139 3480 4191 Et
3509 4138 3657 4191 stetit

2008 4224 2169 4277 super
2188 4223 2413 4261 arenam
2442 4208 2613 4260 maris
2632 4230 2649 4259 .-
2668 4208 2724 4261 id
2750 4214 2855 4270 est,
2882 4222 3058 4277 super
3081 4207 3521 4262 multitudinem
3538 4209 3655 4262 ha-

2008 4276 2347 4333 reticorum.
2386 4279 2455 4332 Et
2489 4278 2603 4331 vidi
2630 4278 2986 4331 ascendentem
3018 4276 3237 4331 bestiam
3279 4278 3339 4331 de
3368 4278 3510 4332 mari
3547 4297 3566 4333 :
3598 4278 3659 4332 id

2010 4356 2116 4414 est,
2146 4350 2218 4402 de
2238 4350 2458 4419 populo
2489 4349 2664 4401 malo.
2686 4348 3073 4402 Ascendentem
3095 4349 3258 4412 dixit,
3288 4350 3401 4403 hoc
3423 4354 3509 4403 est
3529 4365 3660 4403 nas-

2011 4418 2438 4475 centem.Sicut
2456 4418 2565 4473 ﬂos
2586 4419 2644 4472 in
2674 4419 2895 4473 bonam
2929 4428 3159 4489 partem
3182 4420 3253 4473 de
3274 4420 3471 4474 radice
3493 4420 3658 4474 Jesse

2012 4490 2298 4546 ascendit.
2338 4492 2593 4543 Bestiam
2636 4491 3057 4544 ascendentem
3109 4491 3181 4544 de
3215 4491 3384 4555 mari,
3440 4492 3659 4561 impios

2013 4563 2173 4633 dicit.
2208 4561 2306 4630 qui
2343 4567 2481 4614 sunt
2508 4576 2723 4633 corpus
2755 4561 2999 4633 diaboli.
3034 4562 3107 4615 Et
3141 4561 3305 4616 bestia
3335 4579 3491 4633 quam
3513 4562 3655 4625 vidi,

2012 4632 2210 4713 similis
2230 4640 2347 4713 enat
2394 4632 2582 4713 pardo,
2613 4638 2663 4713 et
2706 4632 2857 4703 pedes
2884 4634 2997 4702 ejus
3025 4634 3329 4713 sicut‘ursi,
3352 4632 3418 4687 et
3467 4635 3662 4713 os_ejus

2013 4705 2149 4759 sicut
2183 4720 2237 4757 os
2268 4702 2475 4757 leonis:
2509 4702 2965 4774 pardo'pmpter
3000 4706 3343 4758 varietatem
3392 4702 3658 4773 gentium

2019 4774 2324 4841 similavit,
2350 4790 2487 4827 urso
2507 4780 2747 4844 propter
2774 4774 3061 4829 malitiam
3085 4781 3140 4829 et
3158 4775 3486 4839 vesaniam,
3507 4776 3664 4831 leoni

2019 4852 2261 4917 propter
2292 4846 2563 4901 virtutem
2595 4846 2859 4916 corporis
2886 4851 2941 4917 et
2967 4846 3185 4913 lingua
3206 4847 3571 4916 superbiam.
3605 4849 3666 4902 Et

2018 4916 2161 4988 quia
2184 4917 2553 4985 temporibus
2572 4916 2906 4971 Antichristi
2931 4933 3065 4970 cum
3087 4918 3363 4972 varietate
3396 4918 3663 4985 gentium

2021 4995 2074 5043 et
2095 4988 2455 5059 populorum
2478 5004 2727 5055 regnum
2754 4988 2905 5041 illius
2923 4989 3029 5041 erit
3053 4989 3465 5050 commixtum,
3483 4988 3666 5057 pedes

2022 5066 2305 5129 tanquam
2342 5060 2479 5122 ursi,
2514 5061 2694 5112 duces
2725 5059 2885 5127 ejus;
2916 5075 2982 5112 os
3011 5060 3159 5126 eius,
3186 5060 3375 5128 jussio
3406 5060 3553 5129 ejus.
3588 5060 3668 5113 Et

2020 5130 2165 5184 dedit
2198 5132 2246 5183 ei
2274 5130 2440 5183 draco
2478 5130 2735 5183 virtutem
2765 5145 2915 5182 suam
2948 5146 2962 5182 :
2998 5129 3145 5183 sicut
3176 5132 3448 5184 videmus
3485 5131 3667 5184 modo

2022 5202 2329 5255 hareticos
2357 5218 2487 5254 esse
2520 5202 2575 5255 in
2609 5200 2721 5254 hoc
2753 5200 2968 5254 saculo
2988 5207 3273 5269 potentes,
3307 5202 3408 5272 qui
3440 5201 3668 5256 habent

2024 5273 2295 5326 virtutem
2322 5272 2559 5326 diaboli.
2597 5272 2754 5326 Sicut
2785 5272 3094 5341 quondam
3126 5272 3367 5339 Pagani,
3400 5274 3477 5326 ita
3508 5288 3667 5327 nunc

2024 5344 2104 5397 illi
2138 5350 2368 5397 vastant
2400 5342 2738 5397 Ecclesium.
2764 5344 2836 5397 Et
2864 5344 2975 5396 vidi
2999 5359 3161 5397 unum
3189 5360 3254 5396 ea:
3274 5344 3671 5413 capitibusejus

2023 5415 2178 5485 quasi
2211 5414 2437 5469 occisura
2471 5416 2526 5467 in
2548 5418 2771 5468 mortem
2798 5432 2815 5477 ;
2841 5419 2889 5467 et
2934 5414 3097 5484 plaga
3127 5416 3316 5469 mortis
3341 5416 3453 5485 ejus
3478 5422 3673 5469 curata

2024 5492 2100 5540 est
2124 5503 2140 5539 :
2172 5486 2331 5557 quod
2364 5486 2502 5540 dicit
2553 5486 2725 5557 quasi
2756 5485 3044 5557 occisum,
3073 5485 3326 5540 haretici
3378 5492 3534 5551 sunt,
3567 5486 3669 5557 qui

2026 5556 2307 5613 simulant
2331 5573 2393 5612 se
2415 5557 2676 5612 conﬁteri
2703 5556 3031 5611 Christum:
3057 5563 3111 5611 et
3131 5558 3277 5613 dum
3306 5573 3426 5614 non
3447 5557 3531 5613 sic
3553 5572 3673 5614 cre-

2090 5710 2103 5739 ¹
2134 5706 2230 5755 M8.
2263 5705 2546 5771 Petrensis,
2580 5705 2666 5769 sed
2681 5705 2803 5761 sint,
2835 5719 2941 5753 non
2976 5706 3107 5767 quod
3131 5706 3341 5768 fuerint.

2754 5794 3389 5870 (Soixante-dix-sept.)
