4158 6204
583 192 725 253 2443

582 322 733 376 dunt
779 323 838 373 ut
868 316 1017 372 ﬁdes
1042 314 1332 372 catholica
1361 314 1564 381 habet,
1597 314 2059 385 blasphemant;
2089 329 2227 368 cum

584 407 723 448 eum
746 396 801 444 et
825 389 1085 444 occisum
1106 386 1452 458 praedicent,
1475 390 1533 440 et
1553 385 1943 440 resurrexisse
1963 401 1989 458 :7
2009 385 2152 458 quia
2175 389 2231 458 et

584 464 712 527 ipse
744 467 991 517 satanas
1024 455 1407 526 transﬁgurat
1453 473 1515 512 se
1568 458 1625 512 in
1657 458 1939 527 angelum
1982 455 2128 511 lucis
2159 455 2230 526 (ll

630 551 717 590 or.
746 549 826 596 xi,
864 534 978 591 14).
1010 532 1075 584 Et
1104 528 1299 583 aliter:
1330 528 1683 583 occiduntur
1707 529 1964 583 hmreses
1992 544 2098 598 per
2128 529 2233 582 Ca-

588 605 855 666 tholicos,
884 618 1020 656 cum
1048 600 1483 670 Scripturarum
1510 599 1859 654 testimoniis
1885 600 2234 670 opprimun-

586 682 701 740 tur,
733 673 837 729 sed
867 673 945 726 illi
993 669 1380 726 nihilominus
1410 670 1587 741 quasi
1617 676 1842 726 satanas
1882 669 2061 741 plaga
2086 670 2235 724 redi-

588 746 701 802 vivi
732 748 1040 816 peragunt_
1077 757 1261 816 opera
1291 740 1533 807 satana,
1567 747 1623 797 et
1655 757 1775 797 non
1822 740 2235 816 cessantblas-

630 812 1043 877 hemare,etad
1057 812 1281 884 dogma
1292 828 1466 867 suum
1482 828 1635 884 quos
1650 820 1903 884 possunt
1917 812 2231 867 attrahere.

642 896 661 942 t
691 890 893 940 mirata
908 890 981 938 est
1001 887 1171 938 omnis
1183 891 1335 938 terra
1348 890 1528 939 secuta
1545 884 1786 949 bestiam,
1801 890 1851 938 et
1869 884 2233 938 adoraverunt

586 958 868 1013 draconem
893 956 989 1026 qui
1016 955 1165 1010 dedit
1196 962 1503 1025 potestatem
1533 956 1709 1011 bestia
1735 975 1755 1010 :
1783 957 1985 1026 utique
2013 954 2236 1011 habent

587 1034 941 1102 potestatem
981 1027 1258 1102 haeretici,
1286 1027 1393 1081 sed
1416 1029 1731 1102 praecipue
1757 1027 1986 1102 Ariani:
2006 1027 2081 1081 Et
2111 1026 2234 1102 ada-

586 1097 849 1155 raverunt
882 1098 1102 1153 bestiam
1127 1098 1377 1161 dicentes,
1402 1097 1531 1163 Quis
1554 1098 1752 1153 similis
1769 1097 1988 1152 bestiae?
2013 1097 2236 1167 autquis

586 1171 787 1243 poterit
810 1186 1056 1243 pugnare
1078 1169 1305 1243 eamea?
1327 1169 1451 1243 Hoc
1467 1170 1601 1224 ideo
1618 1171 1769 1243 quia
1791 1170 1901 1243 sibi
1919 1169 2236 1243 blandiun-

590 1238 683 1299 tur
713 1238 991 1307 haeretici,
1049 1241 1214 1312 quod
1246 1240 1445 1312 nullus
1493 1238 1704 1295 melius
1762 1238 1963 1295 credat
1994 1240 2125 1312 illis,
2172 1244 2237 1312 et

590 1314 755 1387 quod
784 1312 982 1367 nullus
1009 1310 1205 1367 vincat
1234 1311 1526 1387 populum
1557 1312 1824 1387 ipsorum
1872 1312 1974 1387 qui
2012 1310 2237 1387 bestia:

590 1382 835 1441 nomine
858 1389 1160 1439 censetur:
1186 1383 1281 1437 cui
1298 1382 1506 1437 datum
1529 1389 1615 1437 est
1635 1382 1712 1437 ab
1732 1383 1861 1452 ipso
1906 1382 2166 1445 diabolo,
2183 1386 2239 1436 et

591 1474 627 1513 a
660 1460 775 1511 Deo
810 1455 1166 1525 permissum
1195 1458 1299 1516 est,
1334 1457 1397 1507 ut
1426 1453 1706 1525 loquatur
1738 1468 1960 1525 magna
1989 1460 2040 1525 et
2072 1452 2239 1507 blas-

592 1523 866 1599 phemias
898 1544 924 1599 ;_
965 1526 1114 1599 sicut
1145 1524 1283 1599 dicit
1333 1523 1649 1599 Apostolus
1673 1545 1703 1599 :_
1744 1523 1991 1599 Oportet_
2018 1524 2239 1599 hereses

593 1595 718 1663 Esse,
742 1603 800 1651 ut
829 1597 926 1666 qui
943 1595 1317 1666 probatisunt,
1345 1597 1629 1666 manifesti
1652 1596 1764 1649 sint
1791 1597 1850 1648 in
1876 1595 2015 1649 vobis
2044 1596 2082 1666 (Ι
2115 1596 2236 1649 Cor.

592 1685 672 1733 x1,
710 1668 820 1737 19).
852 1669 926 1722 Ει
963 1668 1091 1721 data
1115 1672 1190 1720 est
1216 1667 1266 1719 ei
1292 1671 1524 1736 potestas
1548 1668 1727 1737 facere
1761 1683 1957 1721 menses
2006 1667 2241 1736 quadra-

592 1741 747 1810 ginta
767 1739 917 1793 duos:
944 1743 1182 1810 tempus
1201 1737 1545 1810 novissimae
1573 1738 2005 1810 persecutionis
2031 1754 2085 1810 in
2116 1737 2240 1810 istis

593 1809 996 1882 quadraginta
1011 1809 1248 1882 duobus
1275 1809 1583 1882 mensibus
1608 1809 2012 1882 intelligimus.
2040 1809 2241 1882 Deinde

592 1879 808 1952 aperuit
837 1897 893 1935 os
914 1897 1069 1952 suum
1098 1880 1158 1933 in
1180 1879 1565 1952 blasphemiam
1591 1879 1661 1934 ad
1686 1880 1894 1935 Deum:
1924 1879 2019 1935 hic
2050 1880 2241 1934 mani-

595 1950 813 2008 festum
845 1957 932 2007 est
962 1951 1094 2006 illos
1125 1950 1442 2019 signiﬁcari
1474 1952 1577 2022 qui
1603 1952 1678 2005 de
1711 1952 1967 2007 Ecclesia
1989 1966 2242 2005 recesse-

594 2030 735 2080 runt
762 2022 1084 2086 catholica;
1109 2028 1172 2076 ut
1196 2023 1297 2092 qui
1329 2028 1465 2077 ante
1496 2022 1725 2077 occulte
1752 2024 1905 2077 intra
1920 2022 2240 2077 Ecclesiam

594 2095 771 2163 quasi
801 2094 981 2148 ﬁdem
1014 2100 1236 2148 rectam
1265 2097 1459 2147 tenere
1492 2093 1870 2159 videbantur,
1890 2094 2241 2164 inpersecu-

597 2168 754 2221 tione
786 2171 991 2235 aperto
1016 2179 1115 2218 ore
1148 2164 1203 2218 in
1236 2167 1415 2218 Deum
1445 2164 1749 2234 proferant
1776 2163 2237 2235 blasphemiam.

596 2239 661 2292 Et
688 2238 747 2291 in
769 2235 1172 2291 tabernaculum
1194 2235 1325 2306 ejus,
1348 2243 1398 2289 et
1427 2238 1485 2288 in
1513 2252 1597 2291 eos
1615 2236 1712 2306 qui
1726 2238 1783 2290 in
1804 2235 1930 2290 calo
1954 2235 2239 2290 habitant:

598 2309 658 2363 id
692 2315 796 2371 est,
828 2311 887 2362 in
916 2314 1155 2362 sanctos
1184 2308 1289 2377 qui
1317 2308 1469 2362 intra
1492 2308 1814 2362 Ecclesiam
1840 2308 2238 2371 continentur,

597 2396 731 2452 quin
761 2379 978 2452 cretum
1006 2384 1486 2452 est_nu_ncupata,
1513 2378 1658 2452 quia
1682 2378 1865 2449 etipsi
1896 2378 2241 2433 tabernacu-

598 2448 723 2506 lum
758 2451 856 2504 Dei
888 2455 1044 2504 sunt.
1078 2450 1156 2503 Et
1180 2448 1367 2503 datum
1388 2456 1463 2503 est
1476 2449 1525 2502 ei
1540 2448 1739 2504 bellam
1750 2448 1929 2519 facere
1953 2466 2072 2503 cum
2090 2464 2243 2503 sanc-

600 2524 689 2585 tis,
717 2529 766 2576 et
790 2522 1004 2576 vincere
1024 2537 1107 2575 eos
1136 2537 1151 2573 :
1180 2536 1217 2575 a
1244 2525 1368 2575 toto
1387 2526 1628 2592 partem
1665 2520 2076 2592 intelligimus,
2108 2534 2243 2592 quae

599 2594 752 2648 vinci
785 2598 1007 2664 potest;
1040 2607 1161 2647 non
1191 2591 1349 2664 enim
1382 2590 1524 2664 boni
1544 2591 1878 2658 Christiani,
1899 2592 2003 2646 sed
2036 2590 2241 2661 illi'qui

601 2664 740 2721 mali
776 2662 913 2718 sunt
937 2663 1274 2718 vincuntur.
1290 2663 1366 2717 Et
1396 2662 1524 2715 data
1545 2670 1618 2717 est
1643 2664 1692 2716 ei
1700 2668 1932 2732 potestas
1954 2679 2116 2732 super
2140 2678 2245 2715 om-

605 2752 723 2790 nem
748 2735 949 2790 tribum
982 2740 1031 2788 et
1057 2734 1319 2802 linguam,
1350 2740 1399 2786 et
1428 2733 1729 2787 adorabunt
1754 2749 1867 2787 eam
1890 2749 2064 2787 omnes
2094 2732 2244 2787 habi-

604 2813 778 2861 tantes
807 2813 1016 2860 terram
1039 2819 1283 2857 :omnes
1315 2802 1483 2866 dixit,
1506 2805 1606 2857 sed
1639 2805 1697 2857 in
1717 2810 1869 2860 terra
1887 2804 2244 2867 habitantes,

606 2892 726 2931 non
754 2878 814 2930 in
842 2874 1014 2929 ccelo.
1045 2874 1281 2937 Quorum
1306 2890 1409 2928 non
1426 2880 1502 2928 est
1525 2874 1791 2937 scriptum
1819 2890 2006 2929 nomen
2029 2875 2088 2930 in
2110 2874 2250 2929 libro

603 2947 732 3001 vitae
756 2945 946 3017 Agni:
979 2944 1053 2999 de
1082 2944 1332 3018 diabolo
1365 2944 1659 3018 dixithvel
1688 2946 1816 3017 ejus
1848 2946 2093 3018 populo,
2128 2962 2249 3018 non

607 3024 693 3090 est
724 3015 1260 3090 scriptumnomen
1283 3016 1416 3088 ejus
1437 3016 1495 3070 in
1516 3015 1665 3073 libro
1690 3015 2072 3089 v'itieISig'nati
2096 3017 2251 3090 (ajab

603 3089 817 3160 origine
842 3086 1063 3143 mundi:
1096 3088 1239 3159 quia
1268 3086 1329 3142 in
1355 3090 1667 3160 praesentia
1702 3091 1797 3144 Dei
1830 3086 2087 3145 Ecclesia
2108 3086 2250 3145 ante

604 3158 1005 3232 praeordinata
1035 3158 1129 3214 est
1151 3164 1330 3230 atque
1359 3158 1614 3229 signata.
1646 3160 1815 3225 Quod
1850 3160 1976 3233 ipse
2008 3166 2249 3232 praesta-

607 3247 690 3297 re,
718 3238 828 3288 etc.

1260 3315 1486 3356 HOIILIA
1524 3317 1602 3356 XI.

672 3374 783 3453 [ιδ.
812 3371 1131 3453 xiuetxiv].
1160 3370 1224 3452 I‘n
1242 3370 1490 3453 lectione
1517 3388 1653 3444 quas
1673 3372 2111 3453 _modorecilata
2133 3378 2239 3439 est,

601 3442 810 3501 fratres
856 3442 1213 3507 charissimi,
1271 3442 1618 3499 audivim‘ns
1670 3442 1911 3499 beatum
1960 3447 2250 3501 Joannem

604 3518 919 3579 dicentem,
946 3515 1023 3569 Et
1052 3513 1172 3569 vidi
1199 3513 1363 3568 aliam
1410 3514 1630 3569 bestiam
1658 3515 2025 3570 ascendentem
2051 3516 2119 3571 de
2144 3522 2251 3569 ter-

601 3605 667 3642 ra
694 3608 713 3644 :
749 3587 913 3658 quod
939 3591 1031 3658 est
1056 3601 1240 3658 mare,
1269 3585 1381 3658 hoc
1402 3592 1574 3641 terra.
1594 3585 1908 3641 Ethabebat
1930 3603 2131 3642 cornua
2148 3588 2251 3643 duo

600 3655 810 3715 similia
833 3657 985 3728 Agni
1006 3674 1025 3711 :
1058 3656 1120 3728 id
1138 3662 1242 3719 est,
1271 3655 1393 3710 duo
1418 3660 1789 3713 Testamenta
1810 3659 1885 3712 ad
1920 3659 2252 3713 similitudi-

602 3747 741 3785 nem
768 3727 940 3798 Agn’i,
963 3727 1127 3797 quod
1145 3733 1231 3783 est
1260 3727 1627 3784 Ecclesia.Et
1648 3728 2031 3799 loquebaturut
2053 3729 2249 3785 draco:

602 3802 731 3857 haec
744 3806 829 3855 est
847 3799 945 3854 illa
973 3815 1107 3872 quae
1128 3799 1240 3853 sub
1262 3799 1503 3854 nomine
1517 3801 1840 3872 christiano
1861 3816 2086 3869 agnum
2103 3817 2250 3872 prte-

601 3872 728 3935 fert,
763 3876 823 3925 ut
854 3870 1131 3925 draconis
1160 3885 1392 3925 venena
1414 3872 1656 3926 latenter
1676 3871 1950 3927 infundat
1975 3892 1987 3936 ;
2013 3870 2141 3927 hinc
2163 3875 2251 3927 est

598 3942 876 3996 haeretica
910 3940 1183 3994 Ecclesia.
1235 3941 1392 4007 Agni
1430 3944 1588 3996 enim
1622 3942 2071 3998 similitudinem
2126 3959 2248 3999 non

599 4012 948 4075 imitaretur,
976 4011 1024 4064 si
1056 4016 1256 4081 aperte
1286 4010 1627 4082 loqueretur
1661 4030 1672 4067 :
1707 4029 1865 4067 nunc
1910 4013 2251 4069 Christiani-

602 4082 990 4156 tatem_fingi_t,
1020 4081 1438 4156 quosecurius
1462 4082 1732 4138 incautos
1756 4084 2032 4156 decipiat.
2072 4086 2250 4156 Prop-

596 4161 759 4209 terea
789 4151 1076 4225 Dominus
1105 4152 1266 4225 dicit,
1298 4153 1493 4225 Cavete
1533 4170 1566 4207 a
1605 4151 2096 4225 pseudoprophetis,
2133 4151 2245 4211 etc.

599 4226 813 4297 (Matth.
850 4239 945 4289 vn,
981 4224 1084 4297 t5).
1118 4223 1195 4278 Et
1222 4224 1355 4297 [acii
1385 4230 1586 4279 terram
1614 4232 1666 4279 et
1697 4242 1779 4279 eos
1800 4223 1915 4297 qui
1932 4226 1991 4280 in
2028 4244 2090 4281 ea
2121 4236 2248 4283 sunt

594 4303 656 4351 ut
676 4296 900 4352 adorent
915 4296 1133 4369 bestiam
1151 4296 1572 4369 priorem.cujus
1591 4304 1785 4369 curata
1797 4296 1873 4352 est
1885 4297 2047 4369 plaga
2062 4301 2247 4354 mortis

595 4369 748 4438 ejus:
782 4373 831 4421 et
855 4367 1013 4437 faciet
1038 4367 1192 4436 signa
1217 4384 1431 4437 magna,
1450 4368 1532 4421 ita
1558 4375 1616 4422 ut
1642 4368 1818 4438 ignem
1841 4367 2011 4438 lacia't
2039 4370 2247 4425 descen-

629 4457 715 4494 ere
744 4439 806 4493 de
836 4438 961 4493 caelo
986 4439 1047 4492 in
1076 4445 1321 4509 terram:
1352 4446 1408 4493 et
1432 4439 1575 4509 quia
1606 4440 1824 4495 caelum
1854 4440 2112 4496 Ecclesia
2133 4447 2243 4509 est,

593 4511 739 4636 quid
788 4516 876 4565 est
901 4511 1101 4578 ignem
1133 4508 1207 4562 de
1238 4510 1389 4564 coelo
1418 4508 1799 4574 descendere,
1836 4512 1950 4567 nisi
1984 4512 2241 4567 haereses

638 4597 667 4635 e
684 4581 941 4636 Ecclesia
966 4581 1382 4635 cadere‘isicut
1405 4585 1689 4636 scrinium
1714 4583 1927 4636 est.Ea:
1944 4582 2240 4636 nobisexie-

638 4597 667 4635 e
684 4581 941 4636 Ecclesia
966 4581 1382 4652 cadere‘isicut
1405 4585 1689 4652 scriptum
1714 4583 1927 4649 est,Ea:
1944 4582 2240 4638 nobisexie-

592 4660 748 4735 runt,
775 4653 863 4735 sed
886 4668 992 4735 non
1013 4658 1173 4735 erant
1191 4668 1255 4705 ea:
1280 4651 1429 4735 nobis
1450 4655 1490 4735 (ΙΙ
1511 4651 1669 4735 Joan:
1697 4654 2058 4735 ii,19).lgii_is
2081 4658 2240 4735 enim

592 4725 665 4778 de
697 4726 846 4778 cmlo
873 4722 1442 4795 descenditquando
1466 4722 1726 4778 haeretici
1748 4722 1850 4795 qui
1874 4722 1947 4779 de
1979 4724 2242 4783 Ecclesia

590 4794 918 4866 velutignfs
932 4793 2237 4917 recedunt,ipsamEcclesiam—persequuntur.

591 4866 781 4917 Bestia
806 4881 948 4917 ergo
974 4881 1110 4917 cum
1136 4865 1257 4917 duo
1305 4882 1370 4917 us
1397 4866 1700 4917 cornibus.
1732 4866 1868 4917 facit
1890 4872 1954 4917 ut
1980 4867 2237 4917 nonulus

591 4866 781 4939 Bestia
797 4865 948 4935 ergo
974 4881 1110 4939 cum
1136 4865 1370 4939 duobus
1397 4866 1700 4939 cornibus,
1732 4866 1868 4939 facit
1890 4872 1954 4922 ut
1979 4865 2241 4939 populus

588 4936 980 4993 simulacrum
1012 4935 1239 4998 bestiae,
1267 4936 1325 4991 id
1359 4940 1448 4990 est
1473 4936 1698 4991 diaboli
1732 4936 1809 4992 ad
1836 4935 2237 4994 inventionem

586 5011 815 5066 adoret.
837 5010 906 5065 Ut
934 5008 1105 5062 deteis
1118 5014 1298 5062 notam
1326 5023 1489 5077 super
1520 5024 1738 5063 manum
1758 5025 1938 5063 eorum
1962 5009 2236 5077 dextram,

585 5088 680 5138 aut
713 5097 874 5152 super
893 5080 1127 5152 frontem
1156 5095 1339 5152 eorum
1366 5096 1383 5133 :
1418 5080 1767 5152 mysterium
1797 5081 1954 5152 enim
1978 5081 2239 5152 disputat

584 5150 890 5210 facinoris.
927 5151 1123 5207 Sancti
1156 5150 1313 5205 enim
1345 5150 1447 5221 qui
1479 5156 1618 5206 sunt
1647 5150 1706 5206 in
1736 5150 2018 5218 Ecclesia,
2046 5150 2238 5208 Chris-

588 5231 709 5305 tum
737 5222 1044 5305 accipiunt
1070 5222 1127 5305 in
1154 5226 1424 5305 mandet
1446 5223 1503 5276 in
1524 5221 1763 5305 fronte}.
1782 5222 2112 5305 hypocritai
2130 5240 2237 5280 au-

582 5302 702 5353 tem
735 5292 987 5351 bestiam
1019 5293 1131 5347 sub
1160 5293 1373 5364 Christi
1405 5294 1667 5348 nomine.
1700 5292 1763 5348 Si
1790 5292 1883 5364 qui
1914 5311 2016 5349 non
2041 5296 2237 5349 adora-

581 5374 778 5424 verunt
798 5366 1037 5430 bestiam,
1067 5380 1159 5419 nec
1185 5363 1473 5433 imaginem
1500 5365 1632 5433 ejus,
1665 5381 1759 5419 nec
1782 5363 2096 5435 acceperunt
2126 5366 2235 5422 ins-

580 5439 897 5508 criptionem
931 5440 947 5473 ¹
984 5438 1043 5491 in
1069 5438 1270 5505 fronte,
1318 5440 1415 5508 aut
1441 5435 1500 5489 in
1530 5453 1693 5491 manu
1717 5453 1853 5508 sua,
1887 5437 2234 5495 occidantur:

583 5506 703 5578 non
736 5510 1015 5563 abhorret
1040 5524 1075 5563 a
1094 5508 1228 5562 ﬁde.
1259 5513 1321 5562 ut
1343 5506 1533 5563 bestia
1556 5509 1686 5578 ipsa
1711 5507 1895 5578 impia
1920 5508 2122 5564 civitas
2147 5508 2234 5564 ln-

586 5576 896 5642 teltigatur,
913 5578 969 5630 id
984 5585 1069 5631 est
1082 5578 1464 5648 congregatio
1477 5578 1565 5634 vel
1578 5576 1939 5650 conspiratio
1960 5581 2231 5637 omnium

572 5703 585 5717 ,
695 5660 790 5731 hine.
845 5662 1124 5731 Petrensis,
1162 5666 1437 5731 imaginem
1472 5667 1579 5731 ejus
1622 5681 1781 5731 neque
1808 5667 2223 5731 inscriptionem.

644 5722 715 5785 ta)
732 5720 828 5768 Pro
840 5720 2229 5798 esphagmenonmécisi,legitesphragisménou,signati,

1519 188 1591 246 IN
1632 190 1697 247 B.
1739 188 2031 247 JOANNIS
2071 182 2579 245 APOCALYPSIM
2620 182 3026 243 EXPOSITIO.

3814 186 3917 251 illi

2348 313 2671 382 impiorum
2699 312 2785 366 vel
2818 311 3240 383 superborum,
3263 325 3391 380 quae
3416 308 3720 383 Babylonia
3737 312 3917 383 dicitur,

2347 391 2402 439 et
2432 387 2850 455 interpretatur
2878 382 3162 455 Confusio
3207 398 3221 447 ;
3276 387 3333 455 et
3362 382 3441 437 ad
3476 384 3664 453 ipsam
3693 382 3919 455 pertinent

2346 453 2712 527 quicumque
2752 471 2845 509 res
2875 454 3237 527 confusione
3250 453 3471 527 dignas
3497 453 3746 527 exercere
3772 458 3919 513 volue-

2347 524 2480 599 rint.
2499 524 2631 597 Ipse
2654 530 2739 599 est
2761 526 3020 599 populus
3042 524 3391 587 infidelium,
3413 526 3731 599 contrarius
3750 532 3919 599 populo

2345 597 2506 653 ﬁdeli
2527 595 2590 653 Cet
2616 595 2985 652 civitati’llei.
3021 599 3225 666 Imago
3250 611 3388 651 vero
3415 595 3541 665 ejus
3562 595 3917 666 simulatio'est,

2349 668 2407 724 in
2440 670 2523 724 eis
2555 668 2825 724 videlicet
2854 667 3222 731 hominibus,
3255 668 3355 738 qui
3388 668 3544 721 velut
3575 668 3741 723 ﬁdem
3768 670 3922 727 catho-

2346 740 2522 796 licam
2552 742 2919 811 protitentur,
2940 746 2995 793 et
3015 737 3923 808 inﬁdelitervivunt;ﬁnguntenim

2349 827 2567 890 senesse
2598 811 2914 890 quodnon
2941 817 3121 890 sunt,
3179 814 3598 890 vocanturque‘
3636 825 3743 890 non
3770 814 3919 890 veraci

2348 880 2704 963 effigia-sed
2730 882 2964 963 fallaci
3007 881 3271 963 imagine
3300 880 3601 963 christiani
3626 897 3642 963 :_
3669 881 3734 936 de
3758 883 3924 963 quibus

2348 955 2666 1025 Apostolus
2708 954 2867 1017 dicit,
2916 952 3181 1025 Habentes
3230 952 3451 1025 quidem
3496 952 3713 1022 speciem
3736 952 3917 1023 pietatis,

2352 1026 2604 1079 virtutem
2625 1032 2802 1079 autem
2815 1027 2933 1093 eius
2958 1024 3358 1097 abnegantes(ll
3380 1024 3517 1097 Tim.
3534 1040 3612 1087 ιιι,
3630 1027 3679 1097 5)
3696 1041 3707 1091 ;
3725 1041 3922 1097 quorum

2351 1113 2466 1151 non
2486 1112 2666 1167 parva
2686 1098 2875 1167 portio
2899 1097 2955 1149 in
2981 1094 3238 1150 Ecclesia
3256 1094 3609 1150 continetur.
3629 1094 3755 1151 Justi
3775 1103 3923 1150 autem

2351 1184 2471 1224 non
2499 1168 2747 1222 adorant
2772 1168 3046 1232 bestiam,
3081 1168 3140 1221 id
3168 1172 3271 1233 est,
3304 1181 3426 1222 non
3457 1168 3824 1233 consentiunt,
3839 1182 3923 1222 non

2350 1239 2779 1308 subjiciuntur:
2800 1254 2992 1308 neque
3006 1238 3927 1308 accipiuntinscriptionem,notam

2351 1311 2569 1365 scilicet
2619 1310 2903 1371 criminis,
2939 1310 2997 1363 in
3038 1309 3227 1364 fronte
3264 1317 3508 1380 propter
3537 1309 3923 1380 professionem,

2353 1382 2409 1435 in
2442 1396 2626 1436 manu
2657 1388 2899 1452 proritet:
2950 1380 3381 1452 operationem.
3439 1381 3529 1452 Sic
3575 1395 3706 1450 ergo
3748 1380 3926 1444 facient,

2358 1453 2425 1508 Ut
2451 1470 2602 1506 nemo
2631 1450 2793 1522 possit
2821 1450 3073 1514 mercari,
3102 1452 3214 1506 nisi
3234 1452 3336 1521 qui
3384 1450 3534 1505 habet
3566 1468 3743 1505 nomen
3764 1459 3845 1505 aut
3866 1468 3931 1505 no-

2353 1532 2463 1579 tam
2494 1524 2695 1584 bestim,
2728 1528 2822 1577 aut
2854 1540 3138 1577 numerum
3167 1523 3401 1576 nominis
3427 1524 3558 1593 ejus.
3594 1522 3693 1576 Hic
3716 1523 3931 1646 sagiientia

2353 1603 2449 1646 est.
2481 1595 2585 1646 Oui
2615 1594 2764 1646 habet
2790 1594 3135 1646 intellectum.
3166 1601 3427 1646 computet
3455 1610 3730 1646 numerum
3785 1595 3931 1646 estis:

2352 1603 2449 1651 est.
2481 1595 2585 1660 Qui
2615 1594 2764 1649 habet
2790 1594 3135 1659 intellectum,
3166 1601 3427 1665 computet
3455 1610 3730 1649 numerum
3760 1594 3932 1648 bestia:

2350 1683 2607 1721 numerus
2619 1668 2761 1720 enim
2778 1666 3009 1720 hominis
3024 1673 3099 1720 est
3116 1686 3135 1722 :
3157 1665 3215 1719 id
3231 1672 3335 1727 est,
3356 1666 3475 1719 Filii
3493 1666 3740 1720 hominis
3757 1665 3933 1727 Christi,

2353 1740 2526 1807 cujus
2554 1753 2769 1793 nomen
2790 1737 2847 1790 in
2872 1737 3160 1792 haereticis
3176 1737 3285 1791 sibi
3304 1734 3435 1791 fecit
3455 1736 3661 1791 bestia.
3687 1738 3937 1791 Faciamus

2352 1824 2493 1877 ergo
2525 1824 2840 1863 numerum
2870 1824 3048 1879 quem
3081 1807 3248 1875 dixit,
3278 1813 3602 1879 utaccepto
3630 1823 3849 1862 numero
3866 1808 3934 1879 in-

2353 1881 2666 1936 veniamus
2698 1877 2916 1934 nomen
2948 1886 3002 1934 et
3033 1886 3258 1934 notam.
3292 1877 3593 1948 Numerus,
3627 1879 3812 1950 inquit,
3844 1877 3937 1950 ejus

2352 1959 2427 2007 est
2468 1952 2707 2005 sexcenti
2728 1951 2982 2005 sexdecim
3018 1952 3057 2002 ³.
3116 1952 3303 2015 Quem
3335 1950 3633 2005 faciamus
3662 1948 3937 2003 secundum

2355 2024 2586 2078 Grzecos
2614 2022 2875 2077 maxime
2905 2022 3049 2093 quia
3080 2024 3155 2076 ad
3185 2022 3386 2093 Asiam
3419 2021 3639 2084 scribit,
3670 2022 3741 2093 Et
3761 2037 3854 2091 ego,
3878 2020 3940 2093 in-

2352 2094 2501 2180 quit,
2531 2114 2562 2145 α
2582 2101 2630 2148 et
2662 2091 3021 2180 50.n8exce—nti
3049 2099 3103 2147 et
3135 2092 3430 2180 sexdecim
3457 2094 3665 2164 graecis
3687 2091 3940 2180 litterissic

2353 2161 2500 2221 ﬂant
2524 2167 2695 2236 χιστ’.
2728 2166 2867 2229 Quae
2899 2171 3048 2219 notae
3079 2163 3308 2231 solutae,
3338 2161 3628 2218 numerus
3644 2161 3943 2236 estzredac-

2356 2244 2426 2292 tm
2459 2234 2657 2291 autem
2692 2238 2751 2290 in
2785 2250 3332 2304 mouogrammum,
3370 2241 3425 2290 et
3450 2240 3656 2290 notam
3683 2234 3945 2295 faciunt,et

2356 2324 2696 2372 numerum,
2728 2313 2784 2361 et
2815 2323 3053 2361 nomen.
3088 2309 3203 2361 Hoc
3228 2306 3465 2375 signum
3492 2306 3703 2363 Christi
3731 2304 3943 2371 intelligi-

2356 2385 2467 2444 tur,
2487 2380 2738 2449 etipsius
2755 2378 3087 2432 ostenditur
3106 2377 3451 2449 similitudo,
3471 2393 3659 2448 quam
3681 2377 3736 2431 in
3752 2378 3945 2449 veritate

2354 2445 2779 2506 colitEcclesia.
2806 2452 2905 2505 Cui
2932 2465 2991 2503 se
3020 2448 3271 2503 similem
3299 2447 3437 2503 facit
3458 2445 3845 2503 haereticorum
3864 2445 3943 2500 ad-

2354 2521 2739 2593 versitas,qui
2764 2537 2899 2575 cum
2924 2519 3943 2593 Christumuspiritualiterpersequan-

2358 2598 2468 2658 tur,
2490 2589 2688 2648 tameh
2708 2591 2781 2646 de
2808 2593 2979 2659 signo
2993 2590 3183 2645 crucis
3205 2589 3416 2653 Christi
3439 2590 3679 2659 gloriari
3701 2589 3945 2644 videntur.

2357 2665 2477 2718 Hoc
2512 2664 2664 2727 ideo,
2694 2662 2835 2734 quia
2864 2663 3087 2717 dictum
3122 2668 3228 2726 est,
3255 2663 3527 2717 Numerus
3554 2662 3731 2717 bestia
3746 2673 3951 2734 numerus

2359 2735 2601 2791 hominis
2624 2732 2728 2789 est;
2748 2734 2966 2797 Etvidi,
2995 2738 3045 2788 et
3068 2750 3178 2787 ecce
3201 2736 3389 2803 Agnus
3407 2740 3557 2787 stans
3585 2735 3815 2788 inmonte
3835 2732 3949 2792 Sion,

2358 2814 2407 2861 et
2433 2824 2550 2861 cum
2586 2822 2642 2859 eo
2662 2812 2869 2859 centum
2888 2802 3507 2876 quadraginta’quatuor
3527 2805 3721 2871 millia,
3749 2802 3956 2876 habentia

2360 2895 2547 2932 nomen
2580 2879 2691 2948 ejus
2712 2883 2760 2931 et
2792 2872 2980 2931 nomen
3008 2872 3198 2931 Patris
3226 2872 3342 2948 ejus
3361 2877 3629 2943 scriptum
3650 2878 3709 2948 in
3727 2872 3955 2948 frontibus

2359 2966 2560 3004 eorum.
2595 2944 2838 3018 Aperuit
2866 2964 3001 3021 quae
3034 2948 3106 3021 sit
3134 2944 3388 3021 imitatio
3421 2955 3578 3021 notas
3605 2950 3660 3002 in
3695 2944 3955 3021 frontibutg.

2361 3021 2505 3075 dum
2530 3026 2585 3074 et
2616 3016 2799 3075 Deum
2840 3016 2901 3075 et
2924 3018 3224 3091 Christum
3256 3018 3401 3091 dicit
3430 3019 3686 3091 scriptos
3713 3019 3768 3073 in
3795 3016 3959 3071 fronti-

2361 3091 2476 3147 bus
2510 3091 2800 3145 Ecclesiaa.
2834 3090 3120 3145 Etaudivi
3150 3107 3321 3144 vocem
3343 3090 3407 3145 de
3430 3090 3958 3159 calasicutaquarutn

2360 3163 2659 3217 multarum
2679 3180 2698 3217 :
2713 3162 2769 3216 id
2789 3168 2893 3226 est,
2925 3168 3161 3217 centum
3188 3162 3595 3233 quadraginta
3611 3155 3851 3233 quatuor
3865 3155 3961 3233 mil:

2361 3234 2528 3316 lium.
2657 3233 2803 3316 sicut.
2838 3228 3303 3316 tonitrui_magni
3315 3250 3340 3316 ςΔ
3360 3240 3413 3315 et
3432 3228 3613 3314 vocem
3630 3228 3963 3316 quamaudiei

2361 3307 2498 3361 sicut
2533 3304 2959 3359 citharmdorum
3009 3305 3461 3359 eitharizantium
3499 3305 3557 3358 in
3606 3304 3825 3359 citharis
3854 3304 3957 3354 suis.

2365 3376 2533 3441 Quod
2562 3382 2759 3431 autem
2791 3376 2960 3442 dixit,
2995 3376 3212 3430 Hisunt
3231 3378 3325 3447 qui
3349 3392 3536 3431 secum
3566 3375 3963 3447 mulieribusm

2361 3448 2869 3517 coinquinaverunt,
2898 3456 3030 3509 etc.,
3061 3443 3319 3516 virgines
3349 3448 3465 3503 hoc
3492 3447 3630 3502 loco
3662 3462 3777 3502 non
3806 3443 3961 3499 solum

2362 3534 2612 3588 corpore
2657 3525 2851 3573 castos
2881 3519 3303 3587 intelligamus,
3337 3519 3442 3573 sed
3475 3521 3739 3574 maxime
3764 3526 3961 3588 omnem

2366 3586 2709 3655 Ecclesiam,
2759 3605 2893 3659 quae
2946 3586 3128 3644 fidem
3183 3606 3399 3659 puram
3456 3595 3636 3658 tenet,
3691 3589 3829 3644 sicut
3854 3586 3964 3639 dicit

2361 3661 2703 3732 Apostolus,
2732 3661 3002 3730 Sponsavi
3022 3661 3163 3715 enim
3194 3678 3282 3715 vos
3308 3661 3407 3716 uni
3436 3662 3583 3726 viro,
3613 3662 3855 3732 virginem
3879 3670 3964 3732 tas-

2361 3728 2468 3787 ta'm
2501 3732 2747 3787 exhibere
2775 3728 2993 3787 Christo
3010 3732 3052 3803 (Ι
3062 3733 3079 3786 l
3104 3732 3237 3789 Car.
3259 3749 3338 3799 xx,
3366 3733 3422 3802 2)
3446 3750 3459 3789 :
3492 3733 3659 3788 nulla
3680 3728 3964 3803 adulterina

2360 3803 2773 3875 haereticorum
2806 3796 3226 3875 commixtione
3258 3796 3574 3875 pollutam,
3609 3819 3718 3859 nec
3766 3802 3818 3875 in
3843 3796 3965 3855 male

2360 3874 2598 3930 blandis
2627 3880 2683 3929 et
2714 3874 3033 3929 mortiferis
3063 3874 3243 3945 hujus
3261 3873 3880 3946 mundivoluptatibus
3898 3885 3967 3946 us-

2360 3962 2476 4019 que
2490 3946 2567 4019 ad
2594 3947 2815 4000 exitum
2830 3946 2960 4000 vitae
2980 3961 3102 4019 sum
3124 3940 3354 4019 absque
3366 3940 3967 4019 remedio'poenitentie

2362 4013 2577 4072 infelici
2614 4017 3056 4085 perseverantia
3086 4013 3452 4086 colligatam.
3501 4013 3689 4073 Addit
3740 4020 3855 4087 post
3873 4013 3968 4087 hoc

2359 4088 2586 4143 (licens:
2617 4087 2759 4143 Etin
2784 4104 2875 4142 ore
2890 4088 3125 4158 ipsorum
3138 4095 3333 4143 nonest
3348 4090 3628 4143 inventum
3655 4086 3967 4158 mendacium.

2359 4159 2484 4214 Non
2516 4159 2680 4223 dixit,
2718 4156 3001 4224 nonfuit;
3032 4160 3159 4223 sed,
3192 4176 3294 4214 non
3320 4167 3395 4215 est
3422 4162 3729 4217 inventum.
3762 4156 3970 4223 Qualem

2359 4231 2518 4285 enim
2551 4231 2774 4285 invenit
2809 4231 3091 4285 Dominus
3122 4247 3260 4285 cum
3292 4231 3429 4286 hinc
3481 4236 3713 4296 evocat,
3748 4228 3903 4284 talem
3930 4226 3971 4277 el

2354 4301 2614 4374 judicat:
2644 4317 2783 4356 nam
2810 4306 2914 4374 aut
2936 4317 3039 4372 per
3059 4303 3442 4374 Baptismum,
3468 4306 3574 4358 aut
3600 4299 3972 4374 perrpmniten:

2359 4368 2501 4427 tiam
2525 4388 2847 4442 possumus
2876 4368 3220 4429 in'interiori
3236 4373 3475 4428 homine
3495 4379 3551 4429 et
3574 4368 3831 4442 virgines
3851 4368 3972 4442 efﬁci

2357 4448 2412 4516 et
2435 4439 2571 4516 _sine
2627 4443 2962 4500 mendacio.
2996 4446 3161 4516 Nunc
3209 4445 3420 4516 iterum
3475 4439 3973 4516 recapitulatio._h‘t

2354 4514 2489 4579 vidi,
2518 4514 2727 4585 inquit,
2752 4516 2924 4569 alium
2954 4514 3201 4585 angelum
3251 4515 3515 4570 volantem
3548 4508 3819 4570 in'medio
3837 4508 3972 4567 cali:

2355 4585 2415 4640 id
2434 4590 2538 4653 est,
2562 4586 3044 4654 praedicationem
3074 4586 3131 4640 in
3160 4587 3356 4641 medio
3375 4587 3656 4642 Ecclesiae
3672 4587 3973 4640 discurren-

2354 4661 2471 4728 tem
2488 4701 2500 4712 .
2532 4657 2814 4711 [labentem
2830 4657 3186 4728 Evangelium
3213 4663 3509 4727 mternum;
3534 4664 3596 4712 ut
3608 4654 3972 4726 evangetizaret

2354 4726 2726 4782 habitantibus
2756 4730 2813 4782 in
2840 4726 3010 4785 terra}
3042 4729 3223 4783 dicens
3252 4746 3268 4783 :
3312 4726 3513 4784 Timete
3544 4728 3849 4791 Dominum,
3876 4729 3965 4778 etc.

2352 4799 2570 4871 Volunt
2595 4799 2775 4871 aliqui
2806 4799 3051 4869 intelligi
3079 4801 3360 4870 angelum
3388 4800 3697 4856 volantem
3723 4798 3781 4854 in
3808 4794 3973 4871 medio

2352 4869 2736 4944 cmliEliam}
2773 4876 2829 4926 et
2858 4870 3037 4944 aliam
3089 4869 3376 4940 angelum
3405 4871 3690 4944 quicum
3716 4869 3969 4944 sequitur.

2352 4941 2631 5016 comitem
2655 4942 2808 5007 Elim,
2832 4943 2934 5013 qui
2966 4958 3037 5016 eo
3068 4939 3333 5016 tempore
3363 4939 3739 5016 praedicabit.
3770 4939 3842 5016 Et
3858 4939 3973 5016 alia:

2350 5012 2570 5083 angelus
2596 5019 2805 5084 secutus
2829 5012 2938 5068 est:
2970 5013 3026 5068 id
3055 5018 3165 5078 est,
3193 5012 3603 5084 pacis'futures
3634 5012 3966 5084 praedicatio-

2350 5078 2565 5146 Dicens,
2600 5083 2827 5153 Cecidit,
2871 5085 3066 5140 cecidit
3093 5078 3332 5156 Babylon
3358 5084 3458 5140 illa
3486 5078 3686 5155 magna
3709 5104 3727 5141 :
3760 5078 3969 5156 Bablef

2350 5170 2487 5227 nem
2520 5156 2816 5227 civitatem
2834 5156 3102 5227 impiam,
3130 5154 3279 5227 sicut
3294 5156 3421 5225 jam
3440 5154 3628 5227 supra
3646 5156 3865 5227 dictum
3885 5154 3967 5227 est,

2349 5225 2577 5282 diaboli
2609 5221 3136 5296 congregaiionem
3161 5221 3320 5293 dicit,
3346 5228 3406 5283 id
3426 5221 3541 5291 est,
3565 5225 3856 5298 populum
3881 5221 3969 5289 ipsi

2348 5299 2815 5381 consentientem
2844 5304 2935 5380 :et
2953 5299 3851 5381 omnemconcupiscentiamet
3870 5303 3973 5381 cot-

2347 5369 2663 5439 ruptelam,
2697 5384 2879 5440 quam
2913 5372 2969 5425 in
2998 5370 3319 5440 perniciem
3348 5368 3439 5426 sui
3468 5373 3523 5425 et
3545 5368 3799 5440 humani
3826 5375 3972 5440 gena:

2346 5434 2439 5493 ris'
2459 5434 2739 5511 exquirit:
2781 5444 2926 5496 Nam
2968 5434 3119 5513 sicut
3150 5441 3410 5498 Ecclesia
3439 5440 3652 5497 civitas
3701 5437 3795 5494 Dei
3827 5440 3903 5513 est
3926 5434 3969 5484 εί

2345 5508 2949 5585 omnis'conversatio
2979 5512 3226 5585 cmlestis
3254 5529 3267 5567 :
3293 5513 3373 5570 ita
3394 5529 3426 5569 e
3456 5512 3762 5585 contrario
3792 5508 3969 5585 civitas

2344 5588 2435 5637 est
2472 5582 2693 5639 diaboli
2760 5583 3021 5655 Babylon
3054 5584 3113 5639 in
3144 5584 3305 5640 omni
3356 5584 3603 5648 mundo,
3670 5581 3823 5637 sicut
3849 5578 3968 5632 dicit

2410 5734 2423 5762 ¹
2458 5731 2544 5784 Sic
2571 5733 2676 5783 Mss
2703 5734 2772 5785 At
2798 5734 2945 5794 editi,
2964 5734 3182 5786 sexcenti
3197 5734 3465 5800 sexaginta
3483 5747 3586 5785 ser.
