4158 6204
272 220 415 288 2445

275 356 582 418 Dominus,
593 356 732 411 Ecce
748 370 937 426 ponam
949 350 1247 426 Jerusalem
1262 349 1923 426 lapidemconculcabilem

266 429 328 484 in
352 427 600 483 omnibus
649 422 897 497 gentibus
921 424 1108 497 (zach.
1140 439 1247 497 xu,
1271 427 1345 494 3).
1380 422 1636 497 Ecclesia
1663 438 1807 492 ergo
1833 424 1923 497 dif

269 501 369 563 cit,
399 499 627 563 Cecidit,
652 494 848 552 cecidit
900 496 1152 566 Babylon
1184 494 1295 566 illa
1330 510 1543 565 magna.
1574 494 1703 550 Jam
1745 496 1920 565 quasi

267 572 596 651 pet-(eciam
650 568 810 651 dicit,
838 564 1234 651 quodadhuc
1275 564 1538 651 futui-irin
1572 571 1737 651 erat:
1769 564 1923 651 sicnnt

268 636 435 706 illud,
465 640 778 696 Diviserunt
807 636 914 693 sibi
943 641 1251 693 vestimenta
1276 653 1391 691 mea
1435 636 1609 706 (Psal.
1652 652 1771 702 xxi,
1811 640 1917 706 t9).

268 718 399 780 Qua
422 729 454 767 a
480 712 601 766 vino
621 712 727 766 ira
747 708 1133 783 fornicationis
1150 724 1261 763 sua
1281 708 1491 783 potauit
1506 724 1683 763 omnes
1700 715 1877 778 gentes
1899 728 1919 765 :

263 779 473 855 Omnes
504 779 963 855 gentes,'civitas
993 786 1080 836 est
1105 781 1336 855 mundi,
1369 779 1425 834 id
1454 785 1540 855 est
1570 796 1781 855 omne}
1815 797 1918 855 su-

263 854 433 927 perbi
461 850 535 910 et'
546 854 736 927 impii,
768 852 888 927 s_ive
909 857 1077 927 eatra
1106 850 1453 927 Ecclesium,
1484 851 1605 905 sive
1636 851 1707 927 in
1727 851 1917 905 Eccle-

261 922 349 981 sia
380 922 705 982 constituti.
762 924 840 978 Et
875 924 1011 986 vidi,
1058 930 1107 979 et
1147 938 1256 977 ecce
1285 922 1471 977 nubem
1511 922 1815 986 candidam,
1866 927 1917 976 et

257 1013 420 1069 super
440 994 923 1069 nubemsedentem
953 994 1171 1069 Filium
1197 993 1449 1069 hominis,
1475 993 1554 1069 _id
1585 1000 1690 1058 est,
1722 994 1918 1048 Chris-

263 1064 412 1124 tum.
441 1066 761 1122 Ecclesiam
785 1066 942 1121 enim
961 1064 1242 1121 describit
1266 1065 1327 1119 in
1348 1064 1610 1136 claritate
1634 1080 1745 1120 sua
1768 1080 1915 1136 pra-

257 1140 432 1211 cipue
465 1142 603 1211 post
624 1139 1103 1211 persecutionum
1126 1136 1407 1211 ﬂammas
1432 1135 1917 1211 'albentemr’Ha-

259 1207 538 1265 be-ntem'in
550 1207 723 1289 capite
737 1226 831 1264 suo
841 1225 1087 1289 coronam
1104 1223 1358 1262 auream:
1372 1208 1481 1289 ipsi
1496 1213 1633 1289 sunt
1648 1207 1913 1289 seniores

258 1298 397 1337 cum
430 1277 667 1336 coronis
696 1282 914 1336 aureis.
946 1280 1019 1335 Et
1046 1280 1106 1334 in
1135 1295 1299 1333 manu
1327 1294 1427 1333 sua
1443 1277 1634 1348 falcem
1664 1285 1912 1333 acutam:

259 1353 376 1408 ista
406 1352 521 1407 falx
550 1356 787 1422 separat
816 1351 1149 1408 Catholicos
1174 1349 1253 1406 ab
1272 1349 1587 1422 hareticis,
1618 1356 1857 1422 sanctos
1877 1367 1913 1422 a

258 1420 864 1496 peccatoribus,_sicut
886 1422 1029 1477 dicit
1048 1422 1332 1496 Dominus
1356 1420 1828 1496 de_m_essor_i_bns.
1853 1421 1910 1477 Si

255 1491 459 1550 autem
482 1494 822 1565 putandum
845 1498 930 1565 est
952 1493 1115 1564 quod
1138 1491 1265 1563 ipse
1288 1491 1629 1565 specialiter,
1647 1492 1909 1565 Christus

259 1568 417 1621 visus
449 1563 540 1620 est
570 1566 627 1619 in
662 1564 822 1619 nube
848 1563 987 1620 alba
1013 1578 1276 1634 messor;
1309 1565 1442 1635 quis
1469 1568 1553 1618 est
1579 1563 1909 1635 vindemia-

254 1642 365 1705 tor,
397 1636 511 1691 nisi
544 1635 723 1701 idem,
769 1636 873 1690 sed
905 1636 963 1690 in
994 1650 1105 1706 suo
1133 1634 1380 1706 corpore
1408 1634 1571 1706 quod
1603 1642 1687 1689 est
1722 1634 1911 1706 Eccle-

254 1708 342 1763 sia
368 1707 396 1761 ‘l
430 1708 597 1761 Forte
624 1722 745 1761 non
772 1706 928 1761 male
960 1705 1228 1770 sentitur,
1259 1706 1307 1759 si
1334 1705 1477 1761 istos
1510 1710 1627 1760 tres
1663 1705 1908 1776 angelos

253 1779 357 1850 qui
390 1779 680 1850 exierunt,
712 1777 1042 1850 triformem
1071 1776 1434 1850 intellectum
1468 1778 1905 1850 Scripturarum

250 1847 680 1918 intelligamus,
710 1848 881 1919 juxta
930 1848 1322 1913 historialem,
1359 1847 1668 1914 moralem,
1701 1855 1755 1901 et
1788 1848 1910 1917 spi-

250 1920 574 1991 ritualem:
610 1918 822 1991 falaem
850 1935 992 1975 vero
1009 1920 1537 1991 discrepationem.
1569 1920 1643 1974 Et
1672 1919 1826 1973 misit
1850 1921 1908 1973 in

252 1991 500 2049 torcular
522 1990 630 2046 ira
652 1990 757 2044 Dei
774 2007 1024 2062 magnum
1040 2009 1060 2045 .-
1082 1989 1284 2062 nonin
1303 1989 1565 2062 torcular
1585 2005 1872 2059 magnum
1893 2006 1906 2055 ;

254 2065 361 2120 sed
377 2064 584 2143 ipsum
609 2062 767 2143 misit
785 2062 845 2117 in
866 2061 1146 2143 torcular,
1166 2061 1227 2116 id
1250 2067 1336 2143 est
1361 2061 1687 2143 superbum
1702 2078 1908 2143 quein-

253 2132 506 2206 queCEt
536 2133 802 2206 calcatum
831 2140 904 2187 est
933 2132 1176 2206 torcular
1200 2140 1359 2206 extra
1377 2133 1651 2206 ciaitatem
1671 2154 1689 2184 .-
1715 2132 1773 2206 id
1797 2139 1905 2206 est,

253 2203 420 2261 extra
453 2203 798 2261 Eeclesiam.
824 2207 997 2260 Facta
1023 2205 1180 2258 enim
1209 2204 1602 2267 dissensione,
1628 2203 1771 2257 foris
1792 2204 1908 2258 exit

255 2277 452 2333 omnis
507 2275 692 2333 homo
723 2276 971 2347 peccati.
1005 2275 1265 2331 Calcatio
1319 2281 1518 2329 autem
1573 2274 1900 2347 torcularis.

256 2347 571 2406 retributio
600 2353 691 2404 est
714 2346 1117 2416 peccatorum.
1144 2346 1221 2401 Et
1241 2347 1379 2400 exiit
1402 2347 1621 2416 sanguis
1639 2346 1702 2399 de
1726 2352 1908 2400 torcu-

250 2420 368 2475 lari
395 2433 556 2488 usque
599 2418 670 2473 ad
697 2417 879 2489 frenos
908 2434 1199 2489 equorum:
1229 2417 1381 2489 exist
1400 2417 1774 2489 nitidusque
1805 2417 1906 2472 ad-

259 2487 517 2562 rectores
545 2487 1161 2562 populorumIUsque
1187 2488 1345 2562 enim
1378 2487 1695 2562 diaboluui
1717 2492 1774 2543 et
1804 2504 1906 2562 an-

255 2558 938 2634 gelos‘eiusnovissimo
965 2558 1286 2634 certamine
1313 2559 1465 2634 exiet
1494 2558 1635 2613 ultio
1665 2559 1906 2628 sangui-

254 2629 343 2689 nis
357 2629 554 2688 effusi.
572 2630 679 2685 Per
702 2630 888 2685 stadia
914 2629 1063 2685 mille
1076 2635 1320 2685 sexcenta
1342 2650 1362 2685 :
1379 2629 1436 2683 id
1452 2635 1559 2694 est,
1576 2645 1905 2700 peromnes

255 2712 513 2777 quatuor
547 2707 745 2777 partes
782 2701 1016 2777 mundi,
1048 2701 1420 2777 Quaternitas
1469 2700 1628 2777 enim
1653 2706 1741 2754 est
1765 2716 1901 2777 con-

300 2771 623 2837 uaternata,
673 2776 822 2829 sicut
854 2778 941 2828 est
972 2772 1033 2826 in
1063 2778 1323 2844 quatuor
1369 2771 1635 2844 faciebus
1664 2771 1905 2844 quadri-

300 2793 623 2837 uaternata,
673 2793 822 2829 διουῐ
854 2793 941 2828 εει
972 2793 1033 2826 HJ
1063 2793 1323 2844 quatuor
1370 2793 1635 2827 ιιιῠιθυυε
1664 2793 1905 2842 quauri-

250 2793 552 2903 Formibus
579 2850 636 2901 et
666 2844 820 2900 totis.
872 2846 1091 2909 Quater
1120 2844 1279 2899 enim
1310 2841 1733 2914 quadringenti
1765 2847 1905 2898 sunt

257 2918 419 2975 mille
449 2916 706 2972 sexcenti
736 2918 777 2971 ί.

826 3001 1071 3041 HOMILIA
1108 3000 1208 3039 ΧΠ.

324 3060 431 3131 [1b.
458 3076 536 3117 xv
560 3064 616 3115 et
638 3056 785 3131 xvi.]
818 3060 875 3131 in
912 3056 1168 3131 lectione
1206 3070 1343 3127 qua
1372 3054 1615 3131 recitata
1654 3056 1907 3131 est,_tra-

249 3126 367 3187 tres
396 3126 785 3193 charissimi,‘
802 3128 945 3184 dixit
999 3144 1061 3182 se
1116 3126 1358 3182 sanctus
1384 3128 1643 3182 Joannes
1684 3126 1905 3181 vidisse

247 3202 403 3257 aliud
427 3206 639 3279 signum
752 3200 879 3279 calo
905 3215 1156 3279 magnum
1187 3206 1235 3279 et
1258 3197 1508 3279 mirabile
1533 3215 1552 3251 :
1570 3197 1782 3279 angelos
1795 3214 1906 3279 sep-

250 3280 355 3328 tem
387 3289 407 3328 :
434 3269 498 3332 id
514 3281 622 3338 est,
651 3269 1007 3327 Ecclesiam.’
1019 3270 1291 3325 Habentes
1308 3269 1701 3340 plagasseptem
1724 3269 1906 3324 novis-

246 3347 432 3419 simos,
464 3346 713 3419 quoniam
741 3344 801 3397 in
834 3342 918 3419 his
944 3343 1106 3419 finita
1134 3349 1208 3396 est
1240 3342 1331 3419 ira
1370 3340 1513 3395 Dei:
1545 3340 1905 3419 novissimae

249 3411 426 3480 dixit,
441 3411 585 3492 quia.
611 3430 847 3492 semper
872 3411 959 3492 ira
985 3414 1082 3492 Dei
1108 3411 1677 3492 percutit_po_pulum
1696 3420 1906 3492 contu-

252 3483 486 3567 macem
518 3483 982 3567 septem'plagis,
1027 3483 1223 3567 idest.
1256 3483 1565 3567 perfecte“;
1589 3484 1741 3539 sicut
1778 3484 1906 3567 ipse

252 3559 408 3615 Deus
438 3562 496 3616 in
530 3555 787 3617 Lévitico
835 3557 1175 3629 frequenter
1232 3555 1456 3629 repe_tit,
1480 3555 1567 3629 Et
1606 3555 1905 3629 percutiam

250 3648 338 3685 vos
365 3634 574 3702 septies,
608 3636 834 3701 propter
863 3626 1085 3699 peccata
1113 3633 1292 3702 vestra
1336 3626 1529 3702 (Devit.
1583 3643 1739 3702 xgvr,
1776 3627 1905 3702 24)ἷ

251 3704 328 3757 Et
353 3697 472 3757 vidi
491 3697 628 3758 sicut
656 3716 803 3755 mare
832 3697 1068 3754 vitreum
1095 3716 1117 3752 :
1147 3698 1207 3752 id
1244 3702 1346 3761 est,
1375 3698 1595 3752 fontem
1622 3697 1905 3767 Baptismi

250 3773 640 3845 pellucidum.
675 3773 917 3845 Mantum
938 3771 1063 3845 igne
1093 3790 1112 3826 :
1138 3769 1195 3823 id
1220 3773 1324 3832 est,
1357 3767 1568 3845 spiritu
1598 3767 1689 3822 vel
1711 3774 1903 3845 tenta-

249 3839 429 3901 tione.
465 3847 537 3901 Et
564 3847 788 3899 victores
814 3839 994 3899 bestia
1019 3857 1180 3909 super
1207 3855 1356 3894 mare
1395 3839 1629 3893 vitreum
1658 3859 1677 3895 :
1708 3839 1765 3893 id
1794 3845 1904 3903 est,

251 3916 310 3988 in
346 3918 669 3988 Baptismof.
704 3914 965 3988 Habentes
995 3910 1236 3988 citharas
1262 3911 1366 3988 Dei
1391 3932 1412 3980 ;
1443 3910 1501 3964 id
1558 3914 1666 3988 est,
1724 3911 1907 3988 corda

252 3981 629 4043 laudantium
642 3987 760 4041 Deo
783 3985 1079 4040 dedicata.
1096 3984 1167 4038 Et
1190 3986 1465 4036 cantantes
1477 3981 1741 4035 canticum
1764 3982 1908 4051 Moy-

248 4060 298 4113 si
321 4060 466 4114 servi
479 4059 601 4123 Dei,
625 4065 674 4113 et
687 4056 953 4112 canticum
967 4056 1011 4110 Α
1020 4058 1113 4124 gni
1125 4072 1145 4110 :
1172 4054 1231 4109 id
1248 4059 1353 4118 est,
1371 4059 1690 4124 utrumque
1703 4052 1906 4108 Testa-

252 4136 545 4187 mentum.
572 4130 773 4200 Magna
800 4135 849 4183 et
878 4124 1162 4182 mirabilia
1197 4140 1357 4196 opera
1409 4131 1505 4179 tua
1528 4131 1680 4200 _sunt
1712 4137 1729 4175 .'
1778 4124 1909 4179 hac

250 4203 413 4258 enim
445 4203 501 4258 in
537 4196 789 4272 utroque
805 4200 1182 4272 Testamento
1209 4196 1909 4272 sunt,q_uodcan_tant_su-

248 4274 501 4345 pradicti
514 4312 526 4326 .
548 4266 777 4345 Repetit
794 4269 958 4343 quod
973 4266 1911 4345 proposueratdicensiPosthac

251 4337 388 4410 nidi,
423 4351 472 4399 et
504 4360 612 4399 ecce
632 4337 895 4414 apertum
914 4337 1275 4414 est_templum
1301 4337 1639 4414 tabernaculi
1670 4339 1910 4393 testimo‘

248 4416 341 4471 nii
368 4417 426 4471 in
457 4416 601 4471 calo.
635 4410 945 4485 Templum
979 4410 1308 4485 Ecclesiam
1336 4410 1468 4485 jam_
1493 4410 1756 4485 diximus
1770 4424 1912 4485 sen-

254 4487 543 4555 tiendam,
577 4480 856 4556 angelum
889 4483 991 4556 qui
1034 4483 1171 4556 exiit
1197 4481 1512 4556 detemplo
1544 4487 1599 4536 et
1630 4480 1913 4556 jussitse-

252 4559 415 4641 (lenii
441 4551 630 4641 super.
645 4551 890 4637 nubem,
909 4551 1237 4641 imperium
1252 4551 1487 4641 Domini
1508 4568 1657 4641 esse,
1674 4551 1911 4641 ‘dic‘tum

255 4636 359 4687 est.
376 4623 667 4685 Jussionis
681 4627 839 4683 enim
858 4623 1049 4681 exitus
1062 4632 1167 4688 est,
1191 4625 1344 4680 sicut
1364 4623 1724 4693 evangelista
1750 4623 1910 4688 dicit,

254 4701 421 4756 Emiit
461 4700 694 4755 edictum
726 4716 760 4753 a
790 4698 1004 4753 Caesare
1031 4698 1273 4767 Augusto
1303 4695 1457 4766 (Luc.
1495 4711 1549 4761 ιι,
1601 4696 1673 4766 1).
1714 4694 1915 4749 lnduti

257 4771 382 4828 lino
404 4772 601 4828 mundo
640 4778 689 4827 et
718 4768 1015 4841 splendido,
1049 4775 1096 4823 et
1135 4767 1300 4841 cincti
1338 4783 1505 4841 super
1546 4773 1765 4837 pectora
1815 4782 1915 4841 sua

251 4860 415 4917 zonas
441 4859 634 4900 aureas
648 4861 694 4917 ί-
713 4838 1030 4917 manifeste
1045 4838 1306 4917 ostendit
1334 4838 1914 4917 inseptemAangelis

257 4915 605 4971 Ecclesiam.
640 4914 732 4969 Sic
764 4912 922 4967 enim
952 4910 1185 4966 initium
1216 4907 1617 4980 descripsitde
1648 4908 1911 4980 Christo:

258 4986 571 5049 Habentem,
587 4985 799 5056 inquit,
819 4999 1006 5056 zonam
1034 4998 1254 5056 auream
1283 4979 1445 5049 super
1462 4979 1647 5056 ubera.
1662 4979 1916 5056 Etunam

259 5075 326 5114 ea:
355 5064 591 5129 quatuor
605 5051 1095 5129 animalibusdedit
1116 5057 1309 5129 septem
1329 5051 1741 5129 angelisseptem
1763 5051 1917 5129 phiaf

262 5123 586 5193 las‘aureas,
626 5127 810 5199 plenas
838 5126 910 5199 de
926 5124 1016 5179 ira
1047 5125 1152 5199 Dei
1170 5123 1372 5199 ’(Apoc,
1399 5140 1436 5189 1,
1471 5123 1553 5191 t3)
1580 5139 1601 5199 7:
1627 5123 1751 5199 ista
1779 5126 1919 5199 sunt

260 5201 478 5275 phiala
500 5192 655 5275 quas
684 5196 1022 5275 cum_odore
1037 5192 1508 5275 ierantseniores
1536 5192 1913 5275 etan‘imalia2

262 5263 399 5345 qua
443 5263 577 5348 sunt
614 5269 917 5348 Ecclesia;
946 5268 1049 5348 qni
1078 5271 1392 5348 etgeptem
1421 5264 1636 5348 angeli:
1666 5267 1730 5319 Et
1754 5263 1916 5348 qnod

265 5336 407 5399 s'unt
430 5342 845 5403 odoramenta,
872 5336 985 5395 hoc
1016 5338 1103 5394 ira
1147 5336 1267 5403 Dei,
1290 5338 1403 5393 hoc
1436 5342 1493 5392 et
1514 5336 1770 5391 verbum
1798 5336 1915 5389 Dei.

268 5414 451 5472 Sedet
472 5413 819 5469 hacomnia
839 5410 1173 5466 dantbonis
1202 5410 1407 5473 vitam,
1446 5407 1620 5464 malis
1660 5406 1921 5460 inferunt

265 5492 522 5543 mortem
559 5505 571 5544 :
608 5490 672 5540 ut
696 5490 783 5539 est
811 5482 979 5547 illud,
1011 5480 1298 5536 Aliisodor
1326 5482 1452 5534 vitae
1478 5480 1538 5533 in
1564 5480 1751 5543 vitam,
1783 5477 1921 5533 aliis

265 5558 398 5613 odor
422 5557 612 5612 mortis
638 5556 698 5611 in
718 5563 943 5611 mortem
974 5554 1041 5624 (ιι
1066 5552 1189 5609 Cor.
1213 5568 1270 5615 ιι,
1304 5551 1407 5618 16).
1433 5550 1740 5624 Orationes
1759 5549 1919 5624 enim

267 5634 632 5691 sanctorum.
669 5628 770 5700 qui
794 5631 882 5683 est
902 5621 1057 5694 ignis
1084 5624 1286 5680 exiens
1316 5624 1391 5678 de
1421 5636 1522 5677 ore
1547 5621 1804 5686 testium.
1835 5622 1922 5675 ira

332 5720 348 5750 ι
376 5715 433 5765 In
473 5715 568 5765 Ms.
617 5715 872 5773 Petrensi,
902 5713 993 5764 sub
1028 5712 1173 5777 cujus
1202 5715 1512 5776 protectione
1541 5724 1634 5761 nos
1667 5708 1923 5761 Dominus

272 5778 493 5832 liberare
517 5779 780 5848 dignetur.

1786 219 2178 287 APPENDIX.

3541 230 3683 297 2446

2035 354 2437 433 suntmundo
2468 359 2532 433 et
2559 355 2800 433 impiis._
2824 358 2940 413 Hoc
2968 355 3123 433 ideo,
3157 361 3301 433 quia
3322 364 3596 433 superbis
3626 371 3684 423 et

2032 424 2235 509 impiis
2252 440 2372 507 non
2389 424 2624 509 sufﬁcit,
2640 424 2801 498 quod
2819 444 2919 483 eos
2936 430 3037 509 qui
3055 424 3243 509 sancti
3256 424 3414 498 sunt;
3431 451 3541 490 nec
3559 437 3682 492 dili-

2030 504 2196 578 gunt,
2220 512 2329 552 nec
2343 497 2889 578 imitantur;verum
2905 497 3078 578 etiam
3098 497 3461 578 ubicumque
3475 512 3681 577 potue-

2028 570 2141 622 rint
2183 583 2288 643 per
2322 575 2675 643 seq_uunt_ur.
2709 570 2925 643 Omnes
2960 571 3084 626 ista
3122 573 3313 643 plaga
3345 570 3679 643 s'piri'tuales

2029 644 2189 714 sunt,
2205 645 2261 694 et
2274 639 2333 694 in
2347 640 2549 714 anima
2566 639 2737 714 ﬁunt.
2756 643 2900 714 Nam
2916 642 3045 714 ipso
3060 639 3324 714 tempore
3339 639 3557 703 illasus
3572 650 3680 706 erit

2026 710 2223 765 omnis
2238 710 2494 791 populus
2512 712 2735 783 impius
2750 710 3004 791 abom’ni
3023 710 3199 791 plaga
3217 719 3480 791 corporis
3502 736 3514 784 ;
3536 736 3572 791 q
3584 722 3680 777 uia

2026 796 2146 857 non
2181 790 2439 857 meretur
2468 783 2527 837 in
2559 783 2834 857 prasenti
2884 783 3100 857 saeculo
3147 783 3451 857 ﬂagellari,
3502 783 3679 857 quasi

2024 853 2127 933 qui
2156 855 2446 933 acceperit
2470 853 2653 933 totam
2688 854 2970 933 saeviendi
3004 853 3355 933 potestatem
3388 875 3399 911 :
3436 853 3539 915 sed
3563 864 3677 933 spi-

2024 924 2329 989 ritualiter,
2361 924 2416 1002 i_d
2446 929 2573 1002 est,_
2609 924 2944 1002 voluntaria
2988 924 3039 981 et
3062 928 3360 1002 _mortalia
3411 924 3671 1002 peccaia,

2022 1010 2165 1069 qua
2180 996 2530 1069 suntulcera
2559 997 2961 1069 inanimabus
2984 998 3128 1069 suis,
3151 996 3453 1069 patiuntur
3468 996 3677 1058 omnes

2021 1066 2190 1136 impii
2231 1072 2288 1121 et
2317 1067 2578 1138 superbi.
2613 1066 2891 1138 Secundus
2931 1067 3078 1138 fudit
3129 1066 3373 1138 phialam
3416 1088 3570 1127 suam
3615 1075 3675 1131 in

2020 1152 2195 1214 mare,
2226 1142 2280 1191 et
2312 1137 2766 1214 reliqua._Mare,
2796 1137 3094 1214 ﬂammat
3120 1137 3306 1197 fontes
3355 1157 3674 1214 aquarum,

2022 1208 2129 1271 sol,
2161 1206 2662 1286 thronnsbestia,
2697 1208 2918 1286 ﬂuvius
2952 1212 3300 1282 Euphrates,
3330 1206 3450 1286 aer,
3498 1206 3678 1286 super

2020 1294 2155 1359 qua
2182 1279 2378 1359 angeli
2407 1280 2688 1359 fuderunt
2702 1280 2963 1359 phialas,
2991 1279 3334 1359 terraestet
3363 1279 3673 1359 homines:

2018 1350 2159 1421 quia
2193 1350 2476 1405 omnibus
2517 1350 2747 1421 angelis
2774 1354 2833 1406 in
2868 1359 3083 1408 terram
3131 1353 3380 1411 fundere
3428 1358 3678 1413 manda-

2020 1428 2143 1476 tum
2178 1427 2293 1493 est.
2321 1422 2539 1478 Omnes
2569 1428 2770 1493 autem
2810 1422 3003 1493 plaga
3035 1425 3161 1480 ista
3199 1442 3235 1481 a
3267 1429 3563 1483 contrario
3592 1429 3677 1484 in-

2021 1492 2355 1561 telligenda
2386 1498 2525 1549 sunt
2554 1515 2566 1548 :
2594 1492 2773 1565 plaga
2808 1492 2897 1549 est
2926 1495 3083 1550 enim
3111 1496 3483 1563 insanabilis,
3516 1500 3675 1555 etira

2017 1579 2265 1633 magna,
2296 1566 2565 1636 accipere
2586 1570 2944 1637 potestatem
2979 1567 3293 1637 peccandi,
3322 1570 3583 1624 maxime
3609 1572 3671 1625 in

2018 1641 2283 1709 sanctos,
2308 1650 2417 1690 nec
2444 1636 2706 1709 corripi;
2730 1637 2929 1709 adhuc
2963 1636 3159 1709 major
3184 1638 3272 1695 ira
3300 1639 3421 1704 Dei,
3439 1646 3671 1696 eterra-

2016 1706 2447 1781 rumrt‘omenta
2478 1705 2920 1781 subministrari
2952 1705 3277 1781 injustitia.
3312 1709 3442 1765 Hac
3494 1710 3674 1781 plaga

2016 1777 2116 1832 ira
2152 1779 2268 1852 Dei,
2292 1776 2420 1833 hac
2440 1776 2708 1846 vulnera,
2734 1776 3089 1852 transpungi
3106 1788 3163 1852 et
3183 1780 3445 1848 gaudere
3467 1776 3522 1836 et
3546 1776 3674 1852 pla-

2015 1849 2269 1933 ceresibi
2296 1864 2788 1933 unumquemque
2809 1848 2867 1929 in
2892 1848 3169 1919 peccatis.
3186 1848 3668 1933 Sic‘prosperiias

2017 1919 2335 1985 malorum,
2365 1919 2565 1975 ulcera
2583 1919 2723 1975 sunt
2740 1920 3120 1977 animarum:
3156 1927 3211 1975 et
3230 1919 3560 1978 adversitas
3578 1923 3666 1992 ju.

2016 1994 2266 2057 storum,
2294 1997 2654 2047 aternorum
2669 1997 2808 2046 sunt
2841 1992 3059 2062 pretia‘
3086 1993 3466 2061 gaudiorum.
3484 1995 3671 2049 Inter-

2019 2064 2094 2116 tio
2108 2078 2246 2118 vero
2270 2063 2484 2132 angelo
2506 2068 2563 2118 et
2590 2078 2890 2134 aquarum
2905 2064 3295 2119 conversione
3326 2065 3386 2119 in
3421 2064 3665 2134 sangui-

2013 2148 2174 2205 nem,
2208 2149 2420 2188 omnes
2453 2133 2699 2201 angelus
2750 2134 3112 2205 populorum
3147 2134 3422 2205 intellige,
3456 2135 3516 2190 id
3545 2133 3666 2201 est,

2014 2204 2371 2260 inﬁrmiores
2404 2207 2424 2239 ²
2456 2205 2732 2260 homines
2765 2204 3069 2260 inanimo
3101 2204 3397 2261 cruentos.
3432 2207 3670 2271 Quartus

2011 2275 2231 2347 angelus
2255 2275 2446 2345 effudit
2485 2277 2730 2346 phialam
2766 2292 2916 2330 suam
2946 2292 3106 2347 super
3137 2276 3387 2342 solem,et
3409 2278 3518 2333 usti
3540 2286 3668 2334 sunt

2014 2346 2249 2418 homines
2269 2348 2477 2401 ustione
2502 2364 2696 2418 magna
2726 2365 2745 2402 :
2768 2346 2879 2401 hoc
2912 2346 3173 2403 futurum
3216 2354 3301 2403 est
3353 2348 3554 2404 adhuc
3605 2350 3665 2405 in

2012 2416 2149 2486 igne
2180 2418 2490 2487 gehenna.
2524 2416 2669 2473 Nam
2723 2418 3001 2473 diabolus
3033 2419 3093 2472 in
3125 2420 3401 2490 prasenti
3448 2436 3585 2474 cum
3606 2421 3667 2475 in

2012 2490 2216 2544 anima
2238 2489 2470 2545 occidat
2492 2495 2792 2545 amatores
2817 2505 2977 2553 suos,
3005 2489 3142 2545 non’
3167 2489 3362 2545 solum
3393 2505 3513 2545 non
3556 2492 3670 2546 urit

2012 2561 2069 2614 in
2102 2576 2375 2632 corpore,
2426 2560 2530 2615 sed
2575 2565 2869 2632 quantum
2920 2559 3277 2631 permittitur
3330 2561 3663 2617 clariﬁcat:

2010 2646 2196 2702 quam
2230 2631 2555 2687 claritatem
2587 2631 2646 2702 et
2680 2631 2942 2686 latitiam
2976 2631 3226 2702 Spiritus
3257 2639 3499 2688 sanctus
3542 2632 3666 2702 pla-

2011 2716 2117 2782 gas
2148 2701 2425 2782 definivit
2459 2707 2513 2782 et
2555 2701 2810 2782 dolores.
2830 2703 2907 2782 _Et
2947 2701 3451 2782 blasphemaverunt
3479 2701 3667 2782 nomen

2012 2771 2115 2827 Dei
2141 2771 2398 2845 habentis,
2410 2777 2719 2845 potestatem
2746 2773 2803 2826 in
2825 2773 2910 2827 his
2927 2771 3126 2845 plagis,
3144 2790 3236 2828 nec
3260 2782 3481 2845 egerunt
3492 2774 3666 2843 pani-

2011 2843 2257 2917 tentiam.
2297 2844 2447 2917 Quia
2477 2859 2596 2917 non
2621 2844 2679 2898 in
2704 2859 2984 2917 corpore,
3011 2843 3117 2899 Sed
3142 2846 3202 2899 in
3232 2843 3435 2917 animo
3456 2861 3663 2917 percu-

2014 2914 2239 2967 tiuntur
2265 2913 2464 2984 plagis
2497 2914 2621 2967 istis
2644 2929 2678 2968 a
2704 2913 2861 2969 Deo’:
2892 2915 3027 2970 ideo
3059 2931 3169 2981 nec
3198 2915 3435 2971 Domini
3459 2913 3665 2972 'recor-

2011 2984 2252 3058 dantur,
2270 2983 2389 3037 sed
2413 2983 2474 3037 in
2500 2985 2672 3054 pejus
2694 2984 3014 3053 proﬁciunt
3047 3002 3061 3051 ;
3093 2993 3149 3042 et
3174 2996 3489 3058 propterea
3512 2987 3668 3042 blas-

2011 3004 2252 3049 (lﬂﬂllll',
2287 3004 2389 3037 seu
2413 3004 2474 3037 ιι]
2501 3004 2672 3054 pejus
2694 3004 3014 3053 prouetunt
3093 3004 3149 3042 et
3174 3004 3282 3058 pro
3333 3004 3489 3043 terea
3512 3004 3663 3042 Dias-

2011 3055 2320 3128 phernant,
2346 3058 2774 3125 persequentes
2809 3061 3051 3128 sanctos
3081 3058 3233 3128 ejus.
3267 3004 3499 3122 (guintus
3528 3059 3663 3128 effu-

2012 3125 2100 3181 dit
2139 3125 2377 3200 phialam
2409 3142 2563 3200 suam
2593 3141 2753 3195 super
2774 3126 2943 3200 sedem
2998 3126 3198 3200 bestia,
3253 3135 3304 3200 et
3352 3125 3663 3200 factum—est

2010 3212 2233 3269 regnum
2264 3197 2379 3267 ejus
2400 3195 2736 3269 tenebrosum
2761 3216 2781 3253 :
2821 3197 3069 3253 thronus
3120 3195 3360 3269 bestia,
3403 3199 3666 3256 Ecclesia

2013 3267 2200 3341 ipsius
2225 3268 2415 3341 est,id
2438 3274 2525 3341 est
2549 3269 2942 3341 congregatiq
2961 3267 3531 3341 superborum,qua
3556 3269 3667 3324 hu-

2009 3339 2272 3411 jusmodi
2297 3340 2492 3411 plagis
2520 3340 2879 3411 obcacatur.
2909 3339 3255 3399 Comedebant
3293 3339 3503 3411 linguas
3543 3356 3667 3395 suas

2010 3410 2044 3466 α
2063 3410 2334 3465 doloribus
2352 3411 2466 3465 suis
2481 3429 2501 3465 .-
2524 3411 2581 3465 id
2606 3415 2708 3474 est,
2726 3410 2833 3465 sibi
2859 3411 3155 3466 nocebant
3171 3410 3662 3482 blasphemantes

2010 3498 2081 3538 ex
2112 3482 2199 3537 ira
2230 3482 2351 3549 Dei,
2382 3484 2525 3553 quia
2556 3484 2925 3554 transpuncti
2958 3482 3181 3554 gaudia
3220 3483 3662 3554 existimabant.

2011 3554 2086 3609 Et
2106 3554 2479 3625 paenitentiam
2506 3570 2611 3607 non
2640 3553 2868 3624 egerunt
2891 3572 2910 3609 :
2933 3553 3137 3625 utique
3154 3553 3428 3609 obdurati
3445 3553 3663 3609 latitia.

2014 3626 2086 3680 Et
2112 3624 2307 3679 sextus
2339 3626 2563 3694 angelus
2590 3625 2781 3694 effudit
2806 3624 3051 3695 phialam
3077 3641 3230 3679 suam
3269 3640 3433 3695 super
3466 3625 3666 3694 ﬂumen

2014 3713 2268 3777 magnum
2298 3695 2442 3777 illud
2462 3695 2902 3777 Euphratemgid
2929 3702 3020 3750 est
3046 3712 3224 3777 super
3248 3696 3564 3777 populum.
3591 3695 3668 3777 li't

2010 3768 2209 3822 siccata
2237 3774 2311 3821 est
2339 3784 2480 3837 aqua
2508 3769 2620 3835 ejus
2640 3783 2659 3820 :
2682 3768 2831 3821 sicut
2863 3782 3042 3838 supra
3075 3767 3241 3835 dixit,
3269 3767 3424 3823 aruit
3455 3767 3667 3822 messis

2013 3844 2204 3902 terra,
2230 3838 2284 3893 id
2316 3838 2513 3904 est,ad
2544 3838 3024 3910 combustionem
3055 3845 3267 3910 parata
3297 3844 3402 3893 est.
3436 3840 3504 3894 Ut
3530 3855 3669 3910 prae-

2012 3917 2241 3980 paretur
2284 3911 2377 3963 via
2423 3925 2605 3963 eorum
2650 3910 2741 3979 qui
2781 3916 2906 3964 sunt
2942 3909 3014 3965 ab
3055 3909 3185 3965 artu
3221 3910 3353 3965 solis
3394 3930 3413 3967 :
3456 3910 3516 3965 id
3561 3916 3673 3979 est,

2014 3982 2244 4053 Christo
2286 3996 2317 4053 τί
2342 3981 2433 4053 his
2480 3981 2638 4035 enim
2692 3980 2961 4053 perfectis
2995 3982 3157 4052 justi,
3209 3981 3671 4053 proﬁciscuntur

2014 4052 2257 4109 obviam
2289 4052 2541 4110 Christo.

2645 4128 2875 4178 Romani
2914 4139 3036 4179 xm.

2094 4193 2314 4266 [1b.xv1
2340 4200 2397 4249 et
2429 4193 2594 4266 xvu.]
2627 4191 3674 4266 Sanctus_Joannes,fratrescharis-

2020 4262 2177 4330 simi,
2198 4268 2345 4320 dum
2372 4266 2446 4320 de
2468 4262 2700 4337 sep—tem
2731 4263 3081 4337 angelorum
3111 4263 3329 4337 phialis
3358 4262 3445 4319 vel
3476 4262 3671 4337 plagis

2018 4337 2380 4408 loqueretur,
2395 4333 2567 4408 solito
2592 4351 2753 4408 more
2767 4333 3171 4408 praetermissio
3184 4335 3439 4408 septimo
3456 4333 3672 4408 angelo

2022 4405 2371 4475 recapitulat
2401 4407 2478 4462 ab
2508 4407 2734 4475 origine
2766 4405 3023 4460 breviter
3056 4406 3261 4461 dicens
3302 4423 3315 4458 :
3352 4406 3427 4461 Et
3468 4406 3584 4458 vidi
3610 4420 3675 4459 ea:

2017 4497 2107 4535 ore
2137 4476 2472 4543 Jraconis,et
2499 4494 2564 4531 ea:
2584 4493 2677 4531 ore
2704 4476 2903 4541 bestia,
2927 4485 2973 4531 et
2992 4494 3057 4532 ea:
3075 4494 3166 4532 ore
3193 4477 3383 4548 pseudo
3397 4476 3673 4547 propheta

2018 4553 2257 4622 spiritus
2301 4556 2420 4622 tres
2438 4548 2751 4622 immundos
2789 4550 2849 4602 in
2887 4553 3097 4604 modum
3144 4564 3427 4604 vanarum.
3451 4549 3674 4622 AUnnm

2022 4619 2294 4694 spiritum
2328 4619 2495 4694 vidit,
2522 4620 2639 4694 sed
2654 4635 2765 4691 pro
2784 4636 3033 4694 numero
3059 4627 3114 4676 et
3145 4622 3416 4694 portione
3446 4620 3468 4654 ⁸
3495 4619 3674 4694 unius

2020 4688 2308 4764 cbrporis.
2340 4692 2549 4764 Draco,
2576 4688 2759 4764 id'est
2788 4691 3062 4764 diabolus
3087 4708 3099 4746 :
3126 4688 3266 4764 nam
3297 4698 3352 4746 et
3377 4692 3588 4755 bestia,
3616 4688 3673 4745 id

2022 4772 2109 4819 est
2131 4762 2357 4834 corpus
2387 4762 2631 4827 diaboli,
2655 4762 3288 4834 etipseudOpropheta,
3322 4764 3380 4817 id
3414 4768 3502 4818 est
3534 4777 3677 4834 pra:-

2022 4837 2200 4907 positi
2236 4831 2507 4907 corporis
2548 4831 2794 4907 diaboli,
2822 4831 3000 4907 Aunus
3055 4831 3450 4907 spiritusrest,
3497 4831 3675 4907 quasi

2022 4904 2356 4962 rana.Sunt
2372 4904 2516 4959 enim
2540 4904 2773 4974 spiritus
2799 4904 3187 4960 daemoniorum
3216 4906 3472 4974 facientes
3498 4905 3674 4974 signa.

2025 4980 2202 5034 Rana
2222 4991 2481 5046 namque
2505 4984 2714 5046 prater
2735 4976 3041 5031 horrorem
3072 4977 3402 5048 proprium,
3418 4975 3676 5048 etiamin

2025 5050 2156 5105 loco
2184 5044 2674 5103 immundo'sunt
2712 5049 2755 5097 ⁴.
2786 5052 2927 5112 una
2968 5044 3105 5102 cum
3137 5044 3433 5119 aquarum
3469 5044 3677 5119 incola

2024 5127 2079 5175 et
2101 5120 2396 5187 indigena
2424 5119 2759 5183 videantur,
2776 5134 2897 5174 non
2921 5118 3114 5173 solum
3139 5116 3679 5189 aquarumreiuga

2024 5196 2081 5247 et
2110 5186 2386 5245 siccitatis
2433 5189 2812 5261 impatientes
2851 5195 3009 5255 sunt,
3058 5189 3161 5244 sed
3198 5186 3379 5244 etiam
3431 5187 3490 5242 in
3532 5186 3680 5261 ipsis

2028 5264 2223 5333 aquis,
2267 5261 2325 5315 in
2363 5258 2553 5333 aqua,
2571 5260 2850 5316 sordibus
2893 5265 2950 5314 et
2978 5275 3150 5315 cano
3180 5260 3544 5333 volutantur.
3589 5258 3681 5333 Sic

2026 5328 2357 5405 livpocrita
2389 5328 2508 5387 non
2541 5332 2599 5386 in
2631 5346 2811 5405 aqua,
2851 5337 2910 5385 ut
2942 5335 3247 5405 putantur,
3280 5331 3501 5405 degunt
3528 5345 3541 5395 ;
3575 5328 3679 5383 sed

2028 5403 2087 5460 in
2118 5403 2440 5475 sordibus,
2472 5419 2627 5475 quas
2671 5403 2978 5475 credentes
3014 5403 3090 5475 in
3139 5418 3300 5475 aqua
3338 5404 3673 5475 deponunt.

2029 5477 2185 5532 Ratis
2217 5472 2355 5529 sunt
2384 5469 2607 5529 similes
2649 5474 2829 5530 etiam
2860 5473 3158 5543 homines,
3185 5469 3290 5545 qui
3333 5474 3391 5528 in
3418 5469 3682 5545 peccatis

2090 5584 2106 5616 ί
2139 5582 2260 5631 Mss.
2272 5618 2284 5637 ,
2303 5580 2544 5644 praemia.

2089 5648 2108 5679 ³
2139 5644 2287 5695 Mss..
2311 5644 2600 5691 interiores.

2093 5709 2112 5739 ³
2144 5706 2242 5755 Ms.
2275 5719 2432 5761 unus,
2467 5704 2890 5767 participatione.
2921 5703 3093 5767 AAlius,
3124 5702 3431 5767 partitione.

2100 5771 2116 5799 ⁴
2151 5769 2298 5827 Mss.,
2329 5765 2551 5837 proprio
2581 5765 2738 5819 etiam
2773 5767 2876 5819 loco
2908 5765 3185 5819 immunda
3214 5770 3352 5826 sunt.
