4158 6204
306 136 447 191 2449

305 260 521 335 bestia,
556 262 615 317 id
654 266 742 318 est
778 262 836 318 in
868 262 1094 334 populo
1142 263 1351 335 impio,
1381 266 1461 320 uti
1490 265 1615 335 jam
1670 265 1954 322 diximus.

306 332 597 388 Habentem
646 337 821 405 capita
863 332 1074 404 septem,
1130 342 1178 389 et
1226 332 1431 391 cornua
1472 332 1691 392 decem:
1744 339 1801 392 id
1850 343 1956 405 est,

307 406 519 459 mundi
550 422 715 479 reges
745 412 799 479 et
826 422 1099 479 rcgnum,
1141 424 1277 461 cum
1310 408 1531 479 quibus
1563 409 1840 464 diabolus
1872 410 1959 463 vi-

308 492 412 529 sus
436 483 526 531 est
559 477 617 531 in
651 478 816 532 coelo.
851 478 925 532 Et
953 479 1173 543 mulier,
1200 477 1386 543 idest,
1408 481 1604 534 omnis
1638 480 1957 535 multitudo

305 548 722 615 superborum,
755 556 873 621 erat
916 549 1252 603 circumdata
1300 568 1567 621 purpura,
1614 559 1663 605 et
1693 568 1857 615 cocco,
1908 558 1958 606 et

303 626 496 700 ornata
525 636 658 699 auro
682 626 730 700 et
763 620 939 700 lapide
968 621 1250 700 pretiosc:
1375 620 1482 700 est,
1516 623 1953 700 omnibuslille-

303 689 491 766 cebris
541 689 845 766 simulatae
867 689 1144 766 veritatis.
1180 692 1331 759 Quid
1362 695 1450 766 sit
1477 694 1754 766 denique
1804 694 1957 749 intra

299 759 457 835 hanc
492 761 1011 835 pulchritudinem,
1043 764 1126 818 sic
1156 764 1417 835 exponit,
1455 759 1705 821 dicens':
1738 766 1811 820 Et
1842 767 1955 819 ha-

299 830 419 907 bens
443 830 695 907 poculum
724 850 949 907 aureum
980 834 1036 887 in
1075 830 1386 901 manu-sua,
1434 837 1646 907 plenum
1680 838 1952 891 abomina-

301 902 509 979 tionum
539 912 597 979 e_t_
622 905 1115 979 immunditiarumr
1150 902 1531 979 fornicationis
1559 911 1689 979 ejus.
1726 913 1951 963 Aurum

299 973 842 1052 immunditiarumt
874 973 1216 1052 hypocrisis
1237 985 1325 1052 est
1357 998 1369 1046 ;
1428 980 1530 1051 qui
1577 973 1614 1035 ξι
1654 982 1795 1035 foris
1828 982 1952 1052 qui-

299 1044 437 1118 dem
454 1044 1028 1118 parenthominibus
1050 1044 1396 1118 quasijusti,
1422 1044 1576 1105 intus
1591 1056 1788 1106 autem
1815 1044 1954 1106 sunt

297 1114 642 1197 pleniomni
666 1114 1273 1197 imm‘unditiat‘lllatth:
1295 1124 1680 1197 xxm,_28).AEt
1702 1124 1757 1177 in
1773 1123 1953 1192 fronte

299 1190 413 1257 ejus
469 1203 672 1264 nomen
709 1190 989 1264 scriptum,
1043 1190 1382 1264 Mysterium,
1434 1190 1675 1264 Babylon
1736 1190 1947 1264 magna,

296 1265 477 1311 mater
518 1259 944 1327 fornicationum
975 1270 1024 1316 et
1052 1262 1511 1319 abominationum
1542 1259 1706 1319 terra:
1740 1287 1758 1322 :
1788 1259 1952 1320 nulla

300 1334 390 1383 est
432 1331 795 1410 superstitio,
843 1349 979 1404 quae
1024 1333 1198 1388 fronti
1242 1336 1339 1410 det
1389 1336 1797 1410 signum,_nisi
1841 1337 1949 1410 hy-

298 1403 574 1481 pocrisis;
617 1403 874 1481 Spiritus
907 1410 1103 1481 autem
1142 1406 1337 1481 retulit
1371 1409 1396 1481 _1
1442 1403 1585 1481 quid
1632 1407 1706 1463 sit
1764 1403 1953 1481 scrip-

298 1476 425 1525 tum
459 1473 762 1549 inAfronte.
783 1478 941 1549 _Nam
969 1475 1103 1549 quis
1134 1476 1307 1549 talem
1342 1473 1576 1532 titulum
1612 1484 1812 1549 aperte
1844 1473 1952 1533 im-

298 1548 484 1621 ponat
514 1542 540 1596 ‘t
563 1545 902 1621 Mysteriuin
935 1542 1093 1621 enim
1117 1548 1264 1621 diuit
1290 1564 1442 1621 esse,
1473 1553 1633 1619 quod
1654 1542 1951 1621 interpre-

300 1619 455 1667 tatus
489 1622 573 1669 est
598 1615 823 1679 dicens,
851 1617 925 1671 Et
944 1617 1058 1689 vidi
1082 1618 1357 1673 mulierem
1382 1615 1582 1674 ebriam
1608 1622 1668 1674 de
1689 1615 1949 1689 sanguine

293 1691 600 1761 sanctorum
624 1693 673 1741 et
698 1695 1005 1761 martyrum
1028 1688 1173 1761 Jesu.
1206 1692 1395 1745 Unum
1416 1698 1501 1746 est
1527 1692 1682 1746 enim
1703 1688 1945 1761 corpus,

292 1756 451 1836 quod
483 1756 1133 1836 adversattirIEcclesite
1165 1760 1323 1815 intus
1355 1778 1423 1817 ac
1456 1763 1633 1836 foris;
1670 1764 1724 1836 id
1755 1756 1944 1836 es't,_in

294 1826 551 1882 Ecclesia
583 1828 696 1883 ﬁcti
722 1829 1054 1896 Christiani,
1079 1838 1133 1886 et
1162 1838 1321 1888 extra
1346 1826 1663 1889 Ecclesiam
1690 1826 1944 1889 haeretici

292 1897 377 1979 vel
410 1898 655 1979 Pagani.
689 1902 859 1965 Quod
890 1902 1023 1979 licet
1062 1919 1277 1974 corpus
1310 1905 1582 1979 videatur
1613 1906 1749 1979 loco?
1772 1922 1944 1977 sepa-

287 1975 503 2050 ratum,
556 1975 617 2026 in
648 1975 1057 2050 persecutione
1090 1981 1285 2050 tamen
1332 1976 1606 2050 Ecclesia;
1654 1975 1940 2050 unitatem

286 2045 524 2120 spiritus
551 2049 852 2120 operatur.
879 2045 1251 2120 lmpossibile
1282 2052 1369 2100 est
1394 2048 1551 2101 enim
1584 2048 1939 2119 Prophetam

287 2115 477 2189 p_erire
522 2120 733 2183 praeter
772 2115 1100 2189 Jerusalem
1133 2117 1576 2173 interticientem
1616 2115 1940 2189 Prophetas

284 2181 438 2262 (Luc.
462 2181 596 2262 alii,
621 2189 708 2262 33,
738 2186 834 2262 34)
863 2188 1105 2262 ;_id_est,
1140 2194 1479 2262 nonpotest
1511 2189 1633 2244 ﬁeri
1659 2181 1941 2245 ut'Chris-

285 2254 427 2307 tiani
461 2254 754 2336 honisine
778 2254 1123 2336 Christianis
1146 2254 1316 2336 malis
1340 2262 1809 2333 persecutionem
1835 2263 1935 2317 ali-

280 2339 467 2405 quam
491 2329 921 2405 patiantur,Sic
942 2335 1189 2401 nepotes
1207 2334 1227 2366 ²
1246 2329 1603 2405 proavorum
1619 2348 1935 2397 consensu,

280 2397 627 2473 Zachariam
662 2398 961 2473 lapidasse
992 2397 1350 2457 accusantur
1391 2404 1605 2473 (Matth.
1635 2420 1787 2469 xxui,
1822 2407 1934 2473 35),

277 2482 413 2520 cum
446 2469 559 2537 ipsi
604 2485 722 2544 non
749 2470 1039 2544 iecerint.
1068 2474 1142 2526 Et
1187 2474 1353 2528 bestia
1382 2469 1495 2544 fuit
1534 2483 1581 2529 et
1626 2492 1729 2528 non
1759 2483 1853 2539 est,
1884 2469 1937 2530 et

279 2553 571 2617 ascensura
597 2539 659 2593 de
706 2540 909 2617 abysso,
941 2550 989 2595 et
1022 2543 1078 2596 in
1126 2539 1479 2607 perditionem
1512 2546 1612 2599 irae
1655 2547 1756 2599 Dei
1784 2547 1884 2600 ibit
1911 2562 1933 2602 .'

280 2609 339 2662 id
374 2619 483 2685 est,
509 2627 579 2685 ex
602 2609 827 2685 populo
861 2620 1157 2679 nascetur,
1191 2621 1255 2669 ut
1281 2618 1469 2685 possit
1497 2617 1714 2680 dicere,
1747 2618 1933 2672 Bestia

279 2695 350 2761 ex
391 2680 890 2761 bestia,‘a_byssus
931 2700 1002 2739 ex
1052 2680 1296 2761 abysso:
1337 2688 1489 2761 Quid
1524 2688 1932 2761 estbestiaex

278 2750 494 2817 bestia,
536 2760 590 2808 et
623 2750 881 2828 abissus
907 2771 973 2809 ex
1012 2750 1262 2828 abysso,
1290 2750 1399 2811 nisi
1445 2758 1705 2828 populus
1735 2759 1929 2813 malus

274 2838 533 2878 nascens
582 2840 652 2879 ex
693 2826 918 2895 populo
960 2827 1119 2882 malo
1162 2828 1189 2881 ‘?
1237 2831 1353 2882 Hoc
1384 2826 1620 2883 ﬁt‘dum
1656 2829 1757 2883 ﬁlii
1790 2830 1930 2884 mali

274 2900 553 2971 parentes
576 2898 871 2971 pessimos
888 2898 1212 2971 imitantur.
1236 2900 1578 2954 Etascendit
1603 2907 1927 2971 superstes,

275 2970 331 3050 et
360 2965 419 3019 in
448 2967 841 3050 perditionem
865 2968 1043 3035 vadit,
1070 2969 1219 3023 sicut
1245 2974 1303 3050 et
1322 2978 1521 3050 patres
1554 2965 1765 3050 sui,'ex
1797 2972 1931 3050 qui-

273 3034 390 3115 bns
418 3034 703 3115 ascendit.
740 3039 950 3115 Etjam
979 3055 1139 3115 nunc
1170 3034 1338 3115 sunt;
1359 3042 1495 3112 quia
1528 3034 1657 3096 aliis
1680 3034 1929 3115 morien-

275 3107 434 3183 tibus
468 3109 565 3163 alii
597 3107 923 3183 succedunt
955 3111 1059 3165 eis.
1104 3113 1169 3166 Et
1211 3114 1295 3166 sic
1327 3107 1641 3183 nunquam
1689 3112 1924 3177 desunt,

273 3194 376 3232 seu
401 3180 459 3233 in
494 3182 701 3254 paucis
732 3183 928 3254 seuin
956 3183 1178 3248 multis,
1206 3200 1310 3238 seu
1342 3180 1569 3239 occulte
1603 3185 1726 3239 sive
1752 3186 1926 3254 quasi

272 3257 492 3330 aperte,
528 3252 631 3330 qui
659 3268 779 3307 non
803 3253 1077 3330 ab_i_n_itio
1100 3271 1335 3330 semper
1357 3256 1715 3330 insidientur
1737 3252 1927 3309 Eccle-

274 3322 599 3400 siae-Quod
631 3330 831 3400 autem
872 3324 1032 3389 dicit,
1072 3322 1376 3400 mulierem
1412 3328 1715 3381 sedentem
1748 3342 1927 3397 super

275 3394 524 3472 bestiam
556 3394 895 3472 coccineum
920 3414 931 3461 ;
961 3399 1358 3472 peccatricem
1387 3404 1443 3472 et
1475 3403 1781 3472 cruentam
1807 3394 1926 3472 pie-

271 3462 408 3517 bem
443 3464 685 3533 intelligi
720 3467 923 3521 voluit.
950 3462 1119 3532 Quod
1161 3476 1356 3524 autem
1387 3470 1546 3534 dicit,
1587 3462 1921 3525 circumda-

273 3539 693 3615 tampurpura
735 3542 1021 3615 et_cocco,
1056 3546 1110 3615 et
1140 3546 1411 3615 ornatam
1445 3557 1591 3615 auro
1630 3548 1683 3594 et
1724 3541 1923 3615 lapide

270 3608 569 3682 pretioso;
602 3608 1288 3682 ostendittsuperborum
1316 3620 1369 3667 et
1392 3613 1711 3682 impiorum
1736 3608 1922 3666 homi.

270 3692 416 3730 num
447 3678 673 3748 plebem
698 3678 985 3735 omnibus
1014 3682 1303 3737 illecebris
1336 3678 1627 3737 simulatae
1662 3684 1921 3737 veritatis

268 3748 585 3828 repletam.
628 3752 799 3828 Quod
832 3759 1030 3806 autem
1062 3754 1354 3828 poculum
1388 3771 1634 3809 aureum
1666 3754 1922 3828 habebat

269 3823 326 3891 in
363 3836 543 3875 manu
587 3838 697 3876 sua
744 3823 989 3891 plenum
1021 3824 1543 3880 abominationum
1578 3832 1632 3879 et
1665 3826 1921 3881 immun-

268 3890 548 3974 ditiacum
564 3890 1130 3974 “fornicationis-ejus
1153 3897 1505 3974 ;_hypo_c_ritze
1524 3900 1579 3950 et
1597 3896 1708 3951 ficti
1735 3898 1921 3974 Chris:

269 3963 410 4044 tiani
437 3963 866 4044 intelliguntur,
896 3966 997 4044 qui
1023 3963 1488 4044 aioris'quidem
1507 3974 1721 4044 parent
1746 3969 1916 4044 quasi

262 4035 430 4107 justi,
466 4035 626 4088 intus
683 4041 879 4089 autem
918 4037 1070 4107 pleni
1119 4035 1448 4093 sunt'omni
1504 4035 1907 4094 immunditia.

267 4106 433 4168 Quod
463 4111 683 4181 autem,
714 4107 772 4181 in
820 4106 1009 4163 fronte
1026 4110 1298 4181 habebat
1330 4113 1636 4180 scriptum,
1680 4110 1919 4181 Babylon

266 4184 439 4257 mater
450 4176 917 4257 fornicationum;
939 4196 970 4232 n
983 4180 1103 4257 ulla
1118 4189 1204 4257 est
1220 4176 1561 4257 superstitio
1584 4176 1868 4257 quas-{ron
1881 4183 1916 4236 ti

265 4247 362 4301 det
386 4249 646 4327 signum,
672 4250 1161 4327 nisihypocrisis,
1185 4247 1364 4327 idest,
1388 4247 1620 4327 tingunt
1644 4270 1704 4306 se
1727 4253 1918 4307 bonos

264 4334 400 4399 cum
436 4320 729 4399 sinlmali:
764 4322 934 4385 Quod
960 4329 1161 4399 autem
1188 4323 1352 4387 dixit,
1382 4325 1611 4378 ebriam
1643 4340 1770 4399 esse
1791 4341 1915 4377 mu-

262 4388 463 4445 lierem
512 4393 805 4460 sanguine
833 4398 1220 4466 sanctorum
1255 4401 1309 4450 et
1349 4402 1676 4466 martyrum
1730 4398 1866 4449 Jesu
1902 4412 1914 4459 ;

265 4476 694 4538 unum_corpus
728 4462 1024 4538 malorum
1067 4465 1309 4533 intelligi
1340 4462 1543 4531 voluit,
1577 4466 1738 4538 quod
1768 4482 1919 4521 sem-

265 4533 1063 4608 pecadversaturcEcclesiae
1104 4538 1263 4591 intus
1293 4544 1347 4592 et
1378 4538 1518 4592 foris
1563 4533 1753 4608 {quia
1781 4543 1836 4592 et
1858 4539 1917 4591 in

267 4602 521 4659 Ecclesia
556 4610 695 4659 sunt
746 4605 867 4660 ﬁcti
910 4606 1242 4673 Christiani,
1278 4615 1333 4663 et
1380 4615 1542 4663 extra
1600 4602 1916 4663 E'cclesiam

264 4674 517 4729 haeretici
554 4676 638 4730 vel
672 4677 915 4748 Pagani.
952 4679 1013 4734 Et
1042 4678 1175 4734 licet
1220 4681 1515 4735 interdum
1551 4696 1797 4749 corpore
1832 4695 1919 4733 se-

266 4751 568 4825 parentur,
601 4763 721 4825 uno
769 4755 966 4825 tamen
993 4751 1212 4825 animo
1252 4751 1919 4825 in‘Ecclcsizepersecu-

266 4817 422 4871 tione
449 4817 803 4893 junguntur.
840 4821 1009 4884 Quod
1042 4828 1240 4877 autem
1293 4823 1453 4887 dicit,
1490 4817 1672 4877 Bestia
1710 4823 1840 4893 fuit,
1868 4830 1917 4877 et

264 4895 489 4965 nonest,
521 4897 569 4943 et
606 4890 802 4965 latura
827 4899 920 4953 est.
952 4900 1000 4948 et
1029 4910 1314 4948 ascensura
1352 4894 1411 4946 de
1437 4894 1618 4964 abysso
1643 4908 1664 4965 ;
1691 4890 1801 4949 hoc
1832 4895 1918 4948 in-

265 4959 563 5036 telligitur,
601 4961 768 5036 quod
798 4964 1125 5036 exchpulo
1158 4965 1315 5019 malo
1347 4959 1919 5036 nascatur'populus

264 5029 483 5107 malus,
521 5036 581 5107 ut
611 5029 797 5107 pcssit
827 5029 964 5107 dici,
987 5029 1196 5091 'Bestia
1225 5053 1294 5091 ex
1330 5037 1537 5100 bestia,
1571 5029 1825 5107 abj'ssbs
1848 5052 1919 5091 ex

263 5102 505 5179 abysso.
537 5102 691 5168 Quid
717 5109 803 5159 est
827 5106 1019 5161 bestia
1045 5124 1115 5162 ex
1134 5108 1344 5167 bestia,
1377 5109 1489 5162 nisi
1516 5102 1770 5179 populus
1790 5123 1915 5179 ma:

263 5171 667 5253 lusnnascens
728 5192 797 5230 ex
849 5179 1072 5253 populo
1118 5179 1276 5253 malo
1304 5180 1334 5230 ‘t
1387 5171 1608 5253 Hoc'tit
1638 5180 1783 5253 dum
1817 5178 1917 5253 lilii

266 5243 704 5324 maliparentes
721 5243 1342 5324 pessim'os‘imitantur
1370 5266 1381 5303 :
1413 5266 1482 5304 ac
1514 5250 1595 5324 sic
1617 5250 1762 5305 dum
1789 5249 1919 5324 aliis

266 5317 667 5395 morientibus
688 5317 791 5395 alii
818 5320 1166 5395 succedunt,
1201 5336 1511 5395 nunquam
1541 5321 1756 5376 desunt
1796 5322 1919 5376 sive

267 5387 322 5440 in
354 5387 746 5462 paucisssive
782 5394 840 5445 in
878 5392 1096 5455 multis,
1132 5408 1233 5446 seu
1267 5387 1513 5456 occulte,
1551 5406 1653 5446 seu
1694 5398 1916 5462 aperte,

265 5459 366 5529 qui
411 5474 531 5513 non
564 5460 641 5514 ab
672 5461 835 5517 initio
864 5479 1102 5533 semper
1134 5462 1487 5517 insidientur
1522 5459 1805 5518 Ecclesiae.
1839 5465 1919 5518 De

263 5545 522 5601 quorum
556 5534 852 5589 consortio
884 5536 1025 5605 quia
1055 5550 1303 5605 corpore
1337 5550 1455 5589 non
1485 5550 1804 5605 possumus
1834 5552 1920 5590 se-

327 5620 340 5649 ¹
379 5616 531 5680 E‘diti,
554 5635 659 5668 non
695 5623 885 5678 retulit,
914 5623 1091 5680 Abest,
1128 5637 1250 5679 non,
1279 5635 1310 5671 ε.
1336 5623 1458 5671 Mss.

326 5682 345 5712 ³
378 5678 500 5730 Mss.
535 5691 855 5747 pronepotes.

1820 141 2207 198 APPENDIX.

3582 136 3725 195 2450

2069 265 2267 337 parari
2298 265 2358 320 in
2390 266 2504 322 hoc
2536 268 2774 334 saeculo,
2807 283 3048 325 oremus
3080 269 3181 325 Dei
3226 266 3717 332 misericordiam,

2069 344 2131 391 ut
2160 341 2241 392 sic
2271 338 2535 392 moribus
2560 355 2927 409 separemur,
2949 357 3021 396 ne
3045 357 3181 395 cum
3214 340 3322 394 illis
3343 346 3560 394 aeterno
3583 354 3720 407 sup-

2066 410 2240 477 plicio
2271 425 2587 478 pereamus
2643 428 2655 464 :
2701 412 2801 463 sed
2864 414 3054 479 magis
3108 429 3242 465 cum
3274 411 3356 467 illi
3400 409 3717 473 audierint,

2066 480 2331 553 Discedite
2361 498 2394 533 a
2414 498 2508 541 me,
2545 482 2839 545 maledicti,
2870 484 2928 535 in
2960 485 3131 553 ignem
3154 490 3417 537 aeternum
3439 504 3459 550 ;
3485 497 3593 535 nos
3615 496 3718 535 au-

2065 552 2189 606 dire
2236 568 2592 614 mereamur,
2640 554 2841 619 Venite,
2870 552 3130 609 benedicti
3160 556 3349 608 Patris
3381 554 3502 615 mei,
3532 553 3714 621 perci-

2062 624 2174 693 pite
2211 639 2436 692 regnum
2482 624 2587 693 (Id.
2620 640 2757 689 xxv,
2793 626 2878 690 41,
2911 629 2997 694 34)
3029 642 3042 691 ;
3096 630 3411 695 praestante
3462 624 3714 680 Domino

2064 702 2266 750 nostro
2296 695 2433 749 Jesu
2466 695 2714 750 Christo.
2745 701 2953 750 Amen.

2701 818 2928 858 HOMILIA
2973 819 3069 857 XV.

2132 904 2242 977 [tb.
2278 922 2394 979 xvii
2436 911 2491 979 et
2522 907 2711 979 xvm.]
2754 911 2812 961 In
2846 907 3092 962 lectione
3139 922 3273 977 quas
3314 906 3556 979 recitata
3605 909 3709 969 est,

2062 975 2269 1031 fratres
2297 978 2654 1039 charissimi.
2690 975 2858 1049 reges
2880 979 3009 1033 illos
3043 975 3194 1048 quos
3224 978 3367 1032 dixit
3398 978 3562 1047 quod
3588 993 3715 1046 per—

2062 1057 2394 1119 sequuntur
2422 1049 2772 1114 Jerusalem,
2800 1050 3001 1121 p0puli
3034 1050 3351 1115 malisunt,
3383 1049 3485 1119 qui
3518 1064 3715 1121 perse-

2060 1118 2329 1192 quuntur
2362 1121 2682 1176 Ecclesiam
2716 1118 2814 1175 Dei
2846 1118 2986 1192 :qui
3018 1121 3189 1190 quasi
3214 1135 3380 1188 reges
3408 1118 3715 1192 appellan-

2058 1196 2174 1256 tur,
2225 1191 2369 1263 quia
2400 1192 2557 1246 velut
2605 1193 2663 1246 in
2705 1190 2931 1247 somnis
2976 1197 3245 1263 regnant.
3299 1192 3505 1247 Omnis
3537 1190 3709 1263 enim

2062 1260 2262 1318 malus
2280 1263 2384 1333 qui
2411 1263 2789 1333 persequitur
2812 1263 3063 1328 bonum,
3085 1262 3239 1317 velut
3263 1264 3319 1316 in
3352 1260 3580 1316 somnis
3596 1260 3712 1315 hoc

2060 1333 2232 1388 facit:
2266 1334 2409 1405 quia
2438 1334 2736 1388 malorum
2768 1335 3041 1389 omnium
3073 1333 3406 1404 persecutio
3438 1348 3558 1387 non
3582 1348 3710 1405 per-

2062 1403 2341 1471 manebit,
2406 1405 2511 1459 sed
2570 1406 2732 1459 velut
2798 1403 3102 1460 somnium
3165 1408 3496 1466 evanescet,
3558 1403 3709 1458 sicut

2062 1476 2239 1531 Isaias
2272 1476 2376 1539 ait,
2430 1478 2615 1531 Erunt
2672 1476 2812 1531 velut
2860 1477 3130 1530 somnians
3179 1478 3237 1530 in
3288 1492 3466 1529 somno
3494 1474 3706 1527 divitia:

2057 1550 2294 1601 omnium
2321 1548 2558 1617 gentium
2589 1548 2742 1611 (Isai.
2786 1564 2945 1611 XXIX,
2980 1548 3055 1617 7).
3090 1547 3165 1600 Hi
3192 1564 3353 1602 una":
3387 1546 3706 1599 sententiam

2058 1618 2251 1672 habent
2282 1637 2300 1673 :
2332 1619 2391 1671 id
2432 1624 2538 1689 est,
2574 1634 2693 1673 uno
2749 1620 2950 1673 animo
3006 1624 3441 1689 persequuntur
3479 1617 3698 1673 bonos.

2057 1689 2197 1743 Ideo
2237 1689 2396 1752 dicit,
2432 1688 2623 1742 habent
2666 1695 2765 1751 ;et
2794 1705 2912 1743 non
2946 1688 3293 1743 habebunt:
3327 1688 3466 1759 quia
3498 1702 3706 1759 perse-i

2056 1762 2214 1815 cutio
2246 1760 2543 1814 malorum
2576 1776 2693 1814 non
2729 1760 2923 1814 solum
2973 1760 3326 1814 adveniente
3350 1758 3464 1812 idie
3498 1758 3703 1823 judicii

2054 1834 2183 1898 erit,
2204 1832 2309 1886 sed
2340 1832 2518 1885 etiam
2541 1831 2599 1885 in
2627 1832 2901 1901 praesenti
2931 1846 3051 1884 non
3083 1830 3320 1883 desinit.
3353 1831 3427 1883 Et
3446 1829 3701 1901 virtutem

2053 1910 2099 1957 et
2149 1905 2473 1969 majestatem
2500 1900 2652 1956 suam
2682 1902 2894 1956 diabolo
2933 1902 3136 1955 dabunt
3168 1918 3182 1953 :
3216 1901 3328 1955 hoc
3375 1901 3506 1953 ideo
3538 1900 3700 1964 dicit,

2052 1976 2196 2045 quia
2224 1975 2499 2029 homines
2550 1974 2737 2045 impii,
2772 1974 2881 2044 ipsi
2908 1974 3205 2045 tvidentur
3231 1974 3374 2045 dare
3406 1971 3699 2035 virtutem,

2050 2044 2172 2116 quo
2202 2045 2518 2116 instigante
2548 2044 2771 2099 iaciunt
2803 2044 2980 2099 mala.
3013 2044 3088 2097 Hi
3110 2060 3228 2116 cum
3250 2044 3403 2112 Agno
3419 2048 3700 2112 pugnant:

2050 2114 2109 2171 id
2142 2124 2249 2181 est,
2282 2132 2469 2186 usque
2492 2115 2550 2169 in
2576 2116 2778 2178 tinem,
2807 2117 2999 2171 donec
3030 2114 3216 2170 sancti
3239 2130 3495 2181 regnum
3520 2128 3701 2186 omne

2049 2185 2401 2258 percipiant,
2432 2187 2699 2241 Ecclesiae
2738 2186 3153 2241 adversantur.
3196 2186 3268 2258 Et
3300 2186 3484 2258 Agnus
3530 2185 3699 2258 vincet

2047 2256 2176 2314 eos:
2218 2256 2284 2313 id
2317 2263 2424 2324 est,
2462 2261 2683 2330 utique,
2713 2258 2863 2330 quia
2902 2273 3021 2312 non
3060 2257 3345 2330 permittit
3376 2256 3505 2330 ill_os
3539 2256 3698 2330 Deus

2050 2332 2256 2385 tentari
2287 2345 2468 2401 supra
2491 2330 2548 2384 id
2564 2327 2727 2401 quod
2741 2327 3027 2401 possunt.
3056 2327 3192 2382 ideo
3218 2327 3378 2391 dicit,
3406 2328 3486 2382 Et
3510 2327 3698 2395 Agnus

2046 2403 2215 2457 vincet
2246 2400 2628 2481 eos,guoniam
2670 2400 2930 2481 Dominus
2957 2400 3362 2481 dcminumnest,
3395 2405 3444 2452 et
3486 2415 3585 2481 rczc
3614 2414 3698 2481 re-

2041 2491 2162 2544 gum
2188 2496 2206 2540 ,-
2237 2480 2285 2527 et
2314 2469 2548 2543 quicum
2591 2489 2668 2537 eo,
2700 2473 2873 2526 vocati
2898 2480 2946 2526 et
2972 2472 3122 2544 electi
3147 2478 3195 2524 et
3239 2470 3455 2544 ﬁdeles:
3491 2469 3693 2544 idest,

2045 2540 2337 2598 Ecclesia;
2382 2545 2692 2612 PrOpterea
2732 2550 2931 2597 autem
2989 2542 3159 2607 dixit,
3210 2541 3382 2596 vocati
3420 2547 3467 2594 et
3496 2540 3691 2612 telecti,

2042 2617 2184 2685 quia
2216 2631 2334 2668 non
2366 2610 2576 2668 omnes
2612 2616 2801 2668 vocati
2835 2619 2967 2667 sunt
2995 2620 3050 2667 et
3074 2612 3237 2685 electi
3260 2612 3460 2685 gtsicut
3492 2610 3692 2685 Domi-

2041 2682 2152 2739 nus
2174 2686 2271 2748 ait,
2292 2685 2457 2740 Multi
2473 2685 2665 2745 vocati,
2689 2685 2855 2754 pauci
2874 2692 3049 2738 autem
3062 2683 3442 2753 electi(Matth.
3460 2698 3557 2746 xx,
3578 2682 3688 2754 176).

2042 2758 2112 2811 Et
2139 2757 2290 2810 dixit
2320 2756 2460 2809 mihi
2483 2753 2703 2825 angelus
2735 2773 2751 2809 :
2789 2755 2946 2810 Vides
2988 2772 3153 2826 aquas
3184 2756 3279 2808 ubi
3310 2754 3508 2807 mulier
3530 2753 3690 2817 sedet,

2039 2828 2148 2881 haec
2177 2837 2223 2881 et
2253 2828 2479 2897 populus
2508 2834 2559 2881 et
2591 2826 2763 2881 turbae
2790 2832 2936 2890 sunt,
2969 2833 3019 2880 et
3062 2833 3239 2895 gentes
3277 2832 3325 2879 et
3369 2826 3610 2897 linguae:
3643 2829 3693 2877 et

2038 2898 2209 2952 decem
2239 2896 2441 2952 cornua
2468 2914 2583 2967 qum
2610 2898 2823 2961 vidisti,
2862 2898 2923 2951 hi
2946 2896 3065 2951 odio
3092 2897 3280 2951 habent
3308 2896 3640 2967 meretricem
3671 2914 3691 2950 :

2040 2969 2099 3022 id
2121 2974 2231 3033 est,
2258 2966 2563 3022 mulierem
2581 2968 2771 3023 illam.
2801 2968 3063 3022 Meretrix
3088 2974 3176 3023 est
3198 2968 3358 3022 enim
3388 2966 3691 3021 vitaluxu-

2036 3040 2216 3101 riosa,
2235 3055 2371 3109 quae
2398 3039 2621 3109 rapinis
2638 3044 2693 3093 et
2715 3038 3125 3107 voluptatibus
3148 3039 3359 3106 agitur.
3384 3036 3692 3109 ldeotdixit

2036 3112 2199 3182 quod
2222 3108 2361 3164 odio
2384 3108 2643 3182 habeant
2658 3110 3047 3182 meretricem,
3068 3109 3210 3178 quia
3223 3108 3498 3182 homines
3519 3108 3691 3162 luxu-

2036 3178 2198 3245 riosi,
2241 3181 2502 3251 superbi.
2557 3180 2753 3251 cupidi
2784 3184 2843 3233 et
2879 3179 3034 3241 elati,
3068 3194 3189 3233 non
3218 3178 3415 3251 solum
3436 3182 3687 3251 sanctos

2034 3248 2474 3325 persequuntur
2507 3268 2521 3316 ;
2553 3248 2657 3306 sed
2688 3251 2865 3325 etiam
2894 3250 3137 3325 seipsos
3180 3248 3319 3325 odio
3351 3248 3605 3325 habent.
3625 3251 3690 3303 Et

2034 3318 2145 3381 alio
2175 3318 2359 3378 m'odo
2385 3324 2611 3393 seipsos
2641 3322 2780 3377 odio
2810 3318 3053 3383 habent,
3077 3322 3133 3375 in
3158 3320 3377 3393 quibus
3408 3318 3689 3393 impletur

2034 3396 2195 3468 quod
2229 3389 2514 3468 scriptum
2540 3398 2650 3468 est,
2684 3394 2787 3468 Qui
2812 3393 2995 3468 diligit
3025 3389 3534 3468 iniquitatem,_od_it
3565 3389 3687 3468 anis

2032 3462 2173 3521 mam
2201 3462 2361 3521 suam
2402 3466 2571 3537 (Psal.
2606 3482 2664 3529 x,
2713 3465 2786 3533 6).
2830 3465 2900 3518 Et
2926 3462 3189 3537 desertam
3222 3479 3334 3515 eam
3384 3462 3588 3537 facient
3637 3467 3684 3515 et

2034 3539 2251 3593 nudam.
2287 3532 2591 3609 Ipsi'enim
2624 3552 2727 3607 per
2750 3532 2907 3609 iram
2940 3538 3035 3589 Dei
3058 3535 3358 3609 etAjustuin
3387 3532 3685 3609 judicium

2076 3627 2153 3664 uo
2183 3603 2539 3663 deseruntur
2555 3603 2641 3663 ali
2659 3624 2749 3671 eo,
2772 3608 3074 3660 desertum
3102 3604 3328 3659 faciunt
3347 3603 3641 3658 mundum
3668 3620 3681 3669 ;

2078 3698 2176 3735 um
2223 3681 2273 3734 ei
2324 3679 2507 3733 dediti
2540 3684 2680 3733 sunt
2727 3686 2781 3732 et
2811 3678 3026 3747 injuste
3060 3681 3323 3730 utuntur.
3375 3675 3450 3729 Et
3496 3690 3684 3747 carnes

2030 3754 2143 3822 ejus
2180 3752 2355 3806 edent.
2390 3753 2506 3805 Hoc
2562 3750 2716 3822 ideo,
2748 3745 2895 3820 quia
2943 3764 3007 3803 se
3046 3748 3309 3822 invicem
3334 3745 3684 3822 secundum

2031 3817 2381 3894 Apostolum
2433 3820 2708 3894 mordent
2756 3817 2810 3875 et
2849 3820 3173 3894 comedunt
3222 3817 3423 3894 (Qalat.
3460 3833 3515 3894 v,_
3578 3820 3679 3894 t5_).

2031 3886 2097 3949 EE
2122 3898 2437 3964 propterea
2469 3892 2681 3962 adjecit
2707 3907 2952 3946 causam
2986 3891 3213 3964 dicens,
3244 3888 3567 3964 Deus_enim
3598 3886 3685 3941 de-

2028 3959 2195 4020 dit-in
2220 3959 2378 4019 corda
2410 3959 2593 4018 eorum
2620 3964 2794 4035 facere
2822 3964 3143 4017 sententiam
3158 3961 3274 4035 ejus
3299 3976 3317 4011 :
3358 3959 3553 4035 idest,
3587 3974 3683 4013 ex-

2029 4038 2230 4092 citavit
2247 4036 2472 4106 plagas,
2496 4031 2648 4105 quas
2672 4035 3045 4105 mundojure
3065 4033 3394 4106 meritoque
3422 4031 3683 4106 irrogare

2028 4101 2307 4162 decrevit.
2343 4107 2414 4161 Et
2455 4101 2657 4161 dabunt
2702 4101 2928 4176 regnum
2953 4122 3109 4159 suum
3135 4101 3333 4167 bestiae,
3368 4118 3527 4176 usque
3545 4101 3681 4176 dum

2026 4180 2299 4251 ﬁniantur
2326 4178 2471 4233 dicta
2514 4178 2617 4232 Dei
2648 4196 2666 4232 :
2701 4171 2900 4251 id'est,
2934 4176 3212 4251 homines
3241 4173 3402 4251 _inali
3435 4171 3680 4251 diabolo

2028 4244 2460 4320 obtemperant,
2496 4253 2687 4305 donec
2718 4248 3078 4316 impleantur
3125 4244 3470 4320 _Scriptnr_tn,
3502 4246 3557 4295 et
3588 4256 3679 4295 ve-

2027 4325 2153 4377 niat
2182 4312 2307 4376 dies
2337 4321 2570 4390 judicii.
2620 4320 2751 4372 Post
2793 4312 2917 4371 haec
2970 4312 3494 4390 seq_ui_tur,‘Mulier
3524 4328 3683 4382 quam

2027 4394 2238 4455 vidisti,
2272 4385 2353 4447 est
2386 4392 2582 4446 civitas
2626 4406 2841 4458 magna,
2893 4403 3013 4458 qua?
3059 4385 3219 4458 habet
3265 4402 3487 4458 regnum
3522 4400 3684 4458 super

2027 4482 2177 4534 reges
2204 4472 2371 4519 terrae
2399 4482 2417 4517 .-
2446 4463 2502 4515 id
2536 4468 2642 4527 est,
2674 4455 3066 4534 omnes—mali
3096 4462 3151 4534 et
3176 4457 3371 4534 impii:
3404 4455 3582 4534 Sicet
3609 4455 3683 4510 de

2030 4525 2289 4591 Edclesia
2328 4534 2555 4588 dictum
2598 4525 2704 4594 est,
2746 4530 2900 4595 Veni,
2955 4528 3223 4583 ostendam
3269 4526 3371 4580 tibi
3402 4525 3683 4580 mulierem

2030 4609 2175 4675 Agni
2197 4627 2215 4663 :
2244 4612 2293 4660 et
2324 4604 2556 4659 ostendit
2595 4602 2735 4656 mihi
2763 4602 3037 4675 civitctem
3054 4598 3453 4675 descendentem
3558 4596 3684 4651 cado

2055 4668 2220 4747 Α’ροο.
2258 4693 2371 4740 xxi,
2400 4680 2451 4747 9,
2493 4676 2612 4747 10).!
2637 4677 2819 4727 Postea
2838 4672 2953 4726 vidi
2982 4672 3149 4725 alium
3182 4670 3427 4739 angelum
3471 4668 3680 4747 desceno

2063 4745 2237 4803 entem
2263 4749 2325 4801 de
2347 4746 2490 4811 ca’lo,
2524 4745 2803 4800 habentem
2822 4747 3132 4814 potestatem
3157 4757 3403 4814 magnam
3426 4746 3515 4814 :et
3537 4745 3685 4814 terra

2036 4820 2356 4896 illuminata
2381 4826 2455 4873 est
2483 4818 2553 4871 ad
2565 4812 2881 4896 clat'ttatein
2908 4816 3043 4896 ejus.
3076 4813 3412 4896 [Etcla'mavt‘t
3442 4812 3498 4864 in
3522 4812 3686 4880 forti-

2038 4891 2247 4954 tudine,
2292 4890 2472 4945 dicens
2507 4906 2523 4942 .·
2555 4888 2784 4952 Cecidit,
2838 4882 3027 4941 cecidit
3074 4884 3309 4955 Babylon
3344 4882 3439 4937 illa
3470 4898 3683 4955 magna,

2031 4970 2079 5017 et
2107 4952 2251 5033 facta
2282 4966 2355 5015 est
2392 4960 2754 5033 habitaculum
2797 4952 3207 5033 diemonicrum,
3237 4966 3288 5033 et
3307 4952 3556 5033 custodia
3580 4969 3687 5033 om-

2030 5022 2259 5107 nisavis
2280 5032 2569 5107 immundae
2600 5038 2647 5085 et
2680 5026 3318 5107 inquimtmthjumquid
3350 5025 3525 5107 unins
3546 5022 3687 5077 civi-

2031 5106 2171 5160 tatis
2204 5106 2373 5159 ruina
2413 5108 2607 5174 potest
2658 5096 2869 5174 om‘nes
2919 5100 3162 5174 spiritus
3199 5096 3553 5174 immundos
3595 5110 3688 5149 ca-

2031 5192 2192 5248 pere,
2225 5182 2324 5230 aut
2350 5170 2592 5248 omnem
2621 5188 2795 5248 avem
2843 5170 3221 5248 immundam
3258 5186 3270 5235 ;
3301 5173 3404 5222 aut
3444 5182 3514 5248 co
3540 5170 3687 5248 tem-

2030 5236 2187 5319 pore
2221 5262 2342 5319 quo
2364 5246 2587 5319 _civ_itas
2617 5246 2746 5314 ipsa
2777 5241 3073 5319 ceciderit,
3108 5244 3267 5319 totus
3298 5237 3563 5319 mundus
3589 5236 3686 5317 de-

2032 5310 2259 5373 seretur
2287 5310 2672 5387 spiritibuse't
2700 5310 3302 5387 avibusimmundis,
3337 5314 3392 5387 ct
3506 5310 3682 5361 unius

2030 5390 2286 5445 civitatis
2318 5378 2492 5443 ruina
2521 5386 2881 5460 habitat)th
2927 5383 2955 5438 ‘i
3000 5381 3172 5460 Nulla
3201 5384 3290 5436 est
3320 5378 3529 5460 civitas
3550 5394 3684 5460 qna:

2031 5477 2274 5516 omnem
2320 5462 2585 5513 animam
2632 5458 2828 5527 capiat
2872 5453 3273 5527 immundam,
3318 5453 3430 5527 nisi
3481 5453 3684 5527 civitas

2029 5532 2277 5594 diaboli,
2316 5532 2371 5585 in
2423 5546 2545 5601 qua
2575 5520 2772 5601 omnis
2820 5525 3201 5581 immunditia
3231 5525 3289 5578 in
3313 5520 3684 5601 _hominibus

2035 5604 2231 5665 malis,
2263 5618 2369 5674 per
2398 5596 2586 5657 totum
2616 5600 2823 5655 orbem
2851 5601 3277 5674 commcratur.
3313 5596 3497 5674 Reges
3530 5607 3683 5674 quos

2036 5676 2182 5731 dixit
2207 5662 2371 5747 quod
2402 5676 2837 5746 persequantur
2861 5667 3213 5734 Jerusalem,
3236 5665 3497 5722 hominis
3539 5662 3680 5717 mali
