4140 6208
538 120 675 182 2451

534 253 690 312 sunt,
718 248 821 321 qui
868 251 1313 320 persequuntur
1351 248 1677 305 Ecclesiam
1709 250 1848 304 Dei:
1886 253 1990 321 qui
2043 248 2183 302 vivit

535 326 591 377 et
622 324 850 391 regnat,
881 326 991 377 etc.

1177 406 1407 446 HOMILIA
1455 406 1579 446 XVI.

604 462 715 536 [1b.
748 462 1032 536 X_Vlll-XV.]
1069 462 1308 536 Quoties
1334 462 1726 536 Babyloniam
1754 462 2053 536 nominari
2083 476 2185 516 au-

535 532 874 603 diiis,nolite
888 532 1185 590 civiiatem
1198 532 1271 586 de
1284 532 1587 603 lapidibus
1600 533 1823 589 factam
1838 532 2181 601 intelligere;

534 606 677 678 quia
689 607 765 678 Ba
776 604 1313 678 byloniatjonfnsio
1331 606 1745 678 interpretatur
1762 621 1773 660 :
1792 605 1897 660 sed
1913 605 2185 678 homines

536 675 847 757 superbos,
881 682 1175 757 raptores,
1204 675 1541 756 luxuriosos
1580 677 1887 757 etimp‘ios
1917 675 1976 730 in
2008 676 2185 731 malis

537 746 662 825 suis
689 751 1132 825 perseverantes
1163 746 1353 825 ipsius
1366 762 1587 825 nomen
1614 746 2185 825 signiﬁcarecogno-

537 819 714 873 scite:
742 819 890 871 sicut
904 832 933 871 e
947 819 1488 889 contrarioquoties
1505 834 1723 873 nomen
1745 819 2066 873 Jerusalem
2083 834 2184 889 au-

536 888 775 953 dieritis,
791 903 927 960 qua
945 888 1097 943 Visio
1114 888 1283 960 pacis
1306 888 1540 953 dicitur,
1555 888 1829 944 homines
1855 896 2093 944 sanctos
2108 888 2185 943 ad

535 962 718 1031 Deum
746 958 1472 1031 pertinentes'intelligite.
1508 964 1651 1016 Nam
1681 962 1825 1031 quia
1858 960 2185 1031 Babylonia

536 1030 832 1085 malorum
859 1030 1514 1100 hominumimaginem
1537 1030 1717 1102 gerit,
1736 1032 1871 1086 ideo
1904 1030 2087 1086 deeis
2126 1031 2183 1085 in

537 1102 925 1173 sequentibus
955 1102 1116 1167 dicit,
1147 1102 1411 1167 Quoniam
1430 1120 1495 1157 ea:
1521 1109 1647 1158 vino
1673 1106 1775 1158 ira
1803 1103 2185 1173 fornicationis

534 1173 647 1246 ejus
675 1172 922 1246 biberunt
956 1189 1132 1246 omnes
1154 1180 1351 1244 gentes,
1384 1181 1432 1229 et
1478 1192 1625 1246 reges
1652 1172 1816 1229 terra
1860 1175 1955 1245 qui
1978 1192 2093 1229 cum
2126 1190 2186 1227 ea

534 1190 561 1227 e
586 1190 647 1227 us
675 1190 922 1227 vicerunt
956 1190 1132 1227 omnes
1154 1190 1351 1244 gentes,
1384 1190 1432 1229 et
1478 1192 1625 1246 reges
1652 1190 1816 1229 terra
1860 1191 1951 1245 qui
1978 1192 2093 1229 cum
2126 1190 2183 1227 ea

533 1190 804 1314 fisrnieati
824 1251 951 1299 sunt
980 1262 1000 1298 .·
1028 1244 1208 1305 idest.
1234 1262 1374 1300 cum
1404 1246 1682 1301 invicem.
1713 1248 1835 1301 Non
1855 1246 2015 1300 enim
2046 1261 2183 1300 cum

538 1331 654 1371 una
683 1316 988 1387 meretrice
1018 1331 1229 1370 omnes
1259 1332 1425 1384 reges
1453 1317 1725 1372 fornicari
1756 1323 2005 1387 possunt
2038 1335 2050 1379 ;
2085 1318 2183 1370 sed

536 1386 682 1441 dum
715 1386 1704 1459 seluxuriosi,quisuntmeretricis
1721 1386 2010 1451 membra,
2036 1387 2188 1441 invi-

535 1473 666 1513 cem
697 1465 1107 1529 corrumpunt,
1140 1474 1277 1512 cum
1313 1461 1636 1525 meretrice,
1686 1460 1742 1513 id
1766 1466 1853 1514 est
1879 1459 2185 1513 luxuriosa

536 1528 983 1584 conversatione
998 1528 1588 1586 fornicaridicuntur.
1618 1531 1888 1586 Posthac
1917 1531 2185 1599 sequitur

536 1600 771 1655 dicens:
798 1600 873 1653 Et
903 1617 1079 1655 omnes
1098 1608 1416 1655 mercatores
1436 1608 1599 1656 terra
1624 1618 1689 1656 es:
1719 1602 1920 1655 virtute
1941 1603 2184 1656 luxuria

534 1671 647 1742 ejus
675 1670 867 1744 divites
901 1672 1035 1744 facti
1058 1674 1330 1726 sunt.Hoc
1351 1672 1483 1727 loco
1510 1673 1723 1728 divites
1739 1675 1994 1744 peccatis
2022 1673 2181 1737 dicit;

537 1757 678 1816 nam
696 1742 970 1816 ni_mieta_s
987 1743 1235 1816 luxuria
1255 1759 1545 1816 pauperes
1560 1742 1756 1816 potius
1770 1760 1955 1816 quam
1973 1744 2185 1798 divites

535 1812 693 1885 facit.
728 1814 802 1885 Et
816 1813 1027 1881 audivi,
1062 1812 1270 1885 inquit,
1286 1812 1456 1869 aleam
1471 1812 1642 1870 vocem
1670 1815 1734 1870 de
1749 1812 1877 1871 caelo
1892 1816 2152 1869 dicentem
2166 1834 2185 1870 :

534 1884 705 1957 Exite
733 1882 799 1938 de
816 1901 919 1957 _ea,_
953 1882 1176 1957 populus
1209 1902 1380 1957 meus,
1424 1903 1488 1940 ne
1512 1888 1919 1942 communicetis
1952 1887 2186 1957 peccatis

533 1955 749 2078 gerent
771 1955 1458 2026 plagisejusneladamini.
1496 1960 1613 2014 Hoc
1654 1958 1785 2013 loco
1812 1955 2186 2013 demonstrat

584 2025 928 2078 abvloniam
948 2026 1174 2078 induas
1189 2036 1386 2078 partes
1401 2045 1528 2078 esse
1556 2030 1807 2078 divisam
1838 2045 1849 2078 :
1880 2028 2183 2078 auiadum

584 2025 928 2100 abyloniam
948 2025 1174 2082 induas
1189 2036 1386 2099 partes
1401 2045 1528 2084 esse
1556 2030 1808 2084 divisam
1838 2045 1849 2083 :
1880 2028 2183 2100 quiadum

536 2098 836 2170 aspirante
854 2101 968 2153 Deo
983 2098 1410 2154 convertuntur
1424 2100 1563 2155 mali
1582 2101 1654 2155 ad
1672 2098 1920 2164 bonum,
1937 2099 2183 2170 Babylo-

536 2167 637 2241 nia
666 2167 987 2241 dividitur;
1020 2175 1075 2241 et
1104 2186 1246 2241 pars
1289 2170 1385 2225 illa
1417 2187 1552 2241 qua
1600 2173 1673 2225 ab
1710 2172 1807 2227 illa
1844 2167 2185 2226 discesserit

535 2239 789 2313 efﬁcitur
834 2239 1183 2313 Jerusalem.
1228 2239 1500 2306 Quotidie
1542 2244 1701 2298 enim
1750 2242 1824 2297 de
1861 2242 2185 2313 Babylonia

535 2310 978 2366 transferuntur
1003 2312 1079 2367 ad
1108 2314 1453 2379 Jerusalem,
1482 2320 1538 2369 et
1566 2314 1640 2369 de
1666 2310 1994 2369 Jerusalem
2012 2312 2186 2368 sedu-

534 2389 751 2455 cuntur
770 2382 847 2437 ad
875 2382 1266 2455 Babyloniam
1295 2384 1475 2450 ;dum
1496 2390 1555 2440 et
1585 2385 1726 2441 mali
1758 2390 2184 2440 convertuntur

534 2452 613 2508 ad
646 2453 894 2527 bonum,
942 2452 1016 2509 et'
1044 2458 1149 2527 qui
1192 2456 1546 2511 videbantur
1595 2457 1653 2511 in
1682 2456 1985 2527 hypocrisi
2019 2456 2179 2519 boni,

536 2524 997 2600 manifestantur
1010 2524 1422 2600 publiceimali.
1449 2527 1709 2600 Denique
1724 2524 1898 2583 bonis
1918 2528 1994 2581 ita
2011 2528 2180 2581 etiarn

534 2612 640 2666 per
669 2597 879 2652 Isaiam
906 2598 1205 2666 Scriptura
1231 2599 1389 2665 dicit,
1426 2600 1592 2653 Exite
1610 2597 1682 2653 'de
1710 2600 1876 2653 medio
1901 2615 2101 2661 eorum,
2132 2606 2179 2652 et

533 2667 867 2722 immundum
915 2668 1081 2723 nolite
1127 2676 1385 2739 tangere:
1420 2671 1561 2723 exite
1590 2669 1651 2722 de
1681 2669 1852 2723 medio
1900 2686 2096 2735 eorum,
2131 2676 2180 2723 et

531 2740 885 2809 separamini,
917 2740 1009 2809 qui
1045 2740 1204 2808 fertis
1234 2757 1361 2793 vasa
1387 2741 1608 2793 Domini
1628 2740 1784 2810 (Isai,
1811 2756 1903 2803 ιιι,
1929 2741 2040 2809 1t).
2074 2742 2181 2794 Hu-

524 2813 627 2879 jus
641 2810 1030 2879 separationis
1044 2810 1362 2879 Apostolus
1381 2811 1663 2873 meminit,
1680 2811 1910 2865 dicens:
1934 2812 2181 2866 Firmum

533 2879 673 2953 enim
724 2880 1132 2953 fundamentum
1167 2881 1271 2953 Dei
1300 2885 1520 2953 manet;
1565 2889 1616 2936 et
1646 2883 1887 2953 cognovit
1920 2882 2181 2937 Dominus

528 2951 629 3021 qui
652 2957 777 3004 sunt
804 2952 937 3025 ejus,
958 2958 1011 3006 et
1033 2951 1277 3025 discedat
1299 2952 1366 3025 ab
1381 2953 1671 3024 iniquitate
1694 2951 1866 3007 omnis
1886 2954 1978 3025 qui
2008 2956 2176 3009 nomi-

530 3027 626 3096 nat
654 3038 841 3096 nomen
880 3022 1106 3096 Domini
1134 3023 1205 3096 (ΙΙ
1243 3024 1379 3096 Tim.
1412 3022 1613 3096 11,19).
1645 3025 1728 3081 Ne
1757 3022 2177 3091 communicatis,

530 3093 742 3167 inquit,
774 3093 1008 3167 peccatis
1036 3093 1170 3167 ejus,
1186 3101 1233 3149 et
1258 3094 1437 3166 plagis
1468 3093 1581 3167 ejus
1612 3113 1674 3151 ne
1690 3096 1999 3153 ladamini.
2032 3100 2179 3153 Cum

532 3166 819 3235 scriptum
847 3166 938 3231 sit,
970 3166 1195 3231 Quicum
1236 3184 1295 3221 ue
1324 3166 1499 3222 morte
1520 3176 1810 3238 occupatus
1855 3168 2032 3238 fuerit
2062 3171 2177 3238 jus-

532 3242 639 3293 tus.
658 3237 715 3290 in
736 3237 1031 3293 relriaerio
1047 3238 1154 3292 erit
1168 3184 1313 3293 (gap.
1344 3241 1491 3293 rv.7)
1518 3239 1855 3293 :auomodo
1883 3240 2177 3293 narticens

532 3237 1031 3311 tus_,_in_re/rigerio
1047 3238 1154 3311 erit
1168 3237 1313 3309 (Sap.
1344 3255 1420 3303 iv,
1437 3241 1491 3306 7)
1518 3237 1862 3310 ;quOmodo
1883 3237 2178 3311 particeps

538 3306 734 3381 delicti
762 3306 1113 3381 essepotest
1138 3306 1362 3381 just—us,
1389 3306 1582 3381 quem
1601 3326 1738 3366 cum
1768 3306 1954 3381 impio
1979 3306 2179 3366 civita-

542 3377 611 3434 tis
640 3394 818 3434 casus
858 3377 1165 3436 abstulerit
1184 3380 1213 3435 7
1238 3382 1356 3435 Nisi
1385 3377 1533 3436 forte
1570 3381 1817 3437 quando
1840 3377 1914 3436 de
1945 3383 2179 3437 civitate

542 3397 611 3434 ns
640 3397 818 3434 casus
858 3397 1165 3436 aDSlUlel‘ll
1187 3397 1212 3435 τ
1238 3397 1356 3435 rust
1385 3397 1533 3436 torte
1619 3397 1817 3437 uanno
1840 3397 1914 3436 ne
1945 3397 2179 3437 civuate

533 3450 789 3524 diaboli._
812 3450 872 3505 id
886 3452 1085 3524 est,de_
1101 3452 1557 3524 conversatione
1570 3397 1895 3508 (iuxuriosa
1910 3458 1969 3507 et
1994 3454 2180 3524 impia

530 3526 744 3577 exeunt
775 3521 1003 3587 boni,si
1035 3522 1251 3587 aliquis
1265 3540 1337 3578 ex
1368 3523 1477 3578 illis
1492 3540 1796 3580 remanere
1827 3521 2176 3580 etdelect'ari

532 3592 941 3665 voluptatibus
957 3592 1307 3665 Babylonia
1322 3594 1571 3650 voluerit
1595 3611 1608 3661 ;
1626 3596 1736 3650 hoc
1752 3597 1794 3649 si
1810 3596 2028 3659 fecerit,
2050 3598 2178 3652 sine

530 3661 716 3739 dubio
738 3664 925 3739 plaga
952 3661 1402 3739 ejus-particeps
1436 3666 1561 3739 erit.
1587 3667 1754 3732 Quod
1775 3674 1970 3722 autem
1994 3669 2177 3739 toties

529 3733 696 3809 dixit,
733 3736 915 3809 Eaite,
944 3733 1123 3792 nolite
1146 3738 1257 3792 hoc
1286 3733 1689 3808 corporaliter,
1723 3740 1825 3793 sed
1860 3738 2179 3809 spirituali-

531 3809 615 3858 ter
637 3805 979 3882 intelligere.
1018 3810 1093 3882 l_)e
1112 3805 1669 3882 medioBabylonia
1694 3805 1910 3872 exitur;
1931 3812 2177 3882 quando

530 3878 904 3931 conversatio
932 3878 1089 3934 mala
1129 3878 1464 3934 deseriturﬁ
1486 3884 1631 3935 Nam
1672 3887 1727 3937 et
1753 3883 1811 3936 in
1842 3878 1970 3936 una—
1993 3882 2177 3937 domo

531 3949 590 3999 et
612 3946 670 3999 in
702 3961 822 4001 una
848 3948 1105 4004 Ecclesia
1129 3956 1185 4005 et
1214 3951 1269 4004 in
1297 3966 1416 4005 una
1446 3952 1677 4007 civitate
1704 3953 1879 4006 simul
1912 3960 2049 4006 sunt
2078 3954 2177 4008 Ba-

531 4015 757 4095 bylonii
790 4033 936 4095 cum
966 4018 1481 4095 Jerosolymitanis
1510 4038 1521 4075 :
1563 4028 1616 4077 et
1646 4028 1841 4095 tamen
1884 4025 2177 4095 quamdiu

529 4102 639 4143 nec
661 4087 801 4143 boni
837 4087 1549 4156 consentiunimalis,nec
1583 4092 1719 4147 mali
1751 4087 2178 4150 convertuntur

530 4158 607 4238 ad
629 4158 845 4238 bonos,
878 4165 934 4215 et
954 4160 1012 4215 in
1040 4161 1213 4238 bonis
1237 4163 1589 4238 Jerusalem,
1615 4170 1673 4238 _et
1702 4165 1760 4219 iu
1790 4166 1959 4219 malis
1994 4167 2179 4238 Baby-

528 4228 843 4306 loniaesse
866 4234 1261 4306 cognoscitur.
1291 4228 1758 4291 Simulhabitant
1782 4251 2050 4306 corpore,
2071 4228 2178 4292 sed

528 4300 706 4370 longe
728 4302 901 4377 divisi
920 4300 1247 4377 suntcorde
1277 4306 1451 4377 :quia
1477 4306 1763 4362 malorum
1796 4300 2175 4364 conversatio

530 4374 840 4444 semperin
870 4375 1039 4430 terris
1063 4382 1168 4440 est,
1184 4374 1556 4449 quia'terram
1572 4379 1845 4447 diligunt,
1866 4385 2175 4436 etomnem

529 4458 697 4514 spem
730 4461 902 4500 suam
931 4451 986 4501 et
1012 4452 1195 4503 totam
1227 4448 1612 4505 intentionem
1632 4451 1993 4505 animisuiin
2020 4457 2178 4506 terra

528 4515 1236 4592 constituunt;bonorum
1274 4536 1412 4574 vero
1444 4536 1611 4575 mens
1643 4521 1978 4577 secundum
1993 4526 2176 4592 Apos-

526 4584 716 4663 tolum
748 4603 984 4663 semper
1013 4590 1070 4644 in
1094 4590 1255 4663 calis
1285 4596 1391 4659 est,
1418 4593 1560 4663 quia
1597 4608 1733 4663 qua
1766 4608 2009 4648 sursum
2037 4584 2178 4649 sunt

526 4656 1672 4735 sapiunt_(CQlo_ss._m,2).Exite,iriquit,de
1684 4666 1997 4735 ea.populus
2009 4682 2172 4731 meus,

526 4726 718 4810 idest,
744 4729 826 4810 .de
845 4730 1181 4810 Babylonia
1215 4750 1226 4787 :
1256 4726 1750 4810 necommunicetis
1765 4726 2007 4810 peccatis
2038 4726 2170 4806 ejus,

524 4802 575 4852 et
601 4798 777 4878 plagis
806 4802 920 4871 ejus
961 4798 1024 4856 ne
1056 4803 1353 4878 ladamini.
1392 4805 1655 4878 Quoniam
1683 4798 2037 4862 ascenderunt
2056 4798 2175 4878 pec-

524 4876 647 4943 cata
671 4871 784 4942 ejus
823 4889 981 4943 usque
1013 4875 1083 4929 ad
1111 4876 1323 4940 caelum,
1370 4883 1417 4931 et
1443 4877 1757 4933 recordatus
1785 4884 1859 4932 est
1886 4882 2025 4933 Deus
2062 4871 2175 4933 ini-

523 4942 792 5019 quitatum
840 4942 973 5019 ejus.
1003 4947 1235 5019 Reddite
1260 4947 1312 5019 ei
1334 4947 1473 5002 sicut
1498 4956 1550 5003 et
1581 4949 1698 5018 ipsa
1730 4950 1967 5005 reddidit
2006 4950 2169 5019 vobis,

526 5018 573 5067 et
592 5012 1063 5095 duplicate-dupla
1078 5018 1364 5095 secundum
1398 5036 1563 5089 opera
1590 5012 1704 5090 éjus
1736 5039 1755 5075 :
1782 5022 1843 5095 in
1866 5038 1968 5095 quo
1986 5012 2173 5095 pocula

523 5085 757 5166 miscuit,
791 5085 999 5166 miscete
1021 5088 1113 5144 illi
1136 5089 1360 5166 duplum
1386 5110 1405 5146 :
1424 5085 1683 5166 quantum
1706 5108 1758 5145 se
1778 5085 2103 5166 clari/ienuit
2124 5101 2172 5149 et

522 5156 879 5233 indeliciavit,
913 5166 1123 5233 tantum
1144 5156 1265 5216 date
1293 5162 1343 5216 ei
1369 5156 1691 5226 cruciatum,
1713 5167 1762 5217 et
1790 5156 1988 5219 luctum
2018 5180 2173 5233 pocu-

522 5226 810 5301 lum_suum
850 5232 891 5284 ί.
928 5231 1062 5287 Hac
1101 5233 1309 5288 omnia
1341 5233 1684 5289 Christianis
1726 5234 1924 5300 bonis,
1972 5226 2031 5290 id
2058 5242 2169 5301 est,

522 5298 793 5357 Ecclesia
819 5301 959 5357 dicit
990 5305 1143 5358 Deus
1178 5319 1191 5355 :
1238 5304 1312 5358 de
1346 5304 1605 5361 Ecclesia
1655 5306 1816 5360 enim
1864 5298 2082 5361 exeunt
2113 5298 2169 5361 in

521 5371 1033 5443 mundumplaga
1061 5374 1320 5430 visibiles
1352 5381 1407 5431 et
1436 5376 1780 5431 invisibiles.
1817 5378 2082 5443 Quoniam
2111 5378 2170 5432 in

523 5440 677 5518 corde
699 5440 1288 5518 suodicit’Babylonia,
1318 5447 1376 5501 id
1402 5454 1510 5511 est,
1545 5448 1711 5518 plebs
1729 5440 2002 5504 omnium
2047 5466 2169 5505 ma-

523 5503 714 5563 lorum
752 5514 841 5568 vel
875 5503 1294 5586 superbvorum'.
1330 5503 1727 5591 Sedeo'r'egina,
1764 5524 1813 5574 et
1859 5503 2025 5575 vidua
2069 5503 2171 5576 non

589 5653 602 5679 ¹
640 5649 722 5699 Sic
752 5652 846 5703 Ms.
879 5657 1156 5711 Petrensis.
1182 5666 1249 5714 At
1267 5666 1414 5723 editi,
1439 5668 1632 5732 populo
1653 5683 1761 5719 suo.

1500 124 1571 180 IN
1611 125 1673 180 Β.
1715 123 2010 181 JOANNIS
2050 119 2554 177 APOCALYPSIM
2597 118 3005 178 EXPOSITIO.

3792 126 3910 186 2452

2290 261 2427 309 sum,
2456 251 2505 298 et
2527 244 2727 299 luctum
2742 260 2843 299 non
2868 242 3072 299 videbo.
3102 244 3397 313 Propterea
3410 242 3467 297 in
3489 260 3594 299 una
3619 244 3701 301 die
3722 251 3906 306 venient

2294 316 2427 387 loga
2457 318 2570 387 ejus
2606 332 2751 387 mors
2774 320 2823 370 et
2859 315 3028 369 luctus
3057 322 3106 370 et
3146 314 3314 383 fames
3346 337 3368 385 ,-
3398 322 3449 370 et
3500 317 3614 387 igne
3650 335 3909 375 concrema-

2294 386 2459 441 bitur.
2482 386 2548 464 ’_Si
2572 403 2697 464 una
2725 386 2834 464 die
2852 387 3162 464 morietur,
3195 391 3251 441 et
3286 386 3772 464 concremabitur,
3799 396 3909 464 quis

2295 474 2473 529 super
2495 459 2617 512 istis
2638 458 2865 530 lugebit
2882 461 3209 530 mortuum,
3234 465 3340 530 aut
3359 458 3547 530 fames
3565 467 3779 530 quanta
3801 458 3908 520 esse

2296 528 2492 605 potest
2522 530 2698 584 unius
2718 528 2863 605 ldiei
2893 530 2921 586 ?
2955 528 3070 585 Sed
3117 529 3279 605 diem
3295 529 3463 605 ‘dixit
3503 528 3678 586 breve
3710 538 3909 605 tempus

2294 599 2427 673 vita
2460 600 2928 673 prasentis,qno
2955 606 3010 656 et
3040 599 3503 673 spiritualiterget
3530 599 3909 661 carnaliter'af-

2294 671 2608 746 ﬂiguntur:
2628 688 2767 727 nam
2796 671 2976 746 super
3000 687 3207 746 omnes
3237 671 3531 746 superbos
3557 679 3613 746 et
3639 674 3908 746 voluptati-

2294 743 2408 818 bus
2421 743 2708 818 deditos,_
2694 743 2955 818 majores
2971 743 3168 818 plaga
3182 744 3242 798 in
3254 743 3471 818 anima
3488 744 3745 818 veniunt,
3757 743 3907 818 quam

2292 815 2351 869 in
2375 830 2645 895 corpore.
2667 814 2830 895 Tunc
2860 816 3022 895 enim
3044 815 3265 895 majori
3300 816 3482 895 plaga
3511 814 3903 895 percutiuntur,

2292 885 2539 958 quando
2553 885 2627 958 de
2642 886 2768 958 suis
2782 901 2846 941 se
2868 885 3286 958 iniquitatibus
3304 885 3653 942 extollentes
3665 928 3679 951 ,
3696 888 3769 943 ita
3775 885 3906 958 justo

2299 956 2393 1029 Dei
2401 956 2631 1029 judicio
2658 956 2883 1029 malum
2909 971 3086 1025 agere
3103 957 3536 1029 permittuntur,
3554 963 3619 1029 ut
3636 956 3906 1016 inter—ﬁlios

2298 1028 2395 1100 Dei
2422 1026 2712 1100 ﬂagellari
2744 1043 2867 1100 non
2899 1026 3258 1100 mereantur,
3289 1028 3395 1084 sed
3427 1028 3740 1100 impleatur
3767 1031 3817 1085 in
3839 1034 3905 1086 eis

2296 1098 2439 1153 illud
2466 1100 2631 1169 quod
2664 1099 2952 1170 scriptum
2972 1104 3060 1155 est
3088 1116 3099 1155 :
3135 1100 3204 1154 In
3236 1098 3797 1156 laboribus'hominum
3823 1120 3905 1157 nos

2294 1177 2441 1235 sunt,
2467 1181 2653 1225 etcum
2674 1170 2978 1225 hominibus
3007 1186 3111 1226 non
3134 1171 3557 1242 ﬂagellabuntur
3580 1190 3597 1237 ;
3632 1172 3739 1227 ideo
3766 1176 3905 1229 tenuit

2292 1258 2381 1311 pos
2406 1243 2660 1312 superbia
2683 1258 2867 1297 eorum
2897 1243 3077 1313 (Psal.
3100 1258 3271 1307 Lxxu,
3300 1248 3351 1306 5,
3394 1246 3469 1310 6).
3505 1243 3757 1308 Quoniam
3774 1246 3905 1313 fortis

2294 1313 2556 1368 Dominus
2582 1314 2851 1384 Deus,qui
2868 1312 3139 1382 judicabit
3167 1329 3287 1370 eam
3316 1316 3356 1367 ¹.
3382 1315 3455 1369 Et
3486 1315 3684 1383 ﬂebunt
3712 1322 3754 1369 et
3778 1315 3907 1385 plan-

2290 1392 2411 1454 gent
2440 1402 2492 1438 se
2530 1401 2694 1455 super
2723 1401 2843 1439 eam
2873 1402 3018 1454 reges
3065 1392 3251 1450 terra,
3292 1386 3388 1456 qui
3424 1402 3545 1440 cum
3601 1402 3659 1440 ea
3685 1386 3907 1455 fornicati

2289 1464 2434 1512 sunt.
2469 1457 2778 1528 Quireges
2826 1456 3113 1528 plangent
3153 1472 3447 1528 eversam.
3490 1458 3539 1511 si
3580 1473 3709 1511 eam
3752 1475 3903 1523 reges,

2293 1534 2553 1601 evertent
2577 1527 2605 1582 Ἰ
2645 1526 2759 1582 Sed
2799 1526 3090 1601 quodest
3118 1527 3349 1601 civitas,
3378 1528 3500 1601 hoc
3530 1532 3587 1582 et
3630 1544 3802 1599 reges,
3828 1532 3907 1601 qui

2292 1615 2427 1653 eam
2455 1599 2787 1671 plangent,
2818 1601 2943 1654 Non
2976 1598 3227 1671 luxnria
3270 1599 3499 1671 malum
3538 1598 3910 1671 quia’cum'ea

2293 1677 2560 1742 peccant.
2598 1670 2834 1738 agendo
2865 1670 3283 1742 panitentiam
3304 1670 3605 1741 plangunt
3636 1671 3763 1732 ;sed
3790 1673 3909 1742 quia

2291 1741 2749 1821 prosperitatem
2776 1741 2996 1821 saculi,
3041 1756 3146 1812 per
3165 1756 3351 1821 quam
3386 1743 3510 1821 suis
3540 1741 3910 1821 voluptatibus

2294 1812 2655 1877 serviebant,
2699 1812 2887 1882 perire
2940 1818 3313 1884 cognoscunt
3348 1830 3360 1867 :
3398 1812 3486 1884 vel
3530 1812 3909 1884 quia’cessare

2292 1884 2584 1963 incipiunt
2615 1884 2671 1937 in
2697 1884 2795 1963 eis
2818 1899 2909 1963 ea,
2951 1899 3083 1963 qua
3112 1899 3220 1954 per
3257 1883 3566 1963 luxuriam
3593 1890 3725 1939 ante
3749 1884 3905 1953 place-

2292 1955 2454 2014 bant,
2513 1955 2800 2026 luxuriosi
2860 1955 3119 2009 invicem
3179 1960 3640 2021 consumentur,
3692 1963 3909 2026 tanquam

2293 2027 2476 2097 fumus
2507 2025 2763 2080 instantis
2800 2026 3073 2096 gehennae,
3113 2043 3148 2080 a
3183 2026 3331 2097 longe
3355 2033 3557 2082 stantes
3600 2025 3806 2097 prapler
3824 2044 3908 2080 ms-

2292 2096 2405 2169 tum
2434 2113 2600 2169 paena
2636 2098 2748 2167 ejus
2772 2113 2791 2150 :
2833 2114 2869 2152 a
2903 2096 3081 2166 longe
3113 2096 3338 2169 stantes
3370 2113 3491 2153 non
3529 2096 3789 2169 carpere,
3825 2099 3907 2152 sed

2290 2168 2515 2240 animo,
2540 2167 2688 2223 dum
2718 2170 3136 2240 unusquisque
3160 2168 3267 2223 sibi
3298 2170 3481 2233 timet,
3504 2167 3670 2240 quod
3700 2170 3909 2223 alterum

2292 2255 2393 2309 per
2421 2239 2755 2311 calumnias
2794 2245 2849 2295 et
2887 2255 2993 2308 per
3023 2239 3425 2311 superborum
3456 2239 3776 2311 petentiam
3813 2242 3908 2309 pati

2292 2311 2467 2383 videt.
2520 2310 2788 2375 Dicentes,
2874 2312 2982 2383 Va,
3032 2310 3165 2383 vae,
3199 2312 3394 2367 civitas
3443 2310 3643 2383 magna
3691 2312 3907 2383 Babylon,

2288 2381 2477 2436 civitas
2514 2382 2694 2453 fortis,
2727 2382 2983 2453 quoniam
3009 2399 3119 2437 una
3150 2382 3284 2437 hora
3311 2385 3454 2438 venit
3498 2381 3771 2438 damnatio
3798 2381 3873 2437 tua
3892 2386 3907 2436 ,ν

2292 2455 2541 2509 Spiritus
2570 2454 2712 2508 dicit
2738 2468 2957 2509 nomen
2989 2454 3240 2509 civitatis
3268 2470 3281 2509 :
3317 2454 3626 2509 verumilli
3654 2454 3906 2508 mundum

2290 2524 2602 2595 plangunt,
2638 2525 2855 2593 exiguo
2884 2524 3217 2581 admodum
3251 2529 3518 2596 tempore
3550 2541 3745 2596 pana
3769 2527 3907 2580 inter.

2288 2602 2548 2667 ceptum,
2603 2612 2967 2667 omnemque
3013 2596 3369 2667 industriam
3417 2596 3767 2652 labetactam
3813 2612 3907 2651 ces-

2287 2666 2454 2722 sisse.
2488 2669 2560 2723 Et
2582 2683 2835 2739 equorum
2864 2666 2913 2721 et
2947 2666 3235 2739 raedarum
3262 2675 3311 2723 et
3336 2684 3625 2739 porcorum
3650 2674 3670 2703 ⁸
3693 2676 3905 2722 mercata

2286 2754 2371 2792 res
2421 2742 2514 2809 qui
2566 2737 2734 2809 dilati
2786 2744 2911 2793 sunt
2950 2737 3014 2792 ab
3067 2756 3147 2807 ea,
3201 2737 3348 2809 longe
3390 2740 3616 2794 stabunt
3666 2742 3829 2809 ﬂentes
3868 2747 3903 2793 et

2284 2808 2535 2883 dicentes,
2556 2808 2675 2883 Va,
2711 2810 3019 2883 vae,civitas
3046 2812 3271 2881 magna!
3294 2808 3677 2883 Ubicumque
3697 2811 3904 2881 spiritus

2286 2880 2501 2935 dilatos
2533 2882 2670 2936 dicit
2695 2882 2773 2937 ab
2804 2897 2894 2946 ea,
2930 2880 3313 2952 peccatOrnm
3343 2880 3897 2952 divitias'signiticat.

2287 2952 2490 3007 lnduta
2511 2952 2738 3022 byssina,
2766 2960 2815 3007 et
2839 2969 3112 3023 purpura,
3146 2957 3194 3006 et
3220 2970 3386 3016 cocco,
3423 2962 3472 3008 et
3498 2962 3697 3009 ornata
3723 2970 3842 3008 auro
3867 2956 3903 3005 et

2286 3024 2472 3097 lapide
2500 3026 2731 3097 pretioso
2776 3040 2838 3079 ac
2886 3025 3223 3095 margaritis.
3281 3025 3589 3097 Numquid
3620 3025 3905 3097 civitasin-

2286 3094 2695 3168 duitur'bysso
2726 3101 2829 3151 aut
2859 3111 3141 3168 purpura,
3193 3099 3251 3149 et.
3293 3112 3414 3151 non
3450 3094 3772 3151 homines?
3813 3094 3901 3165 lpsi

2284 3167 2486 3239 itaque
2540 3167 2602 3221 Se
2626 3169 2941 3239 plangunt,
2971 3167 3118 3221 dum
3166 3182 3347 3237 supra
3376 3168 3553 3223 dictis
3588 3167 3898 3239 spoliantur.

2288 3238 2358 3293 Et
2380 3239 2549 3292 omnis
2576 3238 2922 3309 gubernator,
2956 3244 3005 3291 et
3030 3240 3203 3292 omnis
3234 3239 3327 3309 qui
3357 3239 3590 3294 navibus
3618 3238 3837 3308 navigat,
3863 3244 3899 3289 et

2283 3316 2485 3374 nauta,
2518 3316 2568 3364 et
2595 3315 2848 3380 quotquot
2882 3326 3029 3363 mare
3071 3314 3387 3380 operantur,
3414 3328 3445 3364 a
3477 3311 3633 3380 longe
3655 3314 3899 3373 steterunt,

2282 3384 2333 3435 et
2362 3380 2728 3436 clamaverunt
2756 3381 2987 3436 videntes
3012 3381 3223 3450 fumum
3268 3381 3429 3452 ignis.
3477 3382 3773 3453 Numquid
3803 3395 3901 3434 om-

2285 3453 2375 3506 nis
2395 3454 2760 3523 gubernator
2775 3457 2832 3507 et
2862 3458 3058 3508 nauta
3090 3459 3723 3523 quotquotoperantur
3748 3465 3897 3523 mare,

2284 3522 2843 3599 adessepotuerunt
2874 3529 2936 3578 nt
2965 3522 3231 3599 viderent
3255 3522 3606 3578 incendium
3649 3522 3899 3599 uniusci-

2285 3595 2479 3649 vitatis
2502 3595 2529 3650 ‘l
2550 3595 2661 3650 Sed
2675 3610 2887 3650 omnes
2905 3596 3104 3650 saculi
3119 3602 3416 3650 amatoree
3434 3600 3494 3649 et
3512 3594 3805 3665 aperariOs
3819 3594 3901 3645 ini-

2284 3667 2523 3742 quitatis
2545 3667 2919 3742 dicittimere
2936 3666 3066 3742 sibi,
3086 3667 3355 3742 videntes
3370 3667 3499 3737 spei
3523 3683 3650 3721 sua
3679 3666 3894 3742 ruinain.

2286 3740 2419 3792 Post
2456 3738 2584 3792 hac
2613 3739 2713 3813 ait,
2742 3739 2813 3813 Εἰ
2830 3737 2947 3813 vidi
2970 3737 3187 3813 bestiam
3214 3745 3262 3793 et
3288 3745 3625 3813 regesterra
3652 3746 3701 3813 et
3730 3737 3898 3813 exerci-

2284 3814 2370 3881 tus
2394 3824 2574 3863 eorum
2610 3826 2625 3863 :
2658 3811 2716 3863 in
2745 3809 2936 3864 bestia
2965 3808 3271 3865 diabolum
3306 3808 3604 3881 signiﬁcat
3637 3826 3650 3873 ;
3684 3810 3740 3862 in
3778 3808 3895 3881 regi-

2284 3880 2398 3934 bus
2456 3886 2623 3935 terra
2677 3886 2731 3935 et
2776 3881 2829 3934 in
2874 3882 3153 3945 exercitu,
3188 3877 3432 3935 omnem
3464 3882 3757 3951 populum
3776 3877 3896 3951 ejus.

2285 3950 2673 4021 Congregatum
2692 3952 2868 4020 lacere
2881 3951 3077 4007 bellum
3104 3967 3222 4006 cum
3249 3948 3651 4023 sedente—super
3678 3948 3897 4023 equuni'.

2282 4030 2334 4097 et
2362 4019 2746 4097 cumiexercitu
2774 4024 2909 4097 ejus,
2936 4023 2994 4077 id
3021 4027 3107 4097 est
3134 4039 3271 4097 cum
3300 4023 3538 4097 Chris_to
3553 4019 3897 4097 et_Ecc_lesia.

2283 4095 2359 4147 Et
2389 4094 2508 4148 vidi
2531 4095 2707 4152 alium
2751 4094 3002 4164 angelum
3031 4093 3422 4149 descendentem
3449 4093 3511 4148 de
3542 4094 3672 4148 caelo
3691 4111 3711 4146 .·
3739 4093 3901 4146 Domi-

2285 4180 2429 4219 num
2460 4166 2751 4220 Christum
2780 4163 2925 4221 dieit
2964 4165 3021 4220 in
3065 4168 3262 4235 primo
3295 4166 3585 4221 adventu.
3638 4163 3898 4218 Habentem

2282 4236 2478 4309 clavem
2503 4237 2681 4308 abyssi
2701 4279 2713 4291 .
2750 4236 2809 4291 id
2833 4242 2944 4309 est,
2970 4242 3324 4309 potestatem
3357 4236 3562 4309 populi
3581 4235 3899 4309 ;_abyssum

2283 4308 2444 4362 enim
2490 4307 2781 4390 populum
2826 4308 3065 4390 malum.
3093 4308 3215 4363 vult
3268 4307 3557 4390 intelligi:
3592 4307 3664 4390 Et
3695 4313 3900 4390 salentini

2282 4373 2536 4448 magnam
2569 4373 2628 4434 in
2671 4396 2835 4434 manu
2862 4396 2961 4433 sua
3004 4378 3164 4434 :hoc
3211 4384 3321 4445 est,
3364 4373 3720 4450 potiastatem
3770 4373 3899 4429 dedit

2287 4453 2437 4505 Deus
2462 4450 2523 4506 in
2550 4466 2735 4506 manu
2765 4452 2913 4520 ejus.
2944 4451 3019 4505 Et
3047 4451 3221 4505 tenuit
3240 4450 3547 4517 draconem,
3578 4464 3805 4518 anguem
3824 4462 3901 4499 as-

2284 4522 2512 4592 tiquum,
2556 4524 2649 4593 qui
2678 4530 2757 4578 est
2794 4521 3042 4576 diabolus
3066 4526 3116 4576 et
3142 4530 3353 4593 satenas
3377 4522 3471 4592 (a),
3513 4528 3561 4575 et
3599 4520 3784 4593 ligavit
3804 4532 3898 4593 suis

2281 4586 2456 4674 annos
2474 4586 2620 4674 mille
2721 4595 2915 4674 primo
2950 4586 3663 4674 utique_adven't‘u',qsicut
3692 4591 3805 4662 ipse
3832 4586 3899 4674 die

2283 4664 2378 4735 cit,
2416 4665 2548 4730 Quis
2574 4672 2739 4735 potest
2782 4666 3018 4719 introire
3046 4664 3102 4718 in
3143 4664 3356 4719 domum
3390 4664 3557 4735 fortis
3593 4670 3643 4718 et
3669 4677 3787 4735 vasa
3808 4664 3899 4735 ejus

2280 4734 2521 4806 diripere
2553 4731 2774 4807 (Matth.
2804 4752 2906 4800 xu,
2944 4736 3053 4805 29),
3104 4735 3220 4790 nisi
3265 4731 3432 4807 prius
3465 4731 3897 4807 alligaveritfor~

2283 4799 2410 4862 tem'
2440 4807 2467 4862 ?
2517 4799 2663 4862 Cum
2714 4799 3183 4862 enim'excludit
3236 4799 3553 4862 diabolum
3574 4799 3680 4861 'de
3708 4799 3896 4875 populo

2280 4879 2671 4959 credentium,
2720 4879 2893 4959 mittit
2948 4894 3099 4959 eum.
3144 4879 3204 4959 in
3239 4878 3572 4959 abyssum,
3628 4876 3688 4932 id
3718 4874 3894 4959 estnin

2281 4950 2572 5020 populum
2616 4948 3103 5022 maluququod
3135 4956 3199 5022 et
3236 4942 3615 5004 invisibiliter
3650 4942 3890 5022 ostendit,

2280 5037 2416 5075 cum
2462 5037 2560 5076 eos
2592 5021 2666 5075 de
2699 5020 3043 5076 hominibus
3072 5020 3315 5088 ejiciens
3354 5021 3415 5075 in
3456 5034 3692 5091 porcos,
3723 5020 3815 5088 qui
3847 5026 3892 5065 in

2279 5092 2574 5163 abyssum
2621 5092 2926 5161 mergendi
2962 5099 3152 5163 erant,
3190 5091 3275 5163 ire
3320 5090 3639 5162 permittit;
3665 5102 3790 5161 qua
3817 5098 3890 5137 res

2284 5162 2544 5219 maxime
2571 5165 2627 5217 iu
2655 5164 2945 5218 hareticis
2975 5162 3357 5234 adimpletur.

2909 5250 3135 5289 uomuit
3168 5250 3307 5290 xvn.
3739 5299 3748 5302 _
3852 5293 3860 5302 ,

2349 5303 2459 5376 [1b.
2504 5305 2795 5378 XVIII-XX.J
2839 5307 2919 5361 Ea
2944 5321 3080 5377 qua
3118 5304 3194 5360 de
3237 5304 3487 5361 lectione
3534 5299 3886 5374 Apocalypsi!

2342 5422 2354 5448 ¹
2392 5420 2488 5469 Ms.
2528 5420 2809 5475 Petrensis,
2832 5420 3083 5482 judicavit
3104 5434 3236 5471 eam.

2339 5486 2357 5547 ἓ
2386 5483 2481 5547 Ms.
2510 5483 2796 5547 Petrensis,
2821 5484 3127 5547 partionem.

2338 5546 2357 5576 ³
2382 5546 2481 5599 Ms.
2510 5545 2773 5595 Petrensis
2802 5545 2968 5603 addit,
3000 5545 3191 5595 album.
3686 5602 3695 5603 ,
3834 5596 3857 5603 ..

2342 5612 2409 5668 (a)
2444 5608 2685 5658 Itavetus
2699 5609 2792 5658 Ms.
2826 5600 3087 5659 Petrensis
3110 5611 3187 5658 :at
3205 5606 3352 5663 editi,
3376 5604 3645 5656 sexdecim
3669 5600 3880 5668 ᾲθιᾳειξς

2278 5660 2540 5730 versibus,
2568 5670 2985 5736 subsequentem
3001 5671 3279 5722 hominem
3299 5660 3423 5721 cum
3446 5670 3550 5719 ista
3567 5660 3877 5720 confundunt-
