4140 6208
249 155 392 211 2453

241 290 405 334 nunc
438 274 663 331 audivit
696 275 961 331 Charitas
1002 280 1220 341 vestra,
1262 277 1595 334 secundum
1636 281 1896 335 vestram

241 347 743 421 consuetudinem
769 346 974 402 animo
990 352 1211 421 attento
1230 348 1530 421 suscipite.
1569 349 1895 406 Dixitenim

237 420 469 491 beatus,
484 419 745 474 Joannes
766 417 1127 491 evangelista
1150 435 1211 474 se
1241 417 1453 475 vidisse
1476 424 1692 476 caelum
1719 437 1894 491 aper-

243 495 393 554 tum,
423 490 497 544 Et
519 506 633 545 ecce
651 506 811 561 equus
839 488 1010 554 albus,
1042 496 1092 544 et
1112 507 1281 545 sessor
1308 493 1419 561 ejus
1446 499 1665 548 vocatur
1692 488 1897 547 Fidelis

239 567 293 634 et
331 562 510 626 Verus,
541 560 751 634 et
772 561 887 631 ejus
922 568 981 615 ut
1008 563 1226 631 ﬂamma
1248 560 1412 634 ignis,
1444 570 1492 617 et
1534 580 1695 634 super
1735 570 1893 633 caput

243 633 361 703 ejus
389 638 549 687 erant
592 632 904 687 diademata
936 634 1114 688 multa
1144 652 1162 689 :
1182 634 1241 688 in
1273 632 1373 689 illo
1400 634 1559 689 enim
1584 632 1670 690 est
1701 632 1893 691 multi-

242 704 388 759 tudo
430 710 880 777 coronatorum.
921 705 1134 760 Habens
1188 722 1373 760 nomen
1426 706 1725 777 scriptum,
1757 706 1894 777 quod

240 792 405 856 nemo.
436 775 537 857 scit
588 775 697 857 nisi
726 775 877 857 ipsi;
905 776 1030 857 ipse
1064 776 1266 857 utique
1298 782 1354 857 et
1382 775 1621 857 quaa'in
1676 775 1780 833 illo
1806 784 1893 832 est

241 847 441 902 omnis
472 846 751 901 Ecclesia.
788 848 866 902 Et
890 846 1253 903 circumdatus
1269 855 1346 903 est
1375 846 1515 903 veste
1557 865 1747 918 sparsa
1769 866 1892 903 san-

238 919 401 992 guine
436 936 454 992 ς
485 920 911 992 vestimentum
942 918 1151 974 Christi
1176 919 1438 992 Ecclesia
1476 925 1567 992 est
1597 936 1777 992 quam
1810 924 1892 975 in-

239 988 372 1045 duit
396 1005 410 1055 ;
439 988 558 1045 haec
581 995 667 1045 est
693 990 1043 1060 passionum
1071 991 1364 1060 sanguine
1391 988 1635 1046 variata.
1662 992 1734 1046 Et
1751 992 1893 1046 dici-

242 1068 341 1117 tur
364 1078 547 1115 nomen
580 1062 693 1132 ejus
722 1060 903 1116 Sermo
932 1061 1053 1116 Dei.
1088 1061 1384 1133 Exercitus
1410 1062 1507 1133 qui
1531 1070 1655 1133 sunt
1682 1063 1741 1117 in
1766 1063 1892 1118 ccelo

240 1133 597 1203 sequebantur
624 1148 742 1187 eum
786 1133 847 1187 in
870 1132 1016 1203 equis
1060 1132 1199 1187 albis
1244 1134 1342 1187 :id
1382 1132 1489 1197 est,
1533 1132 1790 1190 Ecclesia
1828 1136 1887 1190 in

240 1204 595 1274 corporibus
623 1203 897 1259 candidis
939 1204 1204 1260 imitatur
1229 1220 1390 1268 eum,
1423 1206 1571 1260 sicut
1598 1220 1780 1275 supra
1804 1205 1889 1260 di-

240 1280 403 1347 ctum
434 1279 542 1344 est,
586 1275 653 1329 Hi
693 1283 819 1330 sunt
848 1276 943 1347 qui
970 1281 1279 1347 sequuntur
1301 1278 1342 1329 Α
1354 1292 1537 1345 gnum,
1570 1294 1888 1347 quocumque

240 1346 377 1427 ierit
398 1347 587 1427 (Apoc.
622 1362 745 1427 χιν,
776 1346 869 1427 4),
894 1346 1084 1427 Induti
1110 1346 1233 1427 albo
1256 1346 1467 1427 byssina
1509 1348 1724 1427 mundo,
1765 1346 1888 1427 quo

238 1417 507 1473 definivit
513 1418 675 1486 justa
686 1424 1028 1473 sanctorum
1044 1418 1218 1489 facta.
1244 1418 1319 1473 Et
1330 1435 1397 1489 ea;
1413 1419 1631 1488 oreejus
1641 1417 1888 1489 procidit

235 1489 459 1559 gladius
477 1489 554 1544 bis
574 1494 761 1544 acutus
774 1489 1042 1561 {ipse-est
1066 1488 1265 1560 dequo
1287 1490 1359 1543 de
1377 1488 1702 1545 tenduntur
1716 1491 1735 1560 j
1749 1492 1883 1553 usti,

239 1561 570 1631 puniuntur
606 1559 846 1630 injusti.
870 1560 939 1616 Ut
968 1561 1028 1614 in
1057 1576 1113 1614 eo
1144 1559 1414 1629 percutiat
1445 1567 1619 1629 gentes
1651 1559 1740 1615 :et
1774 1562 1887 1631 ipse

238 1638 383 1701 reget
422 1648 508 1686 eas
535 1633 590 1685 in
612 1648 768 1701 mrga
776 1632 979 1702 ferrea.
1006 1631 1125 1702 Ipse
1148 1631 1323 1686 calcat
1340 1634 1588 1687 torcular
1606 1632 1720 1686 vini
1744 1632 1886 1687 indi-

235 1702 511 1773 gnationis
536 1703 639 1758 irae
670 1704 776 1757 Dei
808 1702 1222 1773 omnipotentis:
1256 1703 1445 1759 calcat
1488 1704 1661 1759 etiam
1704 1720 1883 1769 nunc,

237 1774 487 1846 quando
521 1774 1019 1846 malospermittit
1061 1773 1255 1829 facere
1288 1774 1535 1839 malum,
1563 1781 1619 1830 et
1649 1774 1888 1829 dimittit

238 1845 342 1901 eos
366 1846 425 1900 in
449 1845 856 1916 voluptatibus
880 1846 1004 1901 suis
1030 1862 1044 1909 ;
1070 1852 1345 1915 etpostea
1369 1852 1534 1901 extra
1559 1846 1882 1911 civitatem,

239 1916 296 1972 id
330 1921 436 1981 est,
463 1923 628 1972 extra
654 1916 972 1972 Ecclesiam
1020 1916 1292 1979 calcabit,
1326 1932 1462 1972 cum
1494 1933 1596 1972 eos
1627 1917 1731 1981 qui
1764 1932 1884 1972 non

236 1987 465 2059 egerint
489 1988 920 2059 paenitentiam,
954 1987 1241 2058 gehennae
1267 1988 1506 2056 ignibus
1536 1987 1743 2043 tradet.
1776 1989 1887 2043 Hic

238 2058 392 2113 habet
422 2058 838 2124 in’cestimento,
892 2066 960 2130 et,
1002 2074 1166 2129 super
1213 2059 1392 2129 femur
1428 2076 1583 2113 suum
1622 2060 1885 2130 scriptum

235 2146 443 2195 nomen,
479 2131 826 2201 Rexregnum
851 2138 897 2186 et
928 2129 1187 2185 Dominus
1213 2130 1560 2185 dominorum
1591 2149 1611 2185 :
1646 2129 1761 2186 hoc
1790 2135 1882 2185 est

238 2216 461 2283 nomen
482 2202 853 2283 quodnemo
884 2202 1283 2283 superborum
1327 2203 1636 2283 cognoscit
1665 2219 1679 2270 ;
1740 2202 1884 2283 quia

240 2273 848 2338 Ecclesia’serviendo,
900 2274 959 2328 in
992 2273 1217 2328 Christo
1245 2278 1475 2341 regnat,
1520 2278 1574 2327 et
1602 2273 1885 2329 domina-

239 2350 335 2399 tur
362 2344 804 2400 dominantium
830 2362 844 2411 ;
874 2343 933 2398 id
983 2348 1090 2409 est,
1143 2345 1326 2399 vincit
1356 2345 1494 2400 vitia
1525 2349 1581 2399 et
1612 2350 1878 2408 peccata.

238 2417 454 2470 Femur
482 2420 684 2471 autem
712 2414 1029 2484 posteritas
1057 2419 1163 2479 est,
1200 2416 1352 2471 sicut
1409 2415 1571 2477 illud.
1597 2415 1723 2471 Non
1760 2415 1884 2485 defi-

236 2488 340 2558 ciet
352 2486 601 2558 princeps
619 2487 683 2541 de
703 2485 1000 2558 femoribus
1011 2485 1154 2541 Iuda
1181 2504 1194 2542 :
1227 2491 1284 2541 et
1310 2486 1637 2558 Abraham,
1654 2502 1730 2543 ne
1753 2502 1883 2557 pos-

238 2557 442 2613 teritas
457 2557 586 2628 ejus
600 2557 949 2626 alienigenis
968 2558 1332 2622 misceretur,
1350 2557 1501 2613 inter
1526 2574 1587 2613 se
1619 2574 1884 2614 servum-

237 2645 355 2700 que
409 2645 609 2695 suum,
664 2635 890 2686 certum
938 2629 1344 2700 testimonium
1413 2628 1607 2684 femur
1637 2628 1883 2684 adhibet

236 2699 390 2769 (Gen.
418 2716 565 2763 xmx,
604 2703 686 2766 t0,
709 2708 759 2755 et
788 2716 945 2764 xxiv,
976 2699 1200 2771 2-4).Et
1222 2699 1358 2766 vidi,
1390 2700 1601 2771 inquit,
1635 2700 1879 2771 angelum

232 2776 460 2827 stantem
492 2772 551 2826 in
571 2772 714 2827 sole:
745 2772 803 2827 id
835 2776 943 2837 est,
974 2770 1427 2840 praedicatorem
1452 2770 1563 2825 lin
1598 2770 1877 2827 Ecclesia.

235 2844 314 2898 Et
352 2842 609 2898 clamavit
656 2858 774 2898 voce
816 2858 1009 2913 magna
1036 2842 1215 2896 dicens
1241 2842 1488 2897 omnibus
1512 2842 1722 2910 avibus,
1762 2860 1879 2913 qua:

235 2914 415 2969 volant
442 2915 503 2969 in
523 2913 693 2969 medio
710 2913 830 2969 coeli
850 2932 868 2967 :
895 2929 1035 2969 aves
1059 2914 1149 2968 vel
1174 2913 1402 2969 bestias
1432 2929 1541 2984 pro
1566 2913 1698 2969 loco
1727 2914 1881 2984 acci-

236 2986 435 3057 pimus
477 2986 670 3041 bonas
697 2992 753 3041 et
798 2985 1008 3052 malas,
1040 2985 1192 3040 sicut
1215 2992 1303 3041 est
1352 2983 1517 3057 illud,
1560 2983 1879 3057 Benedicent

234 3055 315 3113 me
353 3057 533 3113 bestiae
562 3057 686 3128 agri
740 3057 898 3127 (Isai.
957 3072 1117 3122 anr,
1174 3057 1315 3128 20),;
1358 3061 1432 3124 et,
1481 3056 1591 3111 Leo
1628 3055 1702 3128 de
1728 3056 1880 3111 tribu

232 3128 383 3185 Juda
423 3126 613 3199 (Apoc;
637 3147 689 3195 v,
718 3130 775 3199 5)
810 3128 962 3183 :hoc
990 3142 1133 3196 ergo
1173 3126 1394 3183 inloco
1421 3143 1563 3182 aves
1613 3126 1880 3183 volantes

236 3201 295 3255 in
312 3199 511 3255 medio
538 3200 690 3264 caeli,
722 3199 1010 3255 Ecclesiae
1031 3199 1193 3267 dicit,
1224 3214 1377 3270 quas
1428 3199 1486 3254 in
1540 3214 1725 3253 unum
1749 3214 1881 3254 cor-

234 3271 651 3352 puere-discus
680 3271 907 3326 dixerat
941 3271 1203 3352 aquilam
1235 3270 1536 3325 volantem
1570 3271 1628 3325 in
1678 3270 1876 3352 me_dio

233 3342 389 3398 caeli.
428 3343 631 3407 Venite,
660 3341 1064 3413 anigregamini
1097 3341 1168 3395 ad
1216 3358 1417 3397 canam
1459 3359 1706 3411 magnam
1749 3342 1876 3408 Dei,

232 3421 293 3469 ut
316 3413 652 3469 manducetis
681 3430 867 3469 carnes
902 3430 1116 3483 regum,
1137 3418 1187 3468 et
1224 3430 1411 3468 carnes
1452 3413 1798 3468 tribunorum
1827 3420 1875 3468 et

232 3485 482 3555 fortium,
515 3491 564 3540 et
591 3502 780 3541 carnes
818 3501 1075 3555 equorum
1103 3492 1153 3539 et
1181 3484 1474 3539 sedentium
1503 3502 1663 3556 super
1693 3501 1797 3550 eos,
1830 3491 1877 3538 et

233 3574 421 3612 carnes
444 3556 683 3612 omnium
714 3556 1012 3612 liberorum
1038 3564 1086 3611 et
1106 3572 1381 3611 servorum
1402 3563 1450 3611 et
1481 3558 1810 3626 pusillorum
1830 3563 1877 3611 et

234 3644 550 3699 magnorum
584 3647 604 3684 :
636 3644 846 3685 omnes
890 3628 1049 3683 enim
1079 3634 1304 3700 gentes,
1352 3628 1600 3700 quando
1627 3630 1690 3700 iu
1724 3628 1878 3700 Chri-

235 3698 655 3755 sto’credentes
684 3699 955 3755 Ecclesia:
983 3698 1459 3769 incorporantur,
1497 3698 1878 3769 spiritualiter

233 3770 315 3825 ab
348 3770 605 3826 Ecclesia
629 3770 1049 3827 comeduntur.
1112 3772 1177 3825 Et
1203 3775 1337 3840 post
1357 3769 1484 3824 haec
1533 3770 1607 3824 de
1637 3769 1878 3825 diabolo

234 3842 316 3897 ait
348 3857 361 3896 :
397 3842 474 3897 Et
500 3842 701 3897 clausit
730 3850 778 3897 et
806 3841 1043 3912 signavit
1071 3857 1232 3911 super
1278 3857 1416 3905 eum,
1444 3857 1506 3895 ne
1538 3840 1751 3896 seducat
1782 3858 1875 3895 na-

228 3914 400 3968 tiones
414 3930 611 3985 :usque
632 3913 761 3969 dum
783 3914 1057 3985 ﬂinantur
1075 3912 1227 3985 mille
1243 3912 1397 3967 anni.
1415 3913 1512 3966 Isti
1536 3912 1876 3985 intelligunf

235 3990 329 4040 tur
378 3983 536 4041 mille
616 3986 781 4057 anni,
823 3984 931 4057 qui
984 3983 1061 4039 ab
1100 3984 1363 4057 adventu
1396 3985 1640 4057 Domini
1689 3983 1878 4057 nostri

233 4060 513 4123 aguntur.
546 4057 606 4111 In
636 4056 762 4111 istis
791 4054 934 4126 ergo
967 4056 1253 4111 Dominus
1288 4054 1530 4110 diabolo
1580 4054 1881 4110 interdixit

235 4143 308 4183 ne
334 4127 579 4183 seducat
608 4127 882 4183 nationes
916 4145 929 4192 ;
963 4127 1067 4181 sed
1100 4142 1234 4198 quae
1266 4127 1324 4181 in
1360 4128 1540 4180 vitam
1567 4126 1879 4198 destinatas

232 4204 392 4265 sunt,
423 4215 573 4269 quas
604 4205 782 4255 antea
807 4197 1245 4269 seducebat’,ne
1280 4197 1879 4269 Deoreconciliarenj

236 4274 347 4325 tur.
373 4267 497 4325 Post
522 4270 632 4325 haec
665 4276 871 4341 oportet
918 4285 1040 4341 eum
1087 4268 1221 4324 solvi
1275 4268 1473 4341 modico
1502 4276 1733 4341 tempore
1762 4285 1791 4341 :q
1819 4267 1879 4322 id

231 4347 339 4406 est,
370 4346 636 4412 tempore
668 4339 1027 4405 Antichristi,
1056 4356 1193 4395 cum
1248 4340 1545 4397 revelatus
1586 4340 1761 4412 fuerit
1783 4339 1879 4394 bo-

234 4428 335 4468 mo
360 4410 611 4483 peccati.
638 4428 774 4468 cum
810 4412 1103 4484 acceperit
1125 4414 1318 4484 totam
1339 4410 1735 4484 persequendi
1779 4426 1881 4481 po-

234 4482 526 4556 testatem,
549 4484 792 4556 qualem
815 4499 936 4539 non
956 4482 1287 4556 accepitab
1311 4483 1493 4556 initio.
1526 4482 1676 4556 Mille
1690 4497 1882 4537 annos

232 4554 402 4621 dixit,
431 4554 661 4626 partem
685 4570 792 4626 pro
823 4559 968 4611 toto.
1002 4554 1102 4610 ilic
1127 4554 1453 4625 reliliquias
1499 4554 1668 4626 mille
1699 4568 1884 4609 anno-

233 4641 369 4682 rum
398 4625 542 4682 sexti
569 4625 707 4687 diei.
740 4626 800 4681 in
840 4640 963 4697 quo
994 4629 1173 4697 natus
1204 4629 1297 4681 est
1339 4625 1631 4681 Dominus
1664 4630 1718 4682 et
1742 4641 1885 4696 pas-

235 4713 363 4761 sus,
404 4697 649 4767 intelligi
677 4696 882 4753 voluit.
917 4700 1053 4752 Post
1081 4696 1210 4752 haec
1240 4697 1321 4753 ait
1351 4714 1364 4752 :
1420 4697 1533 4761 Vae,
1566 4714 1667 4763 cae,
1696 4698 1885 4752 civitas

233 4768 341 4823 illa
358 4785 571 4840 magna,
603 4770 664 4824 in
692 4786 797 4841 qua
825 4768 999 4824 ditati
1027 4775 1156 4841 sunt
1193 4785 1368 4841 omnes
1398 4768 1484 4822 illi
1503 4769 1599 4839 qui
1627 4767 1886 4841 habebant

231 4857 389 4895 naves
408 4838 467 4895 in
495 4842 641 4896 mari
664 4838 964 4912 {quoniam
999 4856 1109 4895 una
1139 4839 1273 4912 hora
1296 4838 1650 4912 deserta’est!
1685 4838 1887 4894 Exsul-

232 4918 308 4976 ta,
339 4912 548 4980 calum,
587 4911 914 4983 supersum,
968 4917 1017 4967 et
1042 4911 1242 4983 sancti,
1276 4916 1328 4983 et
1359 4911 1646 4983 Apostoli,
1669 4916 1719 4965 et
1750 4913 1859 4965 Pro

232 4984 427 5056 phetse.
474 4980 778 5056 Numquid
830 4982 962 5039 sola
1014 4981 1341 5053 Babylonia
1389 4980 1694 5056 civitasin
1721 4980 1886 5036 omni

235 5052 465 5128 mundo
495 5052 872 5128 persequitur
903 5058 1006 5128 aut
1033 5052 1352 5128 persecuta
1387 5057 1473 5109 est
1522 5052 1629 5128 Dei
1665 5068 1885 5116 servos,

236 5123 835 5199 utipsa'exstincta
880 5123 1136 5199 universi
1194 5123 1569 5199 vindicentur
1594 5124 1635 5199 j’
1682 5128 1741 5179 In
1767 5129 1887 5199 toto

236 5194 399 5254 enim
414 5199 622 5255 nundo
636 5202 726 5254 est
738 5195 1067 5268 Babylonia
1093 5195 1152 5251 in
1170 5194 1347 5253 malis
1381 5194 1742 5268 gominibus,
1760 5194 1889 5268 etin

238 5273 360 5341 toto
380 5268 609 5341 mundo
639 5266 1017 5341 persequitur
1034 5267 1248 5323 bonos.
1278 5268 1353 5341 Et
1372 5266 1501 5341 tulit
1518 5266 1890 5341 unusangelus

243 5340 495 5423 lapidem,
515 5348 575 5423 ut
605 5338 1352 5423 molamfnagncmuebmisit
1388 5339 1459 5421 in.
1472 5355 1644 5423 mare,
1672 5338 1850 5393 dicens
1870 5356 1889 5393 .-

368 5414 586 5495 impetu‘
613 5412 916 5495 deficietur‘
958 5410 1063 5495 illa
1100 5410 1347 5495 {Babylon
1406 5411 1845 5495 cicitasvmagna
1870 5424 1889 5461 .-

238 5482 376 5557 ideo
405 5480 798 5557 Babyloniam
828 5481 988 5539 velut
1015 5480 1239 5537 molam
1274 5497 1556 5557 magnam
1591 5480 1892 5557 dicit_pro-

238 5555 483 5627 jectam,
529 5551 676 5628 quia
730 5569 943 5612 omnes
1002 5558 1302 5611 amatores
1352 5553 1561 5609 mundi
1601 5551 1891 5609 revolutio

300 5708 318 5741 ι
350 5704 498 5765 δίει..
526 5704 965 5771 pradicationem.

1698 124 1701 125 ⁷
1772 152 2155 211 APPENDIX.

3514 151 3659 213 2454

2005 284 2348 354 temporum
2374 279 2525 354 sicut
2567 280 2727 337 mola
2752 280 3022 354 conterit,
3069 284 3125 354 et
3163 282 3224 337 in
3256 297 3405 354 gyro
3456 283 3647 349 mittit,

2001 351 2075 424 de
2098 352 2322 424 quibus
2346 352 2634 423 scriptum
2663 353 2869 424 est.rIn
2905 353 3145 407 circuitu
3183 351 3349 424 impii
3370 354 3650 412 ambulant

2002 422 2169 499 (Psal.
2182 439 2277 499 xi,
2303 424 2388 499 9)Δ
2410 422 2676 499 Quorum
2705 423 2901 499 infelix
2916 425 3228 499 occupatio
3243 422 3649 499 semperque-

2000 494 2048 565 si
2078 494 2301 565 incipit.
2334 496 2409 549 Et
2436 511 2539 548 non
2562 496 2871 549 invenietur
2894 496 3128 563 amplius
3155 510 3174 545 :
3201 502 3249 550 et
3275 494 3650 555 vox—citharae-

1999 564 2215 629 dorum,
2259 572 2312 619 et
2368 567 2714 630 musicorum,
2770 573 2819 621 et
2850 566 3154 631 tibicinum,
3182 573 3230 621 et
3281 569 3649 637 ﬁstulatorum

1998 653 2106 708 non
2123 636 2381 692 audietur
2398 638 2456 692 in
2482 639 2788 708 eaamplzus
2803 655 2819 691 :
2828 637 3266 707 jucunditatem
3282 636 3432 693 dicit
3460 646 3647 695 trans-

1997 707 2079 762 ire
2113 708 2458 779 impiorum,
2483 713 2541 764 et
2566 707 2693 779 jam
2724 724 2841 763 non
2876 709 3143 763 inveniri.
3178 710 3241 762 Et
3263 709 3482 779 adjecit
3511 726 3649 765 cau-

1997 724 2079 762 lre
2113 724 2458 833 llIRMOt‘llm,
2483 724 2541 764 et
2566 726 2693 779 jam
2724 724 2841 763 non
2876 724 3143 763 inveniri.
3178 724 3241 762 Et
3263 724 3482 779 adjecit
3511 726 3648 765 cau-

1997 794 2150 842 sam,
2219 781 2398 843 icens.
2433 780 2695 846 Quoniam
2726 786 3047 834 mercatores
3107 780 3193 834 tui
3235 787 3392 835 erant
3421 783 3648 837 maximi

1999 853 2163 923 terra;
2190 871 2210 907 :
2242 851 2300 905 id
2323 857 2430 918 est,
2457 852 2747 923 quoniam
2780 854 2837 906 in
2860 853 2979 906 vita
3002 857 3102 906 tua
3125 853 3433 921 percepisti
3462 852 3641 909 bona.

1998 920 2262 987 Quoniam
2289 924 2349 976 in
2366 920 2639 993 veneﬁciis
2677 923 2788 978 tuis
2816 920 3143 977 erraverunt
3171 920 3345 976 omnes
3369 931 3563 993 gentes,
3594 933 3644 980 et

1993 996 2222 1063 sanguis
2250 993 2641 1064 Prophetarum
2687 1001 2735 1049 et
2786 1001 3091 1049 sanctorum
3151 994 3396 1048 inventus
3440 1002 3514 1049 est
3538 1013 3645 1050 om-

1996 1063 2151 1119 nium
2170 1080 2203 1119 a
2229 1071 2280 1119 te
2323 1063 2617 1121 occisorum
2642 1082 2800 1135 super
2829 1073 3053 1120 terram.
3099 1064 3400 1135 Numquid
3431 1066 3644 1121 eadem

1996 1083 2151 1119 mum
2170 1083 2203 1119 a
2229 1083 2280 1119 te
2323 1083 2617 1121 occisorum
2642 1083 2703 1119 su
2743 1083 2800 1118 er
2829 1083 3053 1120 terram.
3099 1083 3400 1135 numquid
3431 1083 3644 1121 eadem

1996 1136 2219 1209 civitas
2234 1136 2462 1209 occidit
2487 1083 2819 1208 Apostofos,
2834 1141 3061 1209 quaret
3086 1135 3411 1209 Prophetas
3430 1142 3488 1191 et
3518 1154 3645 1193 om-

1996 1221 2101 1279 nes
2142 1207 2402 1279 reliquos
2446 1206 2740 1279 martyres
2784 1206 2944 1263 rsed
2984 1208 3111 1262 hac
3142 1206 3228 1279 est
3256 1206 3457 1263 civitas
3511 1224 3643 1264 om-

1995 1278 2160 1359 nium
2202 1278 2622 1359 superborum,
2648 1295 2835 1359 quam
2863 1280 3003 1336 Cain
3022 1278 3217 1359 fratris
3234 1279 3324 1359 sui
3348 1279 3643 1359 sanguine

1994 1347 2361 1422 {undadavin
2391 1356 2446 1404 et
2478 1347 2715 1422 vocavit
2737 1366 2957 1405 nomen
2990 1350 3115 1422 ejus
3143 1350 3385 1422 nomine
3412 1349 3515 1422 ﬁlii
3549 1351 3641 1406 sui

1994 1419 2195 1474 Enoch
2227 1420 2379 1543 qun.
2415 1437 2487 1484 ιν,
2533 1424 2631 1489 l7),
2663 1420 2722 1475 id
2748 1428 2857 1488 est,
2892 1419 3252 1494 posteritatis
3284 1439 3295 1475 :
3349 1420 3493 1491 quia
3518 1437 3642 1477 om-

1994 1506 2099 1543 nes
2136 1508 2228 1543 mu
2264 1492 2298 1543 i.
2334 1492 2393 1543 in
2446 1492 2668 1543 auibus
2719 1498 2807 1543 est
2860 1491 3210 1543 Babvlonia-
3254 1493 3641 1543 succedentes

1994 1506 2099 1563 nes
2136 1491 2298 1555 mali,
2334 1492 2393 1546 in
2446 1492 2668 1563 quibus
2719 1498 2807 1546 est
2860 1491 3210 1562 Babylonia,
3254 1493 3641 1547 succedentes

1991 1561 2324 1634 s_ibi,usque
2351 1561 2623 1618 adfinem
2642 1561 3304 1634 mundipersequuntur
3327 1563 3639 1619 Ecclesiam

1995 1631 2119 1689 Dei.
2140 1634 2201 1687 In
2228 1631 2462 1688 civitate
2476 1649 2617 1701 ergo
2636 1635 2777 1689 Cain
2804 1631 3492 1699 ftindittiromnissanguts
3513 1636 3640 1703 jus-

1991 1710 2077 1758 tus
2106 1721 2140 1758 a
2168 1705 2430 1775 sanguine
2452 1704 2585 1759 Abel
2598 1705 2742 1774 justi
2772 1721 2933 1775 usque
2971 1705 3041 1759 ad
3093 1704 3407 1775 sanguinem
3439 1704 3641 1759 Zacha-

1992 1775 2191 1840 rim,id
2220 1782 2331 1838 est,
2370 1776 2576 1845 populi
2602 1781 2657 1831 et
2686 1776 3012 1831 sacerdotis
3046 1792 3059 1839 ;
3094 1777 3239 1830 inter
3296 1775 3547 1845 templum
3592 1783 3641 1831 et

1989 1846 2170 1901 altare
2190 1847 2409 1916 (Matth.
2438 1863 2601 1913 xxm,
2632 1848 2742 1915 35),
2772 1846 2828 1901 id
2852 1852 2956 1911 est,
2990 1846 3141 1901 inter
3167 1846 3455 1917 populum
3477 1852 3640 1902 etsa-

1990 1917 2279 1989 cerdotes.
2313 1919 2432 1973 Hoc
2464 1918 2598 1974 ideo
2624 1918 2848 1973 dictum
2866 1924 2973 1984 est,
3005 1918 3150 1989 quia
3164 1932 3282 1989 non
3316 1917 3509 1972 solum
3538 1932 3640 1988 po-

1991 1988 2138 2059 puli,
2172 1988 2277 2044 sed
2308 1991 2482 2045 etiam
2507 1989 2845 2045 sacerdotes
2875 1988 3345 2059 conspiraverint
3382 1989 3446 2059 in
3478 2004 3638 2043 mor-

1992 2058 2109 2132 tem
2132 2061 2452 2132 zachariae.
2480 2061 2637 2116 Inter
2666 2060 2939 2131 templum,
2975 2058 3187 2132 inquit,
3238 2065 3288 2113 et
3328 2058 3510 2132 altare
3538 2060 3638 2132 :in

1991 2130 2610 2211 altari_intelliguntu_r
2632 2129 2971 2211 sacerdotes
3000 2148 3012 2197 ;
3049 2129 3105 2186 in
3143 2129 3403 2211 _ter_nplo,
3433 2130 3639 2211 populi

1991 2203 2307 2271 signiﬁcati
2336 2211 2472 2258 sunt
2505 2204 2719 2261 :aliam
2747 2203 2907 2258 enim
2934 2218 3119 2258 causa
3140 2202 3249 2257 loci
3287 2201 3639 2256 nominandi

1991 2288 2111 2328 non
2144 2273 2271 2329 fuit.
2304 2277 2436 2330 [iam
2466 2282 2552 2329 est
2583 2276 2790 2329 civitas
2818 2290 2953 2345 quae
2985 2272 3259 2329 interﬁcit
3286 2273 3636 2343 Prophetas,

1989 2352 2046 2399 et
2074 2344 2303 2415 lapidat
2334 2346 2553 2401 missos
2585 2345 2663 2401 ad
2683 2361 2767 2401 se.
2804 2344 2935 2401 Haec
2967 2350 3053 2400 est
3089 2344 3296 2399 civitas
3325 2360 3462 2415 quas
3493 2359 3635 2399 san-

1990 2414 2168 2488 guine
2200 2418 2458 2479 struitur,
2484 2417 2949 2488 sicutscriptum
2984 2422 3107 2488 est:
3149 2416 3256 2477 Vae.
3293 2414 3637 2488 quiaediﬁcat

1988 2487 2265 2559 ciuitatem
2296 2489 2356 2542 in
2379 2487 2752 2558 sanguinibus,
2777 2486 2825 2542 et
2850 2495 3009 2559 parat
3034 2487 3305 2543 ciuitatem
3334 2488 3391 2540 in
3414 2486 3639 2559 injusti-

1988 2557 2082 2612 tiis
2110 2558 2334 2626 (Habac.
2364 2575 2422 2632 ιι,
2449 2557 2537 2629 l2)
2574 2560 2585 2613 ι
2621 2560 2681 2614 In
2705 2557 3035 2632 eqanlbo,
3065 2559 3139 2614 de
3160 2575 3278 2630 quo
3313 2558 3635 2632 supradic-

1988 2633 2117 2684 tum
2138 2634 2247 2693 est,
2283 2627 2599 2685 Ecclesiam
2624 2627 2879 2699 intellige
2904 2646 2917 2685 :
2954 2630 3011 2685 in
3030 2627 3257 2685 sessore
3277 2629 3327 2699 ej
3341 2627 3426 2694 us,
3442 2627 3636 2684 Chris-

1989 2704 2115 2754 tum
2143 2701 2461 2755 Dominum
2500 2716 2878 2770 recognosce.
2903 2701 3071 2766 Quod
3094 2706 3295 2756 autem
3322 2700 3487 2766 dixit,
3520 2701 3635 2754 Ha-

1987 2770 2110 2825 bens
2140 2788 2322 2826 nomen
2349 2773 2629 2842 scriptum,
2666 2772 2803 2843 quod
2827 2788 2975 2827 nemo
3014 2772 3159 2827 novit
3180 2773 3293 2826 nisi
3320 2773 3430 2842 ipse
3460 2794 3479 2841 ;
3507 2772 3635 2841 ipse

1990 2843 2207 2913 utique,
2240 2850 2297 2899 et
2320 2860 2455 2915 quas
2491 2844 2549 2898 in
2582 2844 2680 2899 illo
2710 2849 2815 2906 est,
2846 2843 3043 2899 omnis
3071 2844 3350 2898 Ecclesia.
3398 2843 3473 2915 In
3501 2848 3637 2915 veste

1982 2916 2249 2984 sanguine
2296 2913 2509 2984 sparsa,
2566 2920 2719 2969 mart
2760 2930 2852 2970 res
2895 2914 2996 2985 qui
3049 2920 3187 2969 sunt
3236 2915 3294 2969 in
3350 2913 3630 2978 Ecclesia,

1987 2984 2351 3039 intelligendi
2379 2991 2534 3039 sunt.
2569 2934 2756 3039 Οιιοιῖ
2774 2992 2997 3039 autem.
3024 2986 3291 3039 exercitus
3332 2986 3427 3039 aui
3464 2990 3539 3039 est
3571 2985 3630 3038 in

1987 2984 2351 3057 intelligendi
2379 2991 2534 3040 sunt.
2569 2984 2739 3057 Quod
2774 2984 2997 3057 autem,
3024 2986 3291 3041 exercitus
3332 2986 3427 3057 qui
3464 2990 3539 3039 est
3571 2985 3633 3038 in

1984 3055 2130 3116 caelo.
2158 3054 2472 3127 sequebatur
2491 3072 2607 3110 eum
2628 3056 2687 3109 in
2699 3056 2845 3127 equis
2856 3056 3026 3120 albis;
3051 3057 3306 3113 Ecclesia
3330 3054 3487 3111 estin
3504 3071 3632 3111 cor-

1987 3128 2238 3197 poribus
2265 3127 2558 3181 candidis.
2618 3130 2678 3181 ln
2741 3127 2942 3196 gladio
2972 3127 3091 3198 ibis
3143 3133 3336 3198 acuto
3367 3131 3630 3198 potestas

1987 3198 2196 3254 Christi
2227 3198 2587 3267 intelligitur,
2620 3198 2695 3253 de
2725 3214 2849 3269 qua
2881 3197 3286 3253 defenduntur
3320 3197 3492 3266 justi,
3525 3213 3632 3267 pu-

1987 3270 2232 3325 niuntur
2260 3270 2482 3339 injusti.
2509 3269 2579 3323 In
2611 3269 3361 3340 virga/errea,justitiaejus
3383 3282 3638 3337 cognos-

1987 3341 2155 3407 citur,
2171 3341 2244 3396 de
2265 3357 2386 3410 qua
2399 3341 2751 3396 erudiuntur
2772 3340 3049 3405 humiles,
3070 3340 3313 3410 superbi
3342 3344 3637 3410 tanquam

1988 3357 2244 3407 υκαι-,αθ
2311 3358 2386 3396 ua
2399 3357 2751 3396 erudiuntur
2774 3357 3049 3405 numues,
3070 3357 3313 3410 superni
3342 3357 3636 3410 tanquam

1988 3427 2134 3490 vasa
2165 3357 2330 3481 δειῇί
2357 3412 3028 3490 confri_nguntur._Quod
3062 3410 3488 3490 autemddixit,
3510 3408 3636 3490 Ἰρις

1985 3484 2153 3539 calcat
2200 3479 2443 3538 torcular
2498 3479 2619 3537 vini
2668 3484 2770 3539 irae
2821 3484 2923 3537 Dei
2954 3481 3379 3553 omnipotentis:
3436 3479 3633 3535 calcat

1986 3557 2146 3610 enim
2178 3556 2359 3632 etiam
2387 3570 2565 3620 nunc,
2598 3555 2846 3632 quando
2869 3554 3066 3632 (malos
3088 3553 3371 3632 permittit
3409 3557 3637 3632 utper-

1988 3632 2316 3708 sequantur
2346 3626 2557 3708 bonos,
2600 3622 2930 3708 etndimittit
2970 3622 3179 3708 eos—in
3235 3622 3636 3703 voluptatibus

1988 3695 2115 3752 suis
2150 3716 2163 3763 ;
2186 3698 2289 3752 sed
2310 3705 2515 3768 postea
2537 3697 2817 3752 retribuet
2862 3697 3111 3769 quando
3133 3711 3233 3750 eos
3247 3695 3348 3766 qui
3366 3709 3484 3749 non
3502 3708 3635 3769 ege-

1987 3771 2103 3825 rint
2134 3763 2563 3839 pmnitentiam,
2618 3768 2809 3824 mittet
2847 3763 2905 3823 in
2948 3763 3305 3839 gehennam.
3344 3763 3637 3839 Angelum

1988 3835 2245 3895 stantem
2275 3841 2331 3894 in
2365 3840 2507 3903 sole,
2561 3835 3044 3909 praedicationem
3088 3839 3148 3893 in
3180 3836 3441 3892 Ecclesia
3471 3835 3634 3909 intel-

1986 3911 2122 3982 lige.
2159 3911 2294 3966 Ideo
2316 3913 2475 3965 enim
2512 3906 2767 3965 Ecclesia
2798 3911 2906 3965 soli
2952 3916 3356 3982 comparatur,
3387 3907 3533 3982 quia
3562 3906 3636 3982 de

1988 3978 2060 4037 ea
2092 3984 2378 4052 scriptum
2432 3985 2537 4047 est,
2579 3983 2729 4037 Tunc
2749 3982 2894 4052 justi
2942 3978 3221 4052 fulgebunt
3262 3978 3425 4052 sicut'
3452 3981 3549 4044 sol,
3576 3978 3637 4032 in

1988 4070 2151 4125 regno
2177 4051 2357 4123 patris
2400 4069 2580 4108 eorum
2609 4051 2828 4124 (Matth.
2884 4051 3166 4125 χι⁷ιι,ξ43).
3201 4051 3630 4125 Quod_autem,

1988 4121 2242 4201 clamauit
2272 4125 2518 4201 omnibus
2551 4121 2761 4201 apibus,
2788 4140 2909 4201 qua
2956 4121 3138 4201 colant
3165 4125 3226 4177 in
3256 4121 3593 4201 Amediqcmli
3615 4137 3638 4186 ,'

1989 4213 2131 4251 aves
2158 4196 2271 4251 illae
2303 4198 2559 4252 Ecclesia
2583 4192 2944 4263 intelligitur.
2969 4195 3139 4260 Quod
3171 4199 3368 4248 autem
3409 4192 3633 4263 dictum

1990 4273 2097 4331 est,
2131 4268 2553 4339 Congregamini
2580 4267 2651 4321 ad
2668 4261 2869 4341 canam
2897 4281 3164 4341 magnam,
3196 4261 3635 4341 ut_ma1tdu_cetnis

1988 4356 2172 4395 carnes
2198 4333 2383 4410 rigum
2412 4347 2460 4395 et
2485 4355 2675 4395 carnes
2705 4333 3051 4410 tribunorum
3086 4336 3241 4404 ;hoc
3274 4334 3348 4410 in_
3378 4333 3637 4388 Ecclesia

1990 4411 2115 4466 ﬁeri
2147 4412 2203 4466 in
2237 4404 2476 4467 veritate
2507 4409 2949 4477 cognoscimus.
2976 4409 3124 4461 Nam
3146 4404 3394 4477 quando
3422 4418 3635 4459 omnes

1991 4488 2193 4553 gentes
2237 4482 2510 4537 Ecclesiae
2528 4552 2533 4553 ν
2549 4475 3033 4553 incorporantur,
3053 4475 3449 4553 spiritualiter
3470 4489 3638 4530 com-

1992 4548 2282 4608 Eduntur;
2333 4557 2389 4607 et
2435 4552 2539 4623 qui
2570 4548 2835 4623 devo'rati
2872 4566 2907 4623 a
2947 4548 3191 4623 diabolo
3221 4554 3389 4623 erant
3414 4561 3635 4623 corpus

1992 4624 2238 4701 diaboli,
2263 4618 2519 4701 suscepti
2560 4623 2637 4679 ab
2676 4622 2931 4701 Ecclesia
2984 4620 3259 4701 membra
3285 4618 3639 4701 efﬁciuntur

1995 4694 2226 4750 Christi.
2258 4690 2663 4760 Quod-autem
2695 4695 2768 4749 de
2800 4694 3043 4749 diabolo
3065 4692 3233 4756 dixit,
3276 4694 3339 4746 Et
3368 4690 3567 4745 clausit
3586 4695 3636 4743 et

1993 4766 2236 4841 signavit
2271 4782 2435 4841 super
2473 4782 2713 4841 eum,_ne
2753 4765 2978 4841 seducet
3004 4764 3268 4841 nationes.
3318 4777 3481 4841 usque
3510 4760 3638 4841 dum

1994 4831 2268 4909 ﬁniantur
2320 4831 2468 4909 mille
2504 4836 2675 4891 anni:
2718 4837 2871 4909 sicut
2899 4836 3128 4891 dictum
3152 4838 3278 4909 est,
3329 4831 3421 4909 isti
3480 4831 3637 4887 mille

1994 4904 2137 4965 anni
2170 4908 2517 4988 a‘passione
2541 4908 2771 4988 Domini
2822 4913 3102 4988 aguntur,
3150 4905 3211 4960 in
3242 4904 3463 4988 quibus
3516 4916 3638 4988 non

1996 4977 2606 5052 permittiturdiabolo
2624 4979 2814 5052 facere
2840 4982 3133 5050 quantum
3162 4977 3315 5046 vult;
3343 4977 3486 5052 quia
3516 4986 3639 5052 non

1998 5041 2285 5123 permittit
2312 5051 2465 5123 Deus
2503 5050 2717 5123 tentari
2770 5041 2973 5123 ser'vos
3004 5064 3143 5123 suos
3172 5041 3442 5123 supra'id
3473 5041 3639 5115 quod

1997 5119 2571 5195 possuntgsustinere
2596 5122 2659 5193 (1.
2697 5124 2825 5195 Cor.
2853 5119 3241 5195 x,_l3).Quod
3273 5123 3474 5173 autem
3501 5129 3640 5195 Apos-

2000 5190 2093 5250 tea
2120 5193 2358 5249 modico
2390 5190 2655 5264 tempore
2704 5190 3026 5264 solvendus
3064 5195 3171 5256 est,
3215 5195 3452 5264 tempus
3485 5190 3641 5240 Anti-

2000 5265 2201 5337 christi
2231 5263 2591 5337 designatur,
2623 5266 2679 5319 in
2708 5278 2830 5335 quo
2855 5263 3144 5337 majorem
3163 5263 3643 5337 potestatemest?-

2001 5336 2201 5409 viendi
2235 5328 2511 5409 diab'olus
2529 5328 2890 5409 accepturus
2905 5328 3021 5409 est.
3077 5328 3250 5409 Quod
3270 5335 3476 5409 autem
3500 5328 3644 5409 dici-

2002 5413 2116 5471 tur,
2154 5407 2265 5471 νδ,
2296 5422 2398 5471 vae,
2430 5407 2621 5462 civitas
2646 5400 2874 5477 magna!
2905 5400 3638 5477 Babylonia_intelligitur.

2002 5469 2325 5555 Sciendum
2348 5469 2547 5555 tamen
2578 5483 2683 5541 est,
2712 5469 2878 5555 quod
2905 5469 3177 5555 non_'sola
3209 5474 3422 5555 civitas
3448 5469 3643 5549 Baby-

2004 5549 2167 5606 lonia
2194 5548 2567 5621 persequitur
2614 5548 2877 5621 sanatos,
2922 5552 2987 5621 ut
3024 5548 3159 5619 ipsa
3205 5548 3479 5621 extincta
3518 5548 3647 5621 uni-

2002 5622 2157 5677 versi
2183 5613 2574 5677 vindicentur.
2612 5619 2675 5675 In
2706 5623 2829 5676 toto
2859 5619 3021 5675 enim
3048 5613 3299 5674 'mundo
3331 5619 3421 5671 est
3446 5613 3642 5685 Baby-

2003 5691 2169 5751 lonia
2217 5692 2277 5749 in
2305 5691 2479 5750 malis
2510 5690 2876 5757 hominibus,
2904 5695 2961 5748 et
2986 5690 3048 5748 in
3078 5693 3202 5747 toto
3232 5686 3461 5747 mundo
3516 5698 3647 5758 per-
