4158 6204
541 115 685 171 2455

547 240 783 313 equitur
818 240 1028 295 bonos.
1064 239 1235 313 Quod
1267 244 1479 297 autem
1509 240 1744 313 lapidem
1762 239 2019 313 grandem
2044 237 2187 313 velut

546 312 739 368 molam
771 313 916 366 misit
941 312 1161 381 angelus
1208 312 1263 365 in
1319 328 1488 376 mare,
1519 312 1720 375 dicens,
1746 312 1841 366 Sic
1888 312 2135 364 mittetur
2169 312 2184 344 ¹

551 384 853 455 Babylonia
887 402 900 439 :
937 384 1070 437 ideo
1114 383 1274 455 velut
1329 383 1548 455 molam
1599 383 1738 436 dicit
1801 382 2187 455 Babylonem,

551 453 693 527 quia
715 461 1010 509 amatores
1070 454 1279 508 mundi
1333 453 1622 527 revol‘utio
1658 458 1999 527 temporum
2041 454 2191 527 sicut

552 524 709 583 mola
741 526 1061 580 conteritet
1087 527 1144 579 in
1177 540 1324 595 gyro
1358 524 1547 579 mittit.
1583 524 1747 588 Quod
1778 532 1974 579 autem
2024 524 2190 587 dixit,

556 599 626 652 In
651 597 914 666 veneﬁciis
955 596 1061 650 tuis
1090 603 1411 650 erraverunt
1445 613 1622 649 omnes
1649 604 1840 664 gentes.
1898 604 1943 651 et
1974 595 2195 665 sanguis

556 668 954 736 PrOphetarum
987 669 1231 722 inventus
1256 675 1331 723 est
1352 668 1589 721 omnium
1618 684 1648 720 a
1665 668 2011 721 teoccisorum
2036 682 2195 736 super

555 744 760 792 terram
783 755 938 793 :non
962 740 1120 793 enim
1152 740 1211 793 in
1239 756 1358 792 uua
1389 740 1622 793 civitate
1639 740 1815 793 occisi
1860 745 2195 807 suntApos-

554 810 654 865 toli
686 816 740 863 et
771 810 1076 879 Prophetas
1105 817 1208 864 aut
1230 810 1439 880 reliqui
1470 813 1750 881 Martyres
1780 828 1792 876 ;
1828 811 1931 863 sed
1955 811 2079 864 haec
2110 814 2197 881 est

555 881 761 935 civitas
787 881 1361 952 superborum,qute
1393 882 1449 935 in
1480 880 1860 935 toto'mundo
1882 880 2197 1006 1vperseqni-

555 958 646 1006 tur
669 957 926 1006 sanctos.
956 953 1088 1006 lnsa
1113 958 1200 1006 est
1227 954 1434 1006 civitas
1481 968 1665 1006 quam
1696 953 1834 1006 Cain
1908 953 2077 1005 ratris
2106 952 2197 1005 sui

553 958 646 1007 tur
669 957 926 1023 sanctos.
956 953 1088 1023 lpsa
1113 958 1200 1006 est
1227 954 1434 1008 civitas
1481 968 1665 1023 quam
1696 953 1834 1007 Cain
1882 952 2077 1006 fratris
2106 952 2197 1023 sui

554 1022 847 1091 sanguine
921 1022 1211 1088 fundavit,
1284 1029 1341 1078 et
1394 1024 1631 1078 vocavit
1671 1024 1909 1079 nomine
1959 1023 2062 1077 filii
2111 1022 2199 1076 sui

554 1094 779 1166 Enoch,
812 1094 869 1148 id
902 1104 1007 1166 est,
1040 1096 1443 1166 posteritatem
1478 1111 1488 1148 :
1519 1096 1662 1165 quia
1728 1110 1937 1149 omnes
1964 1094 2101 1148 mali
2144 1096 2197 1166 in

555 1164 777 1249 quibus
813 1164 1139 1249 Babylonia
1178 1174 1282 1231 est,
1326 1164 1709 1249 succedentes
1760 1166 1870 1249 sibi
1899 1181 2099 1249 usque
2126 1165 2204 1219 ad

555 1236 739 1290 ﬁnem
772 1236 979 1291 mundi
1001 1243 1438 1308 persequuntur
1466 1238 1789 1292 Ecclesium
1818 1237 1931 1291 Dei.
1959 1240 2033 1291 De
2060 1252 2203 1307 quo-

555 1322 689 1361 rum
723 1312 1132 1377 persecutione
1164 1325 1273 1363 nos
1316 1310 1600 1363 Dominus
1628 1324 1732 1378 per
1776 1324 1949 1363 suam
1983 1309 2209 1362 miseri-

558 1378 829 1451 cordiam
854 1379 1104 1434 liberare
1134 1380 1432 1448 dignetur,
1462 1380 1562 1451 qui
1600 1396 1738 1434 cum
1791 1382 1952 1435 Patre
1997 1384 2051 1433 et
2080 1379 2203 1449 Spi-

557 1450 673 1504 ritu
703 1457 929 1513 sancto,
962 1458 1070 1505 etc.

1126 1537 1355 1575 HOMlLlA
1384 1537 1517 1575 xvni
1542 1522 1637 1589 (a).

630 1590 742 1663 [1b.
766 1590 1082 1663 xix-xxu.]
1108 1596 1166 1646 In
1194 1593 1439 1647 lectione
1467 1608 1600 1663 quae
1618 1592 1980 1655 recitataest,
1998 1590 2207 1646 fratres

564 1661 919 1725 charissimi,
954 1661 1166 1717 beatus
1190 1661 1551 1727 evangelista
1576 1665 1837 1718 Joannes
1862 1664 1943 1716 sic
1961 1665 2067 1717 ait:
2097 1665 2209 1717 Au-

561 1732 682 1804 divi
699 1748 879 1804 vocem
910 1751 1157 1803 magnam
1199 1734 1384 1804 populi
1424 1734 1606 1795 multa,
1636 1738 1691 1788 in
1721 1734 1850 1789 creto
1871 1734 2165 1789 dicentium
2191 1752 2210 1789 :

562 1803 830 1866 Alleluia,
865 1804 1041 1868 Salus,
1082 1813 1128 1859 et
1156 1803 1404 1869 claritas,
1445 1814 1495 1861 et
1528 1807 1701 1861 virtus
1721 1806 1824 1859 Deo
1854 1812 2067 1861 nostro:
2089 1823 2213 1875 quo-

563 1875 709 1929 niam
735 1892 862 1948 vera
899 1881 950 1930 et
991 1878 1145 1946 justa
1187 1877 1405 1946 judicia
1461 1878 1593 1946 ejus,
1644 1879 1895 1948 quoniam
1939 1877 2213 1947 judicavit

564 1947 895 2019 meretricem
922 1948 1074 2002 illam
1104 1964 1370 2018 magnam,
1394 1966 1510 2018 qua:
1538 1947 1783 2019 corrupit
1808 1956 2012 2002 terram
2039 1948 2215 2018 forni-

566 2018 778 2089 catione
800 2034 916 2081 sua,
958 2026 1007 2072 et
1038 2019 1333 2075 vindicavit
1360 2021 1673 2089 sanguinem
1697 2018 1977 2074 servorum
1997 2035 2218 2074 suorum

568 2088 630 2142 de
658 2105 821 2143 manu
853 2090 984 2159 ejus.
1019 2091 1091 2145 Et
1115 2091 1311 2145 iterum
1343 2088 1627 2157 dixerunt,
1658 2091 1928 2145 Alleluia.
1964 2094 2091 2145 Haec
2107 2106 2218 2145 vox

568 2164 659 2215 est
688 2160 980 2226 Ecclesiae,
1014 2177 1152 2216 cum
1178 2162 1465 2217 discessio
1492 2163 1649 2218 facta
1680 2163 1871 2225 fuerit,
1904 2168 2112 2217 etcum
2142 2162 2218 2216 ab

569 2246 639 2287 ea
669 2230 915 2286 exierint
945 2248 1155 2287 omnes
1207 2253 1250 2283 εν
1268 2234 1342 2289 ali
1382 2238 1602 2288 mterno
1652 2234 1923 2288 incendio
1978 2249 2222 2288 concre-

573 2302 801 2357 mandi.
834 2304 907 2358 Et
931 2307 1110 2373 fumus
1139 2321 1317 2360 eorum
1345 2305 1582 2360 ascendit
1596 2307 1655 2358 in
1667 2305 1864 2359 saecula
1880 2304 2217 2359 saeculorum.

571 2373 810 2447 Audite,
834 2374 1056 2447 fratres,
1076 2380 1138 2447 et
1162 2376 1558 2447 expavescite,
1589 2384 1646 2431 et
1672 2393 1778 2446 pro
1794 2382 1950 2431 certo
1972 2391 2223 2444 cognos-

574 2446 683 2499 cite
714 2445 1252 2518 quiaBabylonia
1288 2453 1343 2503 et
1394 2445 1688 2511 meretrix,
1722 2464 1981 2518 quorum
2026 2448 2224 2501 fumus

574 2516 845 2588 ascendit
870 2517 929 2571 in
970 2518 1187 2573 saecula
1227 2520 1604 2583 szeculorum,
1664 2516 1784 2573 non
1818 2518 2227 2588 intelliguntur

576 2587 689 2660 nisi
710 2587 997 2660 homines
1029 2589 1251 2660 cupidi,
1275 2590 1524 2644 adulteri
1556 2598 1611 2644 et
1643 2590 1904 2659 superbi.
1938 2587 2148 2643 Etideo
2181 2588 2224 2641 si

576 2657 753 2712 vultis
780 2658 907 2713 haec
934 2659 1093 2715 mala
1112 2657 1394 2724 evadere,
1420 2662 1599 2715 nolite
1619 2657 1735 2715 tam
1760 2660 1960 2725 gravia
1985 2667 2230 2730 peccata

580 2731 967 2784 committere.
997 2731 1070 2784 Et
1094 2732 1293 2797 fumus,
1320 2733 1529 2800 inquit,
1556 2747 1737 2784 eorum
1764 2731 2028 2784 ascendit:
2060 2747 2230 2785 num-

580 2800 930 2870 quidenim
981 2801 1227 2855 visibilis
1300 2801 1553 2856 civitatis
1622 2806 1844 2856 exustae
1898 2802 2101 2856 fumus
2169 2802 2229 2856 in

582 2868 801 2924 saecula
819 2871 1175 2925 saeculorum
1197 2873 1484 2933 ascendit,
1499 2878 1555 2927 et
1580 2888 1699 2927 non
1715 2873 2029 2927 hominum
2052 2873 2112 2927 in
2135 2890 2230 2927 sn-

583 2940 792 3011 perbia
814 2942 1265 3011 perdurantium
1299 2943 1326 2997 ‘l
1347 2944 1598 2997 Ascendit
1623 2949 1822 2999 autem
1858 2961 1872 3009 ;
1897 2950 1952 2999 et
1974 2960 2114 3007 non,
2142 2960 2231 2998 as-

584 3010 797 3085 cendet
820 3010 837 3066 ξ
885 3028 1121 3083 semper
1142 3014 1300 3067 enim
1330 3016 1507 3070 etiam
1538 3016 1597 3069 in
1626 3016 1902 3085 praesenti
1935 3016 2229 3070 saeculoin

584 3082 979 3156 perditionem
994 3082 1174 3139 vadit.
1206 3086 1471 3156 Babylon
1488 3082 1687 3142 autem
1706 3092 2000 3142 crematur
2012 3104 2078 3140 ex
2101 3102 2230 3156 par-

586 3158 659 3219 te,
695 3154 848 3209 sicut
875 3154 1396 3229 Jerusaleminillis
1428 3158 1647 3213 sanctis
1671 3159 1772 3229 qui
1795 3159 1867 3213 de
1882 3154 2230 3229 saeculomi-

582 3230 776 3297 grant,
807 3228 1016 3282 transit
1042 3228 1099 3282 in
1135 3228 1498 3297 paradisum,
1527 3228 1780 3284 Domino
1812 3228 2229 3284 manifestante

580 3296 642 3351 in
672 3312 937 3370 paupere
976 3304 1029 3353 et
1058 3296 1236 3354 divite
1267 3300 1415 3369 (Luc.
1452 3318 1567 3365 xvn,
1604 3302 1800 3370 19-22).
1842 3302 1916 3354 Et
1954 3301 2147 3355 audivi
2170 3308 2228 3355 ut

580 3383 751 3423 vocem
775 3368 959 3439 populi
986 3369 1170 3432 multi,
1230 3368 1283 3424 et
1309 3379 1367 3426 ut
1398 3389 1568 3426 vocem
1598 3368 1867 3441 aquarum
1907 3372 2223 3437 multarum,

582 3446 632 3494 et
662 3447 723 3494 ut
750 3457 919 3495 vocem
945 3442 1314 3497 tonitruorum
1355 3443 1608 3511 /ortium,
1632 3443 1863 3497 dicentes
1888 3461 1903 3496 :
1936 3444 2181 3498 Alleluia
2207 3460 2228 3508 ,-

581 3512 839 3584 quoniam
868 3515 1117 3581 regnavit
1173 3513 1432 3569 Dominus
1482 3516 1622 3570 Deus
1654 3522 1831 3568 noster
1852 3515 2182 3584 omnipotens
2206 3532 2225 3568 .·

579 3582 925 3651 gaudeamus,
949 3592 997 3639 et
1027 3584 1364 3649 exsaltemus,
1389 3592 1438 3639 et
1461 3586 1813 3655 gloriﬁcamus
1850 3582 2035 3640 nomen
2065 3588 2176 3653 ejus
2207 3602 2223 3651 ;

580 3655 1123 3727 quoniamrvenerunt
1143 3660 1346 3726 nuptiae
1370 3658 1535 3727 Agni,
1564 3665 1613 3712 et
1638 3658 1836 3711 mulier
1866 3658 1977 3727 ejus
2004 3659 2226 3727 paravit

580 3741 633 3798 se
664 3742 680 3777 :
709 3726 928 3798 mulier
951 3729 1096 3795 Agni
1128 3727 1388 3783 Ecclesia
1417 3726 1524 3782 est.
1556 3729 1629 3784 Et
1654 3729 1839 3783 datum
1859 3726 1935 3783 est
1955 3726 2087 3783 eiut
2112 3745 2228 3798 ope-

580 3796 767 3851 riatur
793 3796 1000 3867 byssina
1030 3798 1306 3867 splendido
1350 3800 1564 3867 mundo,
1599 3801 1880 3870 Byssinum
1914 3803 2053 3854 enim
2075 3796 2227 3867 justa

580 3874 725 3935 [acta
752 3876 1058 3922 sanctorum
1124 3878 1293 3924 sunt:
1330 3871 1389 3924 id
1427 3877 1534 3936 est,
1587 3872 1797 3927 datum
1828 3878 1913 3925 est
1962 3872 2011 3926 ei
2058 3872 2225 3926 factis

582 3938 705 3990 suis
734 3938 919 4010 indui,
946 3939 1095 4010 sicut
1125 3942 1410 4010 scriptum
1430 3942 1855 4001 est.Sacerdotes
1887 3944 1968 3997 tui
1998 3942 2227 3997 induan-

584 4014 677 4061 tur
694 4008 925 4075 justitia
952 4008 1120 4077 (Psal.
1148 4008 1339 4077 cxxXI,
1366 4015 1452 4083 797).
1488 4014 1583 4078 Ili,
1636 4015 1849 4083 inquit,
1880 4031 2055 4067 omnes
2080 4014 2225 4067 vixe-

579 4086 712 4151 runt
736 4085 785 4133 et
815 4088 1174 4149 regnaverunt
1200 4098 1318 4136 cum
1345 4082 1562 4137 Christo
1600 4082 1745 4137 mille
1772 4084 1936 4138 annis
1966 4103 1985 4139 .'
2018 4085 2075 4138 id
2116 4090 2225 4151 est,

580 4150 640 4225 in
680 4154 957 4225 praesenti
985 4152 1225 4207 saeculo.
1260 4155 1325 4208 Et
1349 4158 1504 4208 recte
1531 4154 1694 4218 dixit,
1720 4154 1910 4209 Omnes
1936 4163 1981 4209 et
2013 4173 2230 4225 supers-

578 4222 701 4295 tites
749 4230 795 4276 et
830 4223 1027 4277 anima:
1054 4225 1330 4294 justorum
1358 4226 1376 4259 ³
1409 4242 1419 4278 ;
1484 4225 1544 4280 id
1575 4231 1678 4285 est,
1718 4231 1772 4279 et
1811 4228 1913 4295 qui
1940 4222 2139 4281 adhuc
2168 4229 2225 4281 in

576 4293 690 4348 hoc
724 4295 952 4349 mundo
976 4293 1201 4359 vivunt,
1234 4302 1290 4351 et
1320 4297 1421 4367 qui
1446 4296 1575 4367 jam
1618 4297 1692 4351 de
1724 4293 1979 4352 bac—‘vita
2012 4299 2226 4365 migra-

578 4371 1082 4439 verunt,regnant
1113 4382 1249 4423 cum
1279 4367 1523 4423 Christo.
1562 4370 1946 4439 Regnaverant
1965 4370 2227 4437 profecto

576 4435 742 4499 dixit,
779 4436 951 4505 sicut,
1010 4438 1323 4494 Diviserunt
1364 4435 1672 4495 vestimenta
1729 4457 1841 4494 mea
1895 4435 2006 4493 sibi
2057 4440 2223 4505 (Psal.

576 4523 696 4579 xx1,
737 4512 839 4579 19).
885 4510 1035 4564 Nam
1063 4510 1327 4565 dicturus
1357 4517 1500 4574 erat,
1539 4513 1905 4579 Regnabnnt.
1936 4513 2003 4567 Ut
2032 4517 2228 4567 osten-

576 4577 755 4651 dere_t_
770 4577 971 4635 autem
1012 4581 1176 4651 quod
1206 4582 1264 4636 in
1298 4583 1409 4636 hac
1441 4584 1554 4638 vita
1586 4577 1679 4638 isti
1710 4583 1870 4638 mille
1901 4584 2040 4637 anni
2068 4589 2223 4647 sunt,

576 4650 678 4713 ait,
699 4649 827 4726 ῌκε
848 4658 922 4705 est
952 4649 1276 4726 resurrectio
1302 4654 1504 4723 prima.
1539 4657 1670 4723 Ipsa
1697 4660 1783 4709 est
1802 4655 1963 4709 enim
1992 4670 2111 4726 qua
2143 4671 2227 4708 re-

576 4720 879 4795 surgimus
946 4738 1049 4793 per
1094 4720 1482 4795 Baptismum,
1515 4720 1664 4779 sicut
1698 4720 2031 4795 Apostolus'
2063 4726 2225 4791 dicit,

663 4790 1080 4867 consurresistis
1095 4790 1211 4850 cum
1236 4794 1463 4857 Cit’risto,
1483 4814 1599 4866 qum
1620 4790 1833 4851 sursum
1852 4804 1974 4850 sunt
1999 4790 2227 4867 quaerite

574 4862 798 4938 (Coloss.
832 4866 981 4935 ui,2)
1010 4882 1020 4921 :
1056 4872 1109 4920 et
1138 4868 1373 4933 iterum,
1415 4862 1689 4938 Tanquam
1719 4885 1784 4922 ea:
1805 4862 2033 4922 mortuis
2048 4870 2226 4922 viven-

577 4940 653 4988 tes
679 4937 859 4997 (Rom.
894 4940 1121 5007 v1,7t3).
1172 4938 1485 4994 Peccatum
1538 4937 1693 4995 enirn
1751 4955 1909 4992 mors
1940 4946 2045 5003 est,
2081 4941 2229 4995 sicut

576 5006 1089 5080 dixitApostolus,
1122 5010 1254 5064 Cum
1272 5012 1449 5063 essetis
1474 5011 1680 5065 mortui
1693 5011 1904 5065 delictis
1928 5018 1975 5065 et
1998 5011 2228 5080 peccatis

574 5079 764 5152 vestris
799 5078 1016 5151 (Ephes.
1044 5084 1107 5145 il,
1148 5083 1212 5152 t).
1260 5084 1324 5136 Et
1352 5082 1708 5150 sicutprima
1725 5098 1881 5138 mors
1910 5083 1968 5135 in
1999 5078 2111 5137 hac
2144 5088 2230 5137 est

575 5150 697 5206 vita
723 5150 1178 5221 perpeccatum,
1200 5152 1280 5207 ita
1309 5158 1363 5207 et
1394 5153 1588 5223 prima
1618 5153 1966 5209 resurrectio
2024 5155 2084 5209 in
2115 5154 2229 5208 hac

574 5226 664 5276 est
691 5223 811 5277 vita
842 5223 1368 5292 perremissionem
1393 5225 1996 5293 peccatorum.Beatus
2012 5233 2058 5279 et
2079 5241 2229 5279 sanc-

576 5295 761 5364 tusqui
788 5294 939 5349 habet
962 5302 1172 5365 partem
1205 5297 1659 5351 inresurrectione
1677 5298 1860 5366 prima
1881 5316 1899 5345 :
1930 5296 1988 5351 id
2004 5302 2109 5364 est,
2126 5297 2227 5367 qui

575 5367 889 5439 servaverit
919 5368 1080 5437 quod
1114 5368 1171 5421 iu
1223 5368 1522 5437 Baptismo
1570 5376 1810 5423 renatus
1861 5369 2107 5439 accepit.
2165 5369 2228 5421 In

577 5433 666 5489 hoc
690 5438 920 5492 secunda
939 5433 1090 5493 ’τηοθέ
1101 5433 1412 5509 potestatem
1439 5456 1542 5493 non
1570 5439 1720 5494 habet
1750 5457 1765 5493 :
1794 5439 1853 5495 id
1876 5446 1981 5504 est,
2008 5433 2228 5495 interna

638 5534 654 5598 ξ
686 5533 808 5598 Mss.
820 5571 843 5598 ,_
862 5541 1135 5598 mergetur.

638 5594 656 5624 ²
686 5594 779 5642 Ms.
819 5594 1100 5653 Petrensis,
1126 5602 1441 5652 sanctorum.

640 5653 709 5714 (α)
740 5656 883 5705 Alias
918 5661 993 5706 17.

1519 113 1589 170 ΙΝ
1624 115 1687 169 Β.
1730 113 2024 169 JOANNIS
2062 111 2565 169 APOCALYPSIM
2609 110 3016 167 EXPOSITIO.

3824 113 3942 172 2456

2310 243 2604 292 tormenta
2636 252 2754 291 non
2820 235 3046 290 sentiet.
3094 235 3196 289 Sed
3243 241 3410 290 erunt
3457 237 3751 293 sacerdotes
3785 240 3877 294 Dei
3901 250 3941 296 et

2310 309 2545 382 Christi,
2574 315 2625 363 et
2658 307 3097 382 regnebunt-cum
3114 323 3171 360 eo
3204 307 3351 361 mille
3375 323 3564 363 annos.
3596 310 3810 382 Retulit
3839 315 3941 382 spi-

2311 381 2457 434 ritus
2488 396 2625 434 cum
2676 381 2802 433 haec
2848 377 3154 444 scriberet,
3207 386 3589 447 regnaturam
3643 377 3941 439 Ecclesiam

2313 451 2468 505 mille
2501 467 2690 504 annos
2724 450 2783 504 in
2815 452 2924 504 hoc
2949 450 3171 521 saeculo
3201 466 3387 521 usque
3420 450 3496 505 ad
3523 451 3705 506 tinem
3732 454 3942 509 mundi.

2310 524 2677 578 Manifestum
2703 526 2794 575 est
2837 521 3000 596 quod
3051 520 3311 596 dubitari
3343 522 3714 596 nondebeat
3735 524 3806 577 de
3838 542 3945 596 per-

2312 601 2490 665 petuo
2516 609 2717 662 regno,
2747 608 2886 647 cum
2914 593 3094 646 etiam
3122 592 3182 646 in
3211 593 3490 665 praesenti
3525 594 3746 649 seeculo
3780 592 3943 651 sancti

2312 663 2578 733 regnent.
2617 667 2766 718 Bene
2784 664 2941 718 enim
2975 678 3224 730 regnare
3251 663 3543 728 dicuntur,
3567 668 3672 736 qui
3703 682 3835 721 cum
3865 669 3945 722 Dei

2312 736 2609 806 adjutorio
2633 736 2809 791 etiam
2843 736 2991 789 inter
3045 736 3207 805 ipsas
3238 750 3550 805 pressurae
3581 736 3792 791 mundi
3823 744 3874 792 et
3899 755 3947 794 se

2314 815 2369 862 et
2400 808 2547 862 alios
2570 806 2720 861 bene
2747 814 2975 875 regunt.
3002 806 3075 859 Et
3104 807 3383 876 cumﬁniti
3410 807 3621 876 fuerint
3642 809 3793 862 mille
3810 814 3941 875 anni,

2313 880 2557 934 solvetur
2578 882 2797 932 satanas
2822 877 2883 931 de
2908 877 3149 931 custodia
3175 895 3292 931 sua.
3322 878 3538 932 Fiuitos
3578 878 3746 943 dixit,
3783 896 3814 935 a
3844 888 3945 935 toto

2316 956 2569 1021 partem.
2596 952 2739 1003 Nam
2769 949 2851 1021 sic
2882 949 3159 1014 solvetur,
3196 956 3255 1003 ut
3276 950 3595 1021 supersint
3619 952 3763 1006 anni
3795 958 3947 1007 treset

2319 1020 2555 1075 menses
2583 1037 2684 1074 sex
2716 1020 3019 1075 novissimi
3042 1020 3381 1074 certaminis
3412 1022 3785 1090 temporibus
3810 1024 3948 1076 Anti-

2318 1093 2538 1147 Christi.
2572 1092 2643 1145 Et
2671 1092 2809 1145 exiet
2834 1091 3086 1145 seducere
3130 1094 3374 1146 nationes
3419 1108 3535 1164 quae
3574 1099 3702 1164 sunt
3742 1098 3797 1145 in
3841 1110 3949 1164 qua-

2321 1171 2444 1219 tuor
2472 1164 2687 1233 angutis
2718 1170 2903 1216 terrae.
2946 1166 2991 1215 A
3030 1168 3199 1232 parte
3250 1169 3439 1218 totum
3472 1163 3641 1217 dicit:
3681 1180 3818 1219 nam
3848 1163 3947 1220 non

2320 1250 2533 1289 omnes
2562 1234 2765 1288 seduci
2817 1237 3090 1305 possunt.
3142 1235 3397 1305 Superbi
3439 1237 3849 1290 tantummodo
3875 1253 3949 1289 se-

2322 1308 2618 1361 ducuntur
2648 1310 2703 1360 et
2724 1305 2889 1375 impii
2922 1321 2932 1357 :
2966 1304 3111 1375 quia
3138 1304 3257 1359 veri
3310 1310 3366 1360 et
3389 1304 3647 1359 humiles
3678 1306 3949 1361 christiani

2324 1394 2443 1432 non
2476 1377 2860 1431 seducuntur.
2897 1375 3065 1430 Multi
3111 1392 3339 1447 namque
3377 1377 3571 1439 vocati,
3599 1378 3763 1447 pauci
3814 1379 3949 1431 electi

2326 1448 2543 1519 (Matth.
2577 1465 2673 1512 xx,
2715 1447 2819 1519 16).
2862 1448 2939 1501 Et
2963 1447 3322 1519 ascenderunt
3378 1448 3627 1502 diabolus
3680 1456 3725 1501 et
3752 1449 3951 1518 populus

2324 1518 2436 1591 ejus
2486 1521 2545 1573 in
2600 1518 2946 1572 altitudinem
3015 1526 3220 1591 terras:
3267 1518 3327 1573 id
3379 1526 3485 1583 est,
3542 1521 3603 1573 in
3663 1521 3950 1575 elationem

2326 1590 2646 1662 superbiae.
2714 1591 2789 1644 Et
2827 1590 3330 1662 circumdederunt
3410 1598 3590 1645 castra
3648 1599 3952 1662 sanctorum

2325 1668 2375 1716 et
2409 1661 2740 1715 dilectarum
2781 1661 3053 1715 civitatem
3102 1681 3120 1716 :
3172 1661 3231 1715 id
3282 1666 3386 1729 est,
3436 1661 3784 1718 Ecclesiam.
3853 1666 3948 1717 lloc

2326 1739 2417 1789 est
2462 1733 2627 1804 quod
2680 1748 2862 1802 supra
2932 1732 3101 1799 dixit,
3160 1731 3436 1805 collectos
3485 1734 3546 1786 in
3600 1734 3952 1805 Armagedon

2329 1809 2522 1873 (Apoc.
2559 1820 2672 1871 xw,
2738 1805 2848 1873 t6).
2919 1806 3042 1857 Non
3092 1804 3251 1857 enim
3300 1819 3371 1857 ex
3430 1809 3694 1874 quatuor
3750 1804 3954 1872 angulis

2328 1882 2499 1930 terrae
2528 1881 2848 1945 potuerunt
2888 1874 2945 1927 in
3001 1890 3186 1929 unam
3238 1874 3534 1929 civitatem
3580 1876 3951 1944 congregari;

2330 1946 2433 2001 sed
2464 1948 2521 2000 in
2548 1947 2689 2016 ipsis
2716 1951 2974 2015 quatuor
3004 1945 3240 2013 angulis
3260 1960 3642 2017 unaquaeque
3669 1962 3807 2016 gens
3837 1963 3956 2001 con-

2330 2018 2677 2089 gregabitnr
2694 2019 2751 2070 in
2770 2016 3145 2089 obsidionem
3166 2023 3381 2089 sanctas
3406 2016 3682 2089 civitatis,
3711 2019 3768 2072 id
3792 2024 3887 2082 est,
3909 2020 3956 2071 in

2332 2087 2808 2161 persecutionem
2829 2087 3135 2161 Ecclesiae.
3183 2087 3554 2161 Eudescendit
3603 2090 3749 2159 ignis
3774 2089 3832 2142 de
3854 2090 3958 2142 caelo

2330 2158 2364 2216 ὰ
2388 2161 2493 2216 Deo
2527 2177 2543 2214 :
2577 2159 2635 2214 id
2667 2166 2774 2223 est,
2808 2158 2882 2212 de
2911 2159 3182 2214 Ecclesia.
3240 2159 3314 2212 Et
3343 2160 3570 2215 comedit
3632 2158 3720 2215 eos
3744 2181 3762 2217 :
3789 2160 3956 2230 dupli-

2334 2233 2475 2287 citer
2490 2232 2599 2285 hoc
2626 2231 2758 2285 loco
2790 2230 3129 2303 intelligitur
3159 2230 3342 2303 ignis:
3369 2236 3471 2286 aut
3497 2232 3959 2303 enimperignem

2336 2304 2522 2358 sancti
2557 2303 2806 2373 Spiritus
2835 2302 3086 2373 credunt
3107 2302 3167 2373 in
3196 2301 3591 2369 Christum,et
3613 2301 3959 2373 spiritualiter

2336 2371 2733 2429 comeduntur
2746 2371 2823 2427 ab
2842 2372 3119 2434 Ecclesia,
3139 2371 3199 2426 id
3215 2378 3317 2438 est,
3335 2371 3792 2444 incorporantur
3806 2375 3959 2428 Eccle-

2339 2447 2439 2500 sim
2472 2464 2486 2513 ;
2514 2450 2616 2499 aut
2648 2450 3029 2515 peccatorum
3061 2459 3310 2499 suorum
3340 2445 3475 2515 igne
3500 2446 3960 2509 comeduntur,et

2340 2522 2605 2588 pereunt.
2630 2516 2706 2570 Et
2730 2514 2975 2588 diabolus
3018 2515 3268 2588 seducens
3295 2514 3451 2585 ipsos,
3482 2517 3681 2570 missus
3709 2523 3777 2571 est
3796 2518 3847 2569 in
3874 2526 3961 2569 sta-

2338 2586 2501 2659 gnum
2526 2588 2667 2655 ignis
2687 2594 2734 2639 et
2754 2587 3006 2655 sul/uris.
3031 2586 3129 2659 ubi
3158 2592 3207 2640 et
3234 2586 3405 2641 bestia
3423 2595 3471 2642 et
3480 2588 3960 2659 pseudOproplieta;

2343 2656 2879 2729 pseudoprophetis
2910 2656 3315 2728 intelliguntur
3346 2664 3448 2712 aut
3476 2656 3741 2713 haeretici
3763 2656 3963 2713 autﬁcti

2343 2729 2763 2785 ChristianiEx
2783 2745 2902 2799 quo
2916 2729 3075 2782 enim
3094 2744 3306 2799 passus
3324 2735 3409 2784 est
3427 2730 3963 2797 Dominus,moritur

2341 2801 2533 2856 bestia
2558 2808 2613 2854 et
2645 2799 3202 2870 pseudoprophetis,
3242 2806 3297 2855 et
3329 2801 3389 2854 in
3419 2801 3626 2867 ignem
3660 2803 3964 2861 mittuntur,

2343 2888 2533 2943 usque
2554 2873 2700 2926 dum
2715 2871 2998 2943 liniantur
3012 2871 3166 2926 mille
3195 2870 3431 2943 auniab
3449 2872 3715 2927 adventu
3734 2871 3961 2926 Domini.

2342 2945 2415 2999 Et
2434 2942 2733 3014 punientur
2764 2942 2848 2996 die
2868 2959 2928 2997 ac
2953 2949 3101 3014 nocte
3120 2943 3177 2996 in
3205 2942 3378 2997 sartula
3408 2945 3843 2998 saeculorumEt
3871 2943 3965 2996 vidi

2341 3013 2575 3069 mortuos
2606 3030 2818 3084 magnos
2842 3021 2890 3067 et
2920 3013 3142 3085 pusillos
3156 3020 3358 3085 stantes
3389 3016 3447 3067 in
3461 3024 3740 3085 conspectu
3760 3016 3931 3070 throni
3948 3028 3961 3062 :

2341 3095 2388 3141 et
2419 3086 2550 3139 libri
2578 3085 2757 3156 aperti
2785 3093 2929 3147 sunt,
2972 3092 3021 3157 et
3068 3084 3212 3139 alius
3240 3084 3377 3139 liber
3404 3084 3631 3157 apertus
3661 3093 3755 3151 est,
3806 3088 3964 3157 quiest

2340 3159 2468 3212 vitae
2500 3155 2933 3227 uniuscujusque.
2971 3156 3170 3211 Libros
3193 3155 3451 3227 apertos
3482 3155 3860 3212 Testamenta
3886 3155 3965 3209 Dei

2340 3230 2524 3284 dicit:
2572 3227 2904 3282 secundum
2965 3228 3124 3282 enim
3174 3234 3493 3299 utrumque
3537 3232 3963 3284 Testamentum

2336 3299 2710 3371 judicabitur
2742 3298 3017 3373 Ecclesia.
3047 3298 3289 3353 Librum
3340 3298 3607 3371 uniuscuj
3621 3316 3811 3373 usque
3835 3302 3963 3373 vitae,

2342 3369 2691 3427 memoriam
2744 3371 2881 3424 dicit
2912 3376 3218 3437 gestorum
3253 3369 3644 3438 nostrorum;
3685 3369 3801 3427 non
3827 3369 3960 3442 quod

2338 3444 2556 3497 librum
2589 3442 2808 3496 habeat
2837 3443 3467 3497 commemoratorium
3498 3443 3862 3498 occultorum
3889 3455 3963 3494 co-

2341 3516 2552 3581 gnitor.
2578 3514 2666 3585 Et
2687 3513 2927 3582 judicati
2946 3519 3072 3585 sunt
3108 3512 3306 3566 mortui
3326 3530 3390 3566 ea:
3420 3513 3517 3585 his
3539 3514 3610 3567 ad
3651 3532 3767 3585 quae
3790 3512 3961 3582 scripta

2336 3592 2459 3640 sunt
2481 3586 2535 3637 in
2568 3584 2725 3637 libris
2761 3584 3046 3638 secundum
3076 3600 3237 3654 opera
3273 3600 3369 3638 sua
3400 3601 3417 3637 :
3464 3584 3527 3638 id
3559 3584 3676 3647 est,
3705 3602 3776 3641 ex
3800 3588 3963 3640 Testa-

2342 3658 2555 3711 inentis
2578 3655 2824 3726 judicati
2848 3663 3001 3716 sunt,
3020 3656 3349 3727 secundum
3374 3655 3539 3726 quod
3563 3657 3669 3711 Dei
3703 3658 3963 3727 praecepat

2338 3733 2441 3783 aut
2470 3725 2753 3791 fecerunt,
2783 3733 2885 3780 aut
2912 3742 3032 3780 non
3068 3725 3349 3780 fecerunt.
3389 3725 3466 3781 Et
3504 3728 3657 3781 dedit
3686 3725 3827 3782 mare
3855 3742 3964 3781 mor-

2340 3805 2453 3853 tuos
2482 3815 2600 3853 suos
2621 3813 2639 3848 :
2667 3813 2771 3851 eo:
2798 3812 2952 3867 quos
2985 3797 3306 3867 hicjudicii
3348 3798 3475 3852 dies
3504 3798 3772 3854 inveniet
3803 3800 3962 3857 vivos,

2339 3871 2453 3941 ipsi
2479 3874 2620 3923 sunt
2650 3870 2863 3923 mortui
2895 3870 3073 3941 maris
3099 3884 3124 3941 ;_
3151 3870 3290 3940 quia
3326 3868 3437 3923 hoc
3485 3871 3779 3925 saeculum
3830 3881 3964 3923 mare

2339 3938 2443 3995 est.
2473 3941 2621 3997 Mors
2650 3948 2699 3995 et
2733 3941 2988 4006 infernus
3026 3938 3287 3994 dederunt
3317 3946 3551 3994 mortuos
3578 3958 3705 3995 suos
3730 3959 3745 3996 :
3793 3941 3848 3996 id
3876 3943 3962 3999 est.

2338 4029 2439 4066 eos
2465 4012 2567 4081 qui
2610 4012 2668 4065 in
2697 4010 2985 4080 sepulcris
3045 4010 3387 4065 inveniendi
3440 4017 3579 4066 sunt
3625 4010 3957 4081 indiejudii.

2338 4084 2493 4138 Mors
2531 4090 2580 4136 et
2638 4082 2890 4151 infernus
2930 4082 3088 4153 Amissi
3131 4088 3255 4136 sunt
3300 4082 3361 4136 in
3402 4090 3695 4153 stagnum:
3742 4088 3963 4139 mortem

2340 4162 2395 4209 et
2423 4151 3285 4227 infernumdiabolumdicitet
3313 4151 3605 4227 populum
3640 4156 3792 4227 ejus.
3840 4154 3965 4227 Etsi

2373 4229 2431 4280 ui
2450 4242 2551 4279 non
2579 4233 2652 4279 est
2684 4225 2929 4279 inventus
2956 4224 3191 4294 scriptus
3217 4225 3274 4277 in
3317 4224 3456 4278 libro
3477 4226 3614 4281 vita
3638 4224 3748 4281 {et
3775 4226 3867 4295 qui
3890 4238 3965 4275 νου

2373 4244 2551 4280 utnon
2579 4244 2652 4279 est
2684 4244 2929 4279 inventus
2956 4244 3191 4294 scriptus
3217 4244 3274 4277 ιη
3317 4244 3456 4278 twro
3477 4244 3614 4281 υιιειιυ
3638 4244 3663 4280 .’
3694 4244 3748 4281 θι
3775 4244 3867 4295 qni
3890 4244 3965 4275 V0°

2336 4244 2664 4365 iuptatibus
2695 4297 2817 4349 suis
2840 4296 3149 4359 dimissus,
3167 4311 3272 4365 per
3297 4302 3752 4367 temporaneam
3775 4295 3967 4351 exami-

2342 4369 2641 4423 nationem
2676 4368 2735 4421 in
2772 4368 2885 4421 hoc
2908 4367 3127 4422 saeculo
3161 4382 3279 4421 non
3310 4368 3847 4437 meruitjudicaria
3874 4367 3964 4418 Deo

2339 4441 2483 4493 dum
2510 4442 2746 4503 viveret,
2778 4439 2969 4493 missus
3007 4444 3084 4491 est
3114 4439 3171 4491 in
3201 4445 3445 4507 stagnum
3476 4440 3640 4509 ignis.
3668 4441 3741 4494 Et
3770 4438 3876 4492 vidi
3890 4454 3967 4491 ca-

2341 4512 2450 4566 lum
2483 4527 2669 4564 novum
2697 4514 2745 4563 et
2776 4517 2980 4564 terram
3008 4526 3213 4563 novam.
3266 4511 3516 4564 Primum
3558 4512 3702 4565 enim
3733 4510 3906 4565 caelum
3928 4514 3965 4560 et

2337 4583 2685 4660 primaterra
2708 4581 2982 4660 abierunt,
3011 4588 3060 4635 et
3072 4597 3219 4660 mare
3234 4581 3352 4660 jam
3370 4598 3475 4635 non
3499 4589 3592 4660 est.
3617 4583 3694 4636 Et
3722 4583 3963 4660 civitatem

2337 4659 2575 4707 sanctam
2592 4653 2892 4707 Jerusalem
2910 4669 3100 4707 novam
3128 4651 3263 4718 vidi,
3298 4652 3700 4707 descendentem
3724 4654 3784 4706 de
3809 4651 3921 4706 calo
3941 4666 3965 4700 α

2341 4727 2469 4787 Deo,
2489 4726 2830 4793 compositam
2856 4725 2996 4777 sicut
3038 4740 3302 4793 sponsam,
3359 4732 3410 4778 et
3436 4731 3689 4779 orn-alam
3731 4726 3841 4778 viro
3872 4738 3964 4775 suo.

2339 4797 2413 4851 Et
2442 4795 2635 4849 audivi
2659 4812 2827 4849 vocem
2859 4812 3102 4865 magnam
3165 4795 3233 4848 de
3262 4796 3386 4849 caelo
3408 4795 3672 4850 dicentem
3703 4812 3719 4849 :
3761 4795 3884 4848 Ecce
3904 4800 3966 4846 ta-

2340 4867 2685 4921 bernaculum
2717 4867 2817 4923 Dei
2832 4883 2950 4920 cum
2981 4865 3302 4927 hominibus,
3329 4874 3377 4920 et
3400 4866 3665 4921 habitabit
3680 4883 3797 4922 cum
3820 4868 3964 4935 ipsis:

2338 4946 2386 4993 et
2416 4939 2522 5008 ipsi
2546 4945 2707 4992 erunt
2731 4939 2963 5007 populus
3006 4941 3143 5006 ejus,
3204 4945 3252 4990 et
3286 4939 3395 5007 ipse
3446 4937 3589 4992 Deus
3632 4955 3751 4992 cum
3782 4940 3852 4991 eis
3878 4935 3963 5008 erit

2339 5002 2521 5064 eorum
2556 5010 2693 5063 Deus
2721 5002 2743 5062 :-
2764 5002 2812 5062 et
2844 5002 3106 5079 absterget
3170 5002 3321 5062 Deus
3359 5025 3562 5063 omnem
3613 5010 3891 5080 lacrymam
3914 5002 3965 5055 ab

2339 5081 2512 5135 oculis
2540 5098 2718 5135 eorum
2749 5103 2767 5148 ,-
2792 5086 2840 5133 et
2870 5097 3009 5134 mors
3040 5096 3151 5134 non
3174 5080 3283 5132 erit
3314 5081 3569 5150 amplius,
3598 5087 3648 5134 et
3678 5082 3855 5135 luctus
3868 5091 3960 5150 nos

2340 5153 2468 5206 erit.
2499 5155 2613 5207 Hoc
2644 5158 2831 5207 totum
2865 5152 2937 5205 de
2972 5150 3159 5219 gloria
3215 5148 3487 5205 Ecclesiae
3547 5148 3717 5214 dixit,
3748 5148 3955 5221 qualem

2340 5223 2732 5293 habebitpost
2764 5223 3274 5277 resurrectionem.
3303 5223 3381 5277 Et
3411 5222 3574 5283 dixit,
3601 5223 3791 5279 Scribe
3819 5239 3835 5283 ;
3860 5234 3959 5293 qup-

2339 5289 2762 5349 niamserinones
2791 5294 2886 5347 isti
2906 5294 3082 5362 ﬁdeles
3107 5301 3154 5348 et
3201 5294 3317 5347 veri
3344 5298 3491 5349 sunt.
3542 5294 3616 5347 Et
3637 5294 3781 5347 dixit
3805 5289 3958 5349 mihi;

2338 5368 2454 5437 Ego
2473 5383 2589 5421 sum
2614 5386 2647 5416 α
2676 5373 2723 5420 et
2759 5387 2818 5430 ω,
2870 5366 3172 5437 initiumet
3218 5364 3363 5434 ﬁnis.
3396 5367 3512 5435 Ego
3539 5365 3750 5420 sitienti
3775 5362 3894 5437 dabo
3909 5372 3960 5410 εητ

2337 5435 2644 5508 fonteaqua’.
2668 5438 2800 5492 vitae
2829 5438 3037 5510 gratis;
3066 5436 3262 5510 idest,
3286 5438 3549 5510 cupienti
3565 5435 3955 5510 remissionem

2339 5506 2722 5580 peccatorum
2752 5524 2854 5579 per
2881 5507 3107 5580 fontem
3133 5508 3435 5578 Baptismi.
3468 5508 3572 5573 Qui
3602 5506 3784 5580 vincit,
3814 5506 3955 5580 posit.-

2338 5573 2480 5656 debit
2498 5582 2606 5635 heec
2635 5603 2651 5649 ;
2677 5586 2726 5635 et
2744 5573 2833 5656 ero
2846 5579 3137 5656 ejus_D_eus,
3162 5573 3351 5649 et'ipse
3380 5581 3497 5656 erit
3513 5596 3651 5635 meus
3690 5573 3954 5656 ﬁliusﬁli-

2336 5652 2498 5707 midis
2517 5644 2691 5710 autem
2718 5658 2767 5707 et
2790 5644 3102 5718 incredulis,
3123 5644 3661 5719 uenerabilibus,“
3681 5644 3949 5707 homicidii.
