4140 6208
277 185 420 242 2457

272 315 324 366 et
348 309 612 380 veneficis,
630 317 680 368 et
704 311 966 369 idolorum
991 313 1311 377 cultoribus,
1326 319 1374 370 et
1400 311 1642 368 omnibus
1653 310 1921 367 mendaci-

275 380 371 435 bus
391 397 525 451 pars
553 384 660 438 erit
700 384 759 456 in
802 390 989 456 stagno
1037 386 1259 441 ardente
1282 387 1411 455 igne
1449 392 1498 440 et
1523 384 1758 456 sul/ure,
1785 382 1924 456 quod

273 459 509 529 estmors
527 455 777 529 secunda.
812 454 980 520 Quod
1013 473 1196 529 supra
1238 454 1465 512 dictum
1501 454 1617 521 est,
1644 454 1923 529 Judicavit

272 525 615 605 meretricem
646 525 799 580 illam
823 525 1202 605 magnamque:
1228 530 1478 605 corrupit
1503 534 1707 582 terram
1730 526 1790 579 in
1813 527 1924 596 for-

272 599 554 671 nicatione
576 614 694 661 sua,
727 605 773 671 et
803 599 1103 665 vindicavit
1138 600 1457 671 sanguinem
1502 614 1780 653 servorum
1800 613 1922 671 suo-

274 666 800 747 rumdemanuejus
826 687 845 734 ;
870 672 994 747 hinc
1020 687 1136 727 vox
1163 666 1257 727 est
1273 671 1566 747 Ecclesiae,
1598 686 1734 747 cum
1757 668 1835 723 ab
1848 682 1928 747 ea

275 736 337 791 in
359 736 456 792 die
481 737 689 808 judicii
708 736 958 797 exierint
980 759 1192 798 omnes
1218 741 1383 808 mali,
1414 739 1927 796 teternoincendio

273 809 720 883 concremandi.
757 812 827 866 Et
849 813 1031 883 fumus
1059 831 1242 869 eorum
1265 812 1501 868 ascendit
1524 813 1582 866 in
1604 811 1803 869 sweula
1830 826 1929 883 sae-

272 880 543 935 culorum.
579 883 702 936 Non
735 880 1413 941 enimvisibiliscivitatis
1442 883 1643 939 fumus
1662 882 1930 937 ascendit

275 952 334 1005 in
364 952 585 1024 saecula
609 956 987 1021 saeculorum,
1048 956 1152 1012 sed
1208 957 1524 1011 hominum
1557 955 1616 1009 in
1648 952 1930 1024 superbia

278 1021 752 1095 perdurantium.
802 1027 972 1091 Quod
1022 1032 1222 1083 autem
1278 1027 1438 1092 dicit,
1490 1026 1634 1095 Quia
1671 1021 1929 1080 venerunt

278 1094 486 1168 nuptiae
507 1095 657 1164 Agni
677 1112 702 1161 ;
725 1096 798 1151 de
830 1098 1058 1154 Christo
1080 1098 1435 1168 intelligitur,
1462 1094 1517 1153 et
1540 1099 1613 1151 de
1649 1094 1928 1168 Ecclesia.

281 1165 451 1230 Quod
481 1181 618 1250 vero
660 1183 793 1222 eam
820 1169 979 1250 dicit
1023 1165 1292 1250 opertam
1340 1170 1575 1241 bysso;
1743 1166 1931 1250 bysso

276 1237 642 1311 operajusta
666 1246 1011 1296 sanctorum
1063 1237 1493 1308 intelliguntur,
1541 1239 1764 1311 quibus
1785 1237 1931 1311 justi

278 1307 631 1389 vestiuntur,
660 1311 991 1389 secundum
1020 1312 1183 1389 quod
1215 1307 1583 1389 dictumest,
1617 1307 1931 1367 Sacerdotes

279 1379 689 1451 tuiinduantur
704 1381 939 1450 iustitia.
957 1379 1126 1448 Quod
1140 1389 1338 1439 autem
1351 1383 1511 1447 dicit,
1531 1398 1633 1437 eos
1652 1396 1932 1451 regnasse

281 1449 440 1506 mille
460 1466 655 1533 annos
688 1470 702 1519 ;
738 1468 1001 1525 praesens
1049 1461 1286 1525 tempus
1312 1453 1675 1525 intelligitur,
1720 1449 1779 1507 in
1810 1467 1932 1579 (Bm

281 1527 472 1577 sancti
506 1529 657 1579 iuste
679 1539 929 1579 regnare
955 1525 1253 1579 dicuntur.
1288 1527 1434 1579 auia
1463 1543 1524 1579 se
1551 1526 1630 1579 ita
1661 1540 1800 1579 cum
1880 1522 1931 1579 ei

281 1523 472 1598 sancti
500 1522 657 1598 juste
679 1522 929 1593 regnare
955 1522 1253 1590 dicuntur,
1288 1527 1434 1598 quia
1463 1522 1529 1598 se
1551 1526 1630 1580 ita
1661 1540 1800 1579 cum
1828 1522 1931 1598 Dei

280 1592 580 1667 adiutorio
609 1592 841 1663 regunt,
870 1602 932 1652 ut
962 1613 997 1652 a
1025 1597 1280 1667 peccatis
1307 1592 1487 1652 -vinci
1529 1612 1646 1652 non
1682 1594 1928 1667 possint.

286 1664 351 1719 Et
373 1672 433 1719 ut
454 1665 569 1720 hoc
598 1667 901 1722 evidenter
947 1664 1302 1732 ostenderet,
1357 1673 1599 1723 secutus
1635 1664 1720 1723 ait
1760 1682 1772 1720 :
1802 1665 1934 1723 Hac

282 1741 358 1789 est
377 1735 562 1806 prima
601 1739 947 1794 resurrectio.
984 1741 1176 1795 Prima
1215 1741 1374 1795 enim
1416 1738 1785 1801 resurrectio,
1814 1753 1935 1808 qua

283 1822 317 1860 a
348 1813 537 1863 morte
573 1810 797 1879 peccati
820 1811 894 1865 ad
915 1809 1349 1882 vitamjustitiee
1365 1811 1932 1882 animaaresurgunt,

285 1883 405 1934 toto
437 1894 599 1952 nunc
630 1887 894 1952 tempore
936 1879 1134 1952 agitur
1166 1900 1177 1939 :
1212 1888 1481 1939 secunda
1507 1896 1667 1946 vero,
1711 1896 1834 1952 qua
1856 1879 1937 1952 de

282 1953 449 2005 terra)
481 1950 721 2020 pulvere
752 1950 828 2007 ad
862 1950 1042 2008 vitam
1069 1970 1423 2024 corpoream
1455 1950 1815 2019 redeunt,_in
1848 1950 1935 2005 fu-

280 2025 479 2096 turum
501 2029 877 2096 exspectatur
900 2026 940 2079 1.
966 2026 1104 2096 lpsa
1121 2032 1209 2080 est
1227 2026 1388 2081 enim
1417 2040 1541 2095 qua
1567 2024 1934 2096 resurgimus

280 2108 385 2162 per
418 2093 809 2164 Baptismum.
836 2093 1159 2169 Quia—sicut
1183 2098 1376 2169 prima
1401 2093 1563 2150 mors
1595 2096 1653 2169 in
1671 2093 1786 2148 hac
1815 2095 1935 2149 vita

278 2169 367 2219 est
390 2180 489 2235 per
520 2172 855 2235 peccatum,
887 2168 970 2221 ita
1012 2173 1069 2222 et
1099 2165 1292 2235 prima
1323 2165 1680 2222 resurrectio
1713 2181 1818 2235 per
1850 2182 1934 2235 re-

282 2234 629 2292 missionem
662 2245 1066 2307 peccatorum.
1099 2234 1296 2295 Beatus
1333 2247 1381 2293 et
1405 2242 1620 2293 sanctus
1657 2234 1751 2308 qui
1780 2234 1932 2308 habet

279 2312 337 2358 in
367 2306 757 2382 resurrectione
773 2310 960 2381 prima
973 2316 1182 2381 partem
1199 2328 1217 2365 :
1251 2311 1309 2365 id
1334 2315 1444 2382 est,
1476 2311 1584 2382 qui
1608 2306 1934 2382 servaverit

277 2377 443 2456 quod
471 2379 529 2432 in
553 2377 1126 2456 Baptismonrer‘iatus
1155 2381 1402 2456 accepit.
1421 2377 1591 2446 Quod
1614 2385 1829 2456 autem
1846 2378 1932 2433 di~

279 2450 377 2512 cit,
406 2449 790 2518 regnaturam
853 2452 1167 2507 Ecclesiam
1220 2449 1377 2507 mille
1407 2467 1649 2517 annos;
1708 2450 1767 2505 in
1818 2449 1931 2505 hoc

281 2518 501 2594 saeculo
529 2519 876 2592 intelligitur
928 2526 1212 2594 usquerin
1263 2523 1445 2579 ﬁnem
1501 2521 1730 2594 mundi.
1766 2520 1929 2577 Unde

280 2590 663 2647 manifestum
693 2590 782 2647 est
810 2593 977 2665 quod
1002 2590 1263 2665 dubitari
1303 2611 1421 2649 non
1449 2595 1679 2665 debeat
1699 2593 1772 2646 de
1802 2609 1932 2665 per:

278 2666 457 2732 petuo
483 2678 687 2733 regno,
715 2662 853 2719 cuni
879 2665 1056 2719 etiam
1086 2664 1144 2719 in
1196 2665 1473 2735 prmsenti
1505 2663 1725 2719 saeculo
1738 2662 1929 2718 sancti

279 2739 547 2807 regnent.
577 2736 746 2807 Recte
776 2737 933 2790 enim
962 2750 1208 2804 regnare
1223 2736 1520 2803 dicuntur,
1549 2736 1802 2807 quicum
1834 2735 1927 2789 Dei

279 2803 602 2879 adiutorio,
632 2806 806 2862 etiam
833 2807 1179 2879 interipsas
1201 2822 1509 2879 pressurae
1525 2803 1754 2879 mundi,
1782 2812 1840 2879 et
1866 2821 1927 2879 se

276 2879 334 2949 et
357 2872 683 2949 alios‘bene
710 2881 943 2949 regunt.
976 2872 1146 2942 Quod
1172 2872 1372 2934 a'utem
1403 2878 1477 2932 de
1503 2876 1740 2949 diabolo
1763 2876 1923 2939 dicit,

279 2944 423 3011 Quia
438 2945 644 3029 seducit
656 2944 902 3029 nationes
914 2965 1031 3029 quae
1050 2955 1176 3029 sunt
1190 2950 1249 3004 in
1259 2956 1494 3029 quatuor
1503 2947 1726 3029 angulis
1737 2951 1846 3001 terr
1856 2964 1924 3012 ε,

279 3034 311 3071 a
343 3022 509 3087 parte
534 3024 720 3074 totum
747 3020 1105 3089 intelligitur.
1132 3019 1283 3076 Nam
1311 3021 1418 3077 soli
1452 3019 1593 3074 mali
1626 3019 1925 3089 seducun-

281 3094 394 3157 tur,
426 3089 759 3147 secundum
786 3088 1347 3158 illud,Multivocati,
1374 3089 1724 3158 paucielecti.
1756 3088 1924 3155 Quod

277 3166 479 3215 autem
510 3160 662 3230 dicit,
695 3163 838 3234 quia
864 3162 1108 3218 diabolus
1145 3172 1193 3218 et
1237 3163 1420 3233 angeli
1458 3159 1925 3234 circumdederunt

276 3232 800 3303 castrasanctorum,
832 3242 880 3290 et
909 3235 1180 3289 civitatem
1216 3232 1579 3289 dilectarum:
1612 3247 1733 3287 non
1765 3232 1924 3303 enim

280 3308 598 3379 potuerunt
630 3321 701 3361 ex
740 3302 1262 3379 quatuorangnqlis
1284 3311 1454 3361 terrae
1484 3307 1542 3360 in
1575 3319 1759 3379 unam
1789 3302 1925 3357 civi-

280 3374 465 3429 tatem
494 3374 863 3447 congregari,
887 3377 991 3434 sed
1011 3377 1069 3433 in
1089 3374 1236 3448 ipsis
1250 3383 1506 3450 quatuor
1523 3374 1927 3450 angulisuna-

278 3460 537 3520 quaeque
558 3445 705 3520 gens
731 3445 1198 3519 congregaturin
1214 3445 1685 3520 persecutionem
1738 3445 1928 3520 Eccle-

280 3515 401 3571 siae.
438 3515 644 3590 ςρυοά
702 3515 900 3575 autem
953 3515 1111 3586 dicit,
1169 3515 1376 3576 cecidit
1423 3518 1568 3590 ignis
1610 3516 1833 3590 decutio
1878 3520 1927 3571 et

276 3587 501 3659 comedit
552 3606 658 3656 eos,
689 3591 1000 3659 dupliciter
1038 3592 1380 3659 intelligitur
1410 3587 1573 3650 z'aut
1614 3589 1773 3644 enim
1824 3603 1929 3658 per

278 3658 684 3738 Lgnem_sancti
701 3658 949 3734 Spiritus
968 3659 1927 3738 spiritualiiercomeduntur,dum

279 3729 552 3803 Ecclesiae
582 3729 1071 3803 incorporantur;
1105 3739 1208 3788 aut
1237 3733 1286 3787 si
1318 3733 1393 3787 ad
1448 3736 1633 3788 Deum
1663 3731 1927 3800 converti

282 3800 599 3869 noluerint,
624 3800 1003 3874 peccatorum
1018 3820 1265 3859 suorum
1286 3803 1424 3873 igne
1446 3804 1929 3865 comeduutur,et

281 3877 542 3942 pereunt.
577 3876 742 3945 Quod
779 3882 978 3931 autem
995 3875 1157 3943 dicit,
1185 3876 1622 3945 librosapertos
1653 3890 1801 3937 esse,
1830 3874 1930 3928 Te-

277 3948 575 4016 stam_enta
590 3944 686 4000 Dei
701 3946 942 4016 intelligi
958 3946 1154 4002 voluit.
1175 3944 1511 4003 Secundum
1526 3946 1682 4000 enim
1703 3949 1931 3999 utrum-

276 4013 1516 4090 queTestamentumjudicabiturEcclesia.
1542 4017 1779 4072 Librum
1794 4030 1929 4070 vero

279 4087 406 4140 vitae
438 4086 932 4160 uniuscujusque,
961 4090 1312 4145 memoriam
1333 4089 1475 4144 dicit
1497 4095 1800 4160 gestorum
1817 4102 1927 4160 _no~

277 4160 729 4230 strorum,quia
763 4158 829 4214 in
849 4160 944 4216 die
992 4160 1200 4230 judicii
1234 4161 1377 4216 nihil
1409 4158 1749 4221 latebit,uec
1773 4158 1930 4230 ultus

277 4230 491 4300 poterit
521 4227 891 4286 abscondere
919 4227 1161 4300 peccata
1191 4232 1283 4286 vel
1304 4231 1554 4287 crimina
1581 4246 1710 4286 sua.
1757 4227 1930 4294 Quod

277 4299 440 4371 dicit,
473 4302 616 4371 quia
644 4319 793 4357 mare
831 4299 978 4358 dedit
1030 4310 1262 4358 mortuos
1281 4319 1400 4358 suos
1421 4320 1443 4366 ;
1473 4318 1576 4356 eos
1607 4301 1748 4355 dicit
1773 4316 1930 4371 quos

277 4370 333 4426 in
367 4370 737 4429 hoc’mundo
769 4375 934 4430 vivos
954 4376 1240 4429 invenerit
1266 4370 1927 4442 adventusChristilesi

280 4445 669 4516 suntmortui
722 4446 920 4514 maris,
955 4445 1099 4516 quia
1144 4446 1255 4500 hoc
1297 4444 1581 4500 saeculum
1618 4459 1780 4498 mare
1819 4448 1924 4496 est.

278 4514 646 4593 Quoddicit,
677 4516 826 4572 Mors
845 4523 894 4571 et
924 4514 1174 4593 infernus
1201 4516 1467 4593 dederunt
1509 4521 1748 4593 mortuos
1771 4529 1928 4593 suos;

276 4584 354 4659 illi
385 4586 813 4659 intelliguntur,
846 4589 948 4659 qui
975 4584 1032 4643 in
1066 4588 1353 4656 sepulcris
1403 4586 1743 4659 inveniendi
1792 4591 1931 4639 sunt

276 4655 334 4710 in
366 4656 461 4711 die
487 4656 718 4731 judicii.
746 4659 821 4731 Et
850 4655 991 4713 mors
1020 4666 1073 4714 et
1114 4660 1364 4731 infernus
1390 4658 1541 4731 missi
1569 4665 1695 4713 sunt
1721 4658 1781 4731 in
1810 4664 1923 4731 sta-

274 4742 443 4799 gnum
473 4729 634 4799 ignis.
672 4731 788 4785 Hoc
812 4730 943 4785 loco
981 4728 1231 4786 mortem
1255 4737 1309 4785 et
1340 4730 1658 4794 infernum,
1701 4728 1927 4783 diabo-

276 4797 399 4873 lum
432 4797 801 4873 et'populum
834 4803 962 4872 ejus
993 4801 1235 4871 intelligi
1264 4801 1583 4873 vomit,qui
1610 4799 1930 4873 voluptati-

272 4869 387 4925 bus
401 4869 525 4924 suis
536 4869 959 4944 dimissus,per
973 4869 1415 4944 temporaneam
1432 4869 1928 4944 examinatiouem

276 4956 395 5013 non
424 4943 640 4999 meruit
670 4941 953 5013 iudicari.
993 4941 1132 4999 Post
1194 4944 1320 4998 haec
1348 4944 1625 5013 exposita
1658 4941 1930 4997 Ecclesiae

274 5011 462 5086 gloria
491 5011 763 5082 adjun‘git
792 5022 848 5069 et
873 5015 1034 5080 dicit,
1083 5016 1200 5086 Ego
1241 5011 1455 5069 sitienti
1488 5014 1630 5086 dabo
1673 5030 1738 5068 ea:
1783 5013 1929 5082 [ante

273 5083 400 5139 vitae
420 5100 573 5155 aqua
599 5085 779 5158 gratis
808 5086 898 5142 :id
930 5092 1036 5150 est,
1067 5083 1330 5158 cupienti
1349 5085 1931 5158 remissionempec-

272 5154 542 5229 calorum
577 5154 681 5229 per
704 5155 924 5229 fontem
946 5154 1257 5229 Baptisini.
1300 5157 1614 5229 Quirvineit,
1642 5154 1927 5229 possidebit

274 5225 406 5294 haec,
437 5233 486 5281 et
512 5228 737 5299 eroejus
773 5227 928 5293 Deus,
977 5225 1165 5284 et'eril
1196 5245 1339 5284 meus
1367 5228 1518 5299 ﬁlius
1545 5246 1561 5282 :
1602 5225 1766 5299 quod
1800 5227 1928 5297 ipse

274 5303 559 5368 praestare
584 5298 883 5368 dignetur,
916 5299 1176 5372 quicum
1202 5300 1319 5356 Deo
1350 5298 1536 5365 Patre,
1567 5298 1676 5355 etc.

336 5481 347 5509 ¹
381 5479 480 5533 Ms.
524 5480 766 5545 Belgicus
792 5495 898 5531 non
934 5481 1095 5532 habet
1146 5482 1277 5545 haec
1316 5482 1477 5532 verba
1508 5497 1519 5531 :
1554 5482 1742 5531 Prima
1791 5482 1928 5531 enim

272 5543 591 5601 resurrectio,
620 5543 726 5607 qua
749 5560 780 5593 a
814 5548 975 5593 morte
1002 5546 1191 5606 peccati
1216 5544 1282 5591 ad
1315 5546 1473 5593 vitam
1497 5545 1715 5607 justitiw
1741 5545 1930 5594 anima:

274 5610 566 5670 resurgunt,
594 5606 698 5656 toto
727 5622 864 5656 nunc
892 5612 1118 5669 tempore
1141 5607 1316 5670 agitur
1344 5621 1360 5657 :
1389 5606 1619 5670 secunda
1657 5620 1795 5661 vero,
1823 5621 1925 5670 qua

274 5666 334 5715 de
367 5669 747 5780 terzwtpulvere
763 5666 1007 5721 advitani
1016 5666 1314 5732 corpoream
1342 5669 1572 5725 redeunt,
1600 5668 1658 5716 in
1686 5666 1924 5732 futurum

281 5742 452 5780 eanec
475 5745 508 5779 α
531 5746 615 5780 ur.

281 5735 615 5792 exspectatur.

1799 185 2201 245 APPENDIX.‘

3552 179 3694 239 2458

2614 324 2846 365 HOIllLlA
2879 325 2972 366 xu:
3002 310 3106 382 (a).

2105 380 2215 454 [1b.
2246 384 2438 454 xxtet
2464 382 2629 452 xxu.]
2663 382 2822 436 Sicut
2853 382 3031 437 modo
3062 380 3425 454 audivimus,
3445 453 3451 454 ί
3473 381 3685 439 fratres

2037 451 2392 517 charissimi,
2425 451 2662 506 locutus
2681 458 2765 507 est
2790 454 3049 521 Angelus
3067 453 3300 508 Domini
3332 453 3407 507 ad
3441 453 3684 510 beatum

2035 525 2327 579 Joannem
2345 524 2579 595 dicens:
2605 523 2759 587 Veni,
2781 524 3051 579 ostendam
3070 524 3171 580 tibi
3185 539 3449 595 sponsam,
3463 542 3685 580 umorem

2038 596 2287 666 Agni.Et
2317 594 2553 650 abstulit
2586 612 2662 650 me
2688 596 2745 648 in
2774 595 2977 666 spiritu
3000 594 3403 665 supramontem
3431 612 3684 667 magnum

2038 675 2091 721 et
2130 667 2298 721 altum
2330 684 2346 720 :
2377 676 2644 721 montem
2672 668 2964 721 Christum
2992 668 3169 721 dicit:
3205 667 3273 720 Et
3291 667 3526 721 ostendit
3544 667 3690 722 mihi

2039 739 2315 793 civitatem
2342 747 2580 792 sanctam
2608 737 2929 802 Jerusalem,
2969 737 3359 793 descendentem
3394 737 3455 792 de
3482 738 3611 793 cwlo
3652 755 3687 794 a

2041 810 2160 864 Deo.
2193 811 2322 864 Haec
2348 816 2433 863 est
2463 809 2733 879 Ecclesia,
2760 809 2968 864 civitas
3008 811 3067 863 in
3101 815 3297 864 monte
3334 810 3679 874 constituta,

2043 896 2261 952 sponsa
2290 880 2460 950 Agni.
2501 882 2633 951 Ipsa
2662 881 2823 952 enim
2858 882 3066 936 civitas
3100 885 3239 935 tunc
3277 880 3336 934 in
3366 886 3568 935 monte
3597 885 3688 936 est

2043 951 2384 1019 constituta,
2415 952 2736 1023 quandoin
2781 951 3044 1007 humeris
3085 951 3365 1023 pastoris,
3394 956 3684 1023 tanquam

2043 1024 2167 1078 ovis
2196 1021 2453 1078 adovile
2483 1023 2791 1094 proprium
2825 1021 3102 1079 revocata
3118 1023 3384 1094 est(Luc.
3410 1037 3517 1094 xv,
3532 1022 3607 1093 5).
3630 1021 3688 1078 Si

2044 1094 2203 1150 enim
2218 1094 2334 1150 alia
2347 1093 2847 1159 estEcclesia,alia
2870 1095 3076 1149 civitas
3093 1093 3465 1149 descendens
3486 1093 3561 1147 de
3576 1107 3692 1149 cm-

2041 1165 2327 1246 l‘o,‘er_un_t
2355 1166 2490 1221 duae
2515 1180 2777 1246 sponsae,
2790 1165 2970 1246 quod
3004 1165 3252 1220 omnino
3276 1164 3402 1246 ﬁeri
3439 1179 3565 1246 non
3586 1179 3690 1246 po-

2047 1242 2173 1293 test.
2198 1238 2262 1291 Et
2291 1236 2446 1292 hanc
2476 1234 2634 1292 enim
2672 1234 2966 1292 civitatem
2999 1252 3284 1308 sponsam
3336 1234 3478 1291 dixit
3511 1234 3686 1305 Agni.

2048 1308 2210 1364 Unde
2236 1308 2618 1363 manifestum
2658 1314 2745 1363 est
2780 1309 2975 1375 ipsam
2993 1307 3124 1362 esse
3144 1307 3689 1378 Ecclesiam,quam

2044 1380 2128 1434 sic
2150 1378 2452 1445 describit,
2495 1379 2702 1434 dicens
2729 1401 2741 1431 :
2766 1379 3058 1434 Habentem
3082 1379 3385 1434 claritatem
3415 1378 3539 1433 Dei.
3570 1379 3689 1433 Lu-

2042 1451 2256 1505 minare
2278 1450 2391 1520 ejus
2402 1449 2580 1506 simile
2595 1449 2769 1521 lapidi
2778 1450 3185 1519 pretiosissima.
3205 1450 3382 1521 Lapis
3398 1448 3692 1521 pretiosis-

2044 1523 2232 1577 simus
2259 1519 2519 1578 Christus
2543 1519 2659 1575 est.
2683 1521 2990 1576 Habentem
3015 1537 3232 1576 murum
3262 1519 3510 1591 magnum
3541 1527 3591 1575 et
3611 1519 3690 1591 al-

2045 1601 2178 1654 tum.
2213 1592 2485 1648 habentem
2499 1597 2684 1662 portas
2708 1593 3008 1659 duodecim,
3030 1599 3079 1647 et
3099 1609 3261 1663 super
3282 1590 3691 1663 portasangelos

2043 1664 2614 1721 duodecim.0stendit
2630 1665 2941 1719 duodecim
2971 1670 3175 1735 portas
3190 1662 3573 1735 etduodecim
3588 1677 3693 1735 an-

2046 1736 2230 1805 gelos,
2262 1735 2580 1806 Apostolos
2611 1751 2738 1790 esse
2768 1740 2823 1790 et
2856 1734 3206 1806 Prophetas‘
3246 1756 3257 1788 :
3290 1734 3692 1806 quoniam,si-

2045 1804 2144 1863 out
2175 1804 2465 1878 scriptum
2483 1812 2591 1871 est,
2620 1806 2941 1878 cowdiﬁcati
2961 1804 3350 1878 sumussuper
3377 1804 3692 1878 fundamen-

2046 1886 2160 1934 tum
2178 1875 2555 1949 Apostolorum
2569 1888 2616 1933 et
2646 1875 3047 1949 Prophetarum
3062 1875 3279 1947 (Ephes.
3314 1892 3374 1939 II,
3392 1875 3521 1949 20);,
3539 1875 3694 1949 sicut

2046 1956 2102 2004 et
2132 1944 2413 2004 Dominus
2434 1948 2579 2003 dixit
2599 1944 2781 2011 Petro}
2814 1949 2986 2019 Super
3014 1944 3155 2003 hanc
3171 1954 3379 2018 petram
3410 1944 3692 2016 aediﬁcabo

2044 2021 2343 2076 Ecclesium
2357 2037 2521 2075 meam
2543 2020 2759 2087 (Matth.
2778 2037 2893 2085 xw,
2918 2027 2931 2074 t
2947 2020 3022 2091 8).
3037 2019 3120 2074 Ab
3146 2020 3353 2073 oriente
3366 2022 3690 2091 portsetres,

2044 2091 2109 2146 ab
2129 2092 2376 2162 aquilone
2400 2097 2571 2162 portae
2593 2099 2719 2157 tres,
2754 2091 2819 2145 ab
2829 2087 3017 2146 austro
3027 2099 3202 2162 portae
3217 2098 3343 2162 (res,
3359 2088 3425 2144 ab
3439 2087 3691 2162 occiden-

2045 2170 2093 2218 te
2114 2159 2282 2234 portas
2311 2159 2455 2217 tres:
2487 2168 2545 2217 et
2573 2178 2717 2234 quia
2741 2164 2950 2234 civitas
2978 2159 3092 2234 ista
3143 2178 3279 2233 quae
3309 2159 3685 2224 describitur,

2048 2233 2300 2290 Ecclesia
2335 2237 2561 2290 esttoto
2589 2233 2733 2290 brbe
2759 2233 2997 2297 ditt‘usa,
3028 2233 3164 2289 ideo
3192 2248 3296 2303 per
3311 2236 3571 2303 quatuor
3584 2244 3691 2302 par

2047 2309 2133 2360 tes
2172 2306 2426 2361 civitatis
2459 2310 2639 2360 ternm
2672 2310 2857 2376 portie
2911 2320 3039 2376 esse
3074 2305 3374 2376 dicuntur,
3414 2303 3575 2376 quia
3593 2316 3691 2373 per

2045 2380 2196 2431 totas
2220 2383 2480 2447 quatuor
2520 2372 2716 2447 partes
2752 2374 3290 2447 mundi,Trinitatis
3318 2372 3688 2447 mysterium

2042 2448 2099 2503 iu
2142 2443 2399 2519 Ecclesia
2446 2443 2822 2519 praedicatur.
2866 2448 2939 2502 Et
2970 2463 3187 2519 murus,
3216 2445 3459 2519 ciuitatis
3498 2443 3693 2519 habens

2036 2517 2390 2590 fundamenta
2432 2515 2741 2586 duodecim,
2772 2524 2820 2572 et
2869 2535 3030 2590 super
3066 2535 3128 2573 ea
3155 2516 3428 2590 duodecim
3467 2515 3689 2590 nomina

2038 2586 2420 2661 Apostolorum
2455 2591 2642 2661 Agni:
2677 2590 2840 2662 quod
2873 2586 3013 2645 sunt
3056 2596 3264 2662 portae,
3305 2588 3419 2643 hoc
3469 2586 3693 2662 funda-

2043 2657 2271 2726 menta;
2313 2663 2475 2732 quod
2509 2657 2738 2725 civitas,
2784 2662 2899 2716 hoc
2939 2657 3171 2732 murus,
3235 2660 3350 2715 hoc
3399 2657 3687 2730 supellex.

2039 2733 2113 2786 Et
2167 2734 2262 2803 qui
2303 2731 2614 2803 loquebatur
2664 2748 2863 2787 mecum
2902 2731 3123 2786 habebat
3176 2747 3483 2787 mensuram
3521 2746 3688 2803 arun-

2037 2800 2252 2858 dineam
2281 2800 2502 2859 auream
2528 2804 2621 2858 :in
2649 2803 2946 2858 arundine
2973 2818 3175 2867 aurea,
3203 2802 3478 2858 homines
3500 2800 3690 2857 Eccle-

2040 2876 2143 2946 siae
2162 2875 2444 2938 ostendit,
2478 2873 2673 2943 fragili
2709 2874 2957 2946 quidem
2989 2873 3327 2946 cat'neLsed
3360 2888 3543 2946 aurea
3571 2870 3689 2927 ﬁde

2038 2944 2357 3009 fundatos;
2414 2946 2564 3016 sicut
2582 2942 2747 2999 dicit
2780 2945 3125 3016 Apostolus,
3175 2944 3443 3016 Habentes
3478 2942 3692 3016 thesau-
3736 2962 3741 2966 ο

2036 3032 2157 3070 rum
2215 3016 2276 3069 in
2330 3015 2469 3069 vasis
2522 3016 2785 3085 fictilibus
2832 3012 2900 3083 (ll
2952 3016 3078 3072 Cor.
3129 3033 3207 3080 1v,
3268 3017 3347 3085 7).
3386 3015 3457 3069 Et
3509 3012 3689 3085 supel-

2035 3089 2131 3144 lea:
2153 3085 2302 3142 muri
2331 3093 2384 3141 et
2408 3086 2608 3141 civitas
2631 3102 2829 3141 aurum
2856 3087 3134 3151 mundum,
3165 3085 3342 3141 simile
3368 3086 3514 3141 vitro
3539 3102 3694 3142 mun-
3736 3098 3755 3109 "

2033 3158 2099 3212 do
2128 3174 2141 3210 :
2176 3159 2432 3213 Ecclesia
2469 3158 2626 3213 enim
2657 3172 2840 3213 aurea
2875 3164 2984 3226 est,
3014 3156 3152 3229 quia
3186 3156 3349 3229 ﬁdes
3368 3156 3499 3226 ejus
3531 3157 3693 3211 velut

2038 3245 2251 3284 aurum
2292 3228 2565 3299 splendet
2592 3245 2606 3295 ;
2635 3229 2789 3283 sicut
2819 3226 3052 3299 septem
3079 3226 3466 3299 candelabra,
3498 3231 3571 3299 et_
3585 3242 3690 3283 ara

2036 3316 2219 3356 aurea
2247 3306 2301 3355 et
2326 3296 2544 3370 phialae
2573 3315 2770 3356 aureas
2795 3319 2809 3367 ;
2832 3296 2948 3354 hoc
2982 3305 3165 3355 totum
3197 3298 3519 3370 Ecclesiam
3540 3296 3691 3370 ﬁgu-

2033 3373 2202 3427 ravit.
2220 3368 2442 3427 Vitium
2468 3377 2669 3427 autem
2698 3372 2772 3427 ad
2803 3370 3120 3442 puritatem
3148 3368 3285 3425 ﬁdei
3309 3368 3523 3442 retulit,
3546 3368 3693 3442 quia

2034 3443 2197 3516 quod
2228 3442 2368 3498 foris
2402 3443 2653 3516 videtur,
2679 3443 2790 3498 hoc
2803 3439 2988 3516 'estet
3017 3443 3194 3516 intus,
3217 3446 3273 3497 et
3319 3440 3467 3516 nihil
3497 3439 3589 3516 est
3616 3439 3693 3516 si-

2038 3509 2352 3579 mulatum,
2387 3514 2493 3569 sed
2517 3521 2707 3569 totum
2737 3515 3119 3583 perspicuum
3153 3512 3215 3567 in
3248 3513 3464 3568 sanctis
3502 3509 3692 3566 Eccle—

2036 3586 2157 3640 siae.
2192 3585 2565 3641 Fundamenta
2593 3586 2743 3640 muri
2767 3584 3007 3640 civitatis
3041 3585 3189 3639 omni
3224 3583 3399 3654 lapide
3426 3583 3682 3652 pretiosi.

2035 3657 2472 3712 Fundamentum
2486 3659 2728 3726 primum
2736 3656 3234 3727 jaspis,secundum
3260 3654 3566 3724 sapphirus.
3583 3660 3692 3727 ter-

2039 3728 2173 3784 tium
2197 3724 2860 3798 chalcedonius,quartum
2884 3726 3484 3798 smaragdus,quintum
3504 3724 3694 3780 sardoo

2036 3801 2155 3865 nix,
2190 3807 2398 3854 sextum
2433 3798 2672 3865 sardius,
2706 3800 2995 3869 septimum
3046 3798 3418 3869 chrysolithus,
3450 3803 3693 3852 octavum

2039 3871 2285 3936 berillus,
2313 3886 2513 3925 nonum
2555 3871 2821 3941 topazius,
2849 3870 3109 3926 decimum
3143 3869 3565 3941 chrysoprasus,
3589 3884 3696 3941 un-

2036 3942 2300 4022 decimum
2325 3938 2679 4022 hyacinthus,
2714 3938 3095 4022 duodecimum
3130 3938 3458 4022 amethystus
3487 3955 3509 3995 .°
3533 3938 3690 4021 .ideo

2038 4010 2437 4069 diversitatem
2460 4029 2841 4082 gemmarum
2869 4013 2928 4069 in
2954 4010 3360 4069 fundamentis
3382 4010 3694 4067 nominare

2039 4084 2239 4149 voluit,
2258 4091 2319 4141 ut
2338 4087 2499 4140 dona
2519 4085 2897 4140 diversarum
2921 4086 3421 4155 gratiarum,quas
3442 4087 3694 4156 Aposto-

2037 4156 2109 4211 lis
2131 4157 2271 4212 data
2301 4165 2456 4219 sunt,
2478 4157 2944 4221 demonstraret;
2970 4157 3122 4212 sicut
3143 4156 3216 4211 de
3238 4156 3452 4221 Spiritu
3482 4157 3691 4208 sancto

2037 4227 2263 4282 dictum
2286 4298 2293 4299 ί
2313 4234 2419 4299 est,
2454 4227 2715 4283 Dividens
2744 4227 2975 4299 singulis
3002 4233 3169 4299 prout
3198 4224 3316 4280 vult
3347 4224 3392 4295 (Ι
3425 4224 3555 4279 Cor.
3596 4238 3690 4288 xu,

2040 4300 2151 4369 11).
2167 4299 2242 4354 Et
2262 4298 2536 4354 duodecim
2559 4297 2877 4374 margarith
2897 4297 3219 4374 singillatim
3242 4302 3327 4374 εει
3359 4308 3689 4374 unaquaeque

2034 4366 2199 4439 porta
2229 4378 2348 4425 erat
2373 4388 2439 4425 eac
2466 4387 2576 4425 una
2605 4366 2914 4439 mdrgarita
2944 4390 2962 4425 .-
2986 4366 3050 4424 'et
3081 4370 3137 4423 in
3170 4366 3294 4439 istis
3329 4366 3690 4439 margaritis,

2038 4434 2187 4496 sicut
2218 4443 2439 4496 dictum
2469 4448 2577 4504 est,
2623 4434 2940 4511 Apostolos
2984 4437 3365 4508 designavit;
3408 4436 3512 4507 qui
3558 4434 3692 4490 ideo

2038 4518 2223 4584 portae
2254 4513 2552 4576 dicuntur,
2581 4515 2723 4584 quia
2756 4527 2858 4584 per
2884 4511 3215 4584 doctrinam
3248 4524 3424 4584 suam
3456 4511 3692 4562 internas

2036 4581 2172 4638 vitae
2189 4584 2438 4651 januam
2462 4581 2841 4653 paudunt.Et
2862 4581 3039 4653 platea
3058 4581 3297 4653 civitatis
3319 4593 3691 4653 aurum‘mun-

2036 4649 2258 4721 dumput
2281 4649 2481 4708 vitrum
2494 4653 2843 4724 perspicuum
2858 4649 2878 4708 Ξ
2894 4660 2943 4707 et
2968 4652 3225 4724 templum
3240 4668 3345 4706 non
3371 4649 3487 4724 ridi
3516 4649 3577 4704 in
3596 4664 3657 4704 ea
3679 4670 3699 4718 ,-

2041 4725 2307 4779 Dominus
2340 4726 2482 4779 enim
2531 4724 2670 4780 Deus
2698 4726 3025 4793 omnipotens
3069 4723 3322 4793 templum
3361 4723 3475 4793 ejus
3521 4726 3596 4776 est
3640 4726 3691 4775 et

2036 4796 2223 4867 Agnus
2245 4797 2395 4853 :hoc
2417 4796 2570 4859 ideo,
2593 4795 2736 4867 quia
2763 4797 2816 4849 in
2843 4793 2956 4849 Deo
2983 4802 3072 4849 est
3104 4795 3378 4867 Ecclesia,
3404 4798 3466 4867 et_
3490 4793 3548 4847 in
3584 4793 3689 4847 Ec-

2036 4865 2217 4922 clesia
2264 4868 2437 4922 Deus.
2473 4865 2681 4923 Civitas
2710 4884 2816 4921 non
2866 4867 3076 4937 indiget
3105 4866 3220 4937 sole
3262 4882 3422 4937 neque
3450 4865 3600 4928 luna,
3629 4867 3691 4937 ut

2035 4941 2254 4996 luceant
2282 4939 2339 5010 in
2364 4956 2425 4993 ea
2441 4939 2617 5010 :quia
2639 4955 2758 5010 non
2788 4937 2846 4993 lu
2858 4933 3013 4993 mine
3031 4944 3134 4993 aut
3155 4933 3462 5010 elementis
3478 4933 3694 5010 mundi

2036 5012 2257 5080 regitur
2288 5006 2566 5073 Ecclesia,
2594 5009 2694 5063 sed
2727 5009 2952 5065 Christo
2974 5013 3198 5065 aeterno
3227 5009 3352 5080 sole
3377 5006 3691 5080 deducitur

2037 5077 2144 5153 per
2178 5081 2383 5153 mundi
2417 5081 2713 5153 tenebras.
2749 5080 2999 5139 Claritas
3037 5079 3313 5153 enimADei
3351 5077 3690 5153 illu_minavit

2036 5149 2150 5207 eam
2173 5171 2193 5208 :
2214 5158 2263 5206 et
2295 5152 2515 5207 lucerna
2545 5152 2657 5221 ejus
2676 5151 2863 5222 Agnus
2882 5159 2954 5206 est
2970 5153 3135 5223 :ipso
3164 5151 3413 5223 dicente.
3429 5149 3546 5219 Ego
3572 5163 3691 5223 sum

2039 5224 2215 5279 lumen
2236 5223 2425 5277 mundi
2456 5219 2634 5295 (Joan.
2665 5219 2785 5286 vui,
2818 5223 2905 5295 42)
2932 5240 2945 5290 ;
2978 5219 3292 5295 et'iterum,
3316 5222 3431 5291 Ego
3459 5235 3576 5295 sum
3608 5219 3694 5273 lu-

2036 5312 2154 5350 men
2179 5311 2392 5359 verum,
2416 5292 2553 5359 quod
2579 5293 2854 5348 illuminat
2873 5292 3075 5349 omnem
3106 5294 3371 5349 hominem
3396 5292 3696 5345 venientem

2038 5366 2097 5420 in
2117 5366 2255 5422 hunc
2270 5360 2525 5421 mundum
2549 5365 2654 5437 (Id.
2676 5383 2713 5428 ι,
2731 5366 2806 5425 9).
2831 5364 3187 5421 Ambulabunt
3206 5371 3388 5435 gentes
3410 5362 3468 5437 in_
3490 5360 3693 5437 lumine

2038 5438 2167 5508 ejus.
2192 5453 2380 5509 usque
2408 5437 2473 5509 iu
2497 5432 2699 5509 tinem.
2720 5438 2797 5509 Et
2816 5453 2963 5509 reges
2988 5444 3153 5492 terra
3167 5432 3397 5509 afferent
3413 5432 3645 5509 gloriam
3674 5448 3692 5486 :

2040 5503 2206 5578 reges
2235 5503 2422 5565 terrae.
2456 5508 2608 5563 filios
2640 5508 2739 5563 Dei
2768 5503 2924 5563 dicit.
2960 5509 3021 5562 Et
3052 5503 3227 5578 portae
3264 5508 3378 5575 ejus
3408 5503 3516 5560 non
3544 5503 3691 5559 clau-

2036 5579 2236 5635 dentur
2259 5579 2367 5634 die.
2396 5579 2523 5634 No.1:
2546 5581 2687 5651 enim
2713 5579 2790 5634 ibi
2808 5595 2917 5633 non
2945 5585 3255 5652 est:usque
3286 5580 3344 5634 in
3373 5583 3686 5633 aeternum.

2100 5671 2115 5701 ¹
2152 5668 2269 5724 Ms.,
2304 5666 2659 5718 Patriarchas.

2101 5731 2174 5793 (a)
2208 5730 2351 5780 Alias
2385 5731 2456 5781 18.
