4158 6204
404 106 543 158 2179

455 240 559 289 que
586 226 639 274 in
666 224 883 289 eosdem
909 223 1198 272 l’hariszeos
1216 235 1251 289 a7
1264 223 1491 289 Domino
1517 222 1690 277 dictis,
1711 224 1891 289 utrum

457 284 631 337 s'ermo
659 287 886 335 Matthazi
910 289 1168 347 congruat
1190 286 1305 335 aliis
1331 285 1559 341 duobus,
1589 289 1641 332 et
1663 284 1891 332 maxime

458 351 731 412 Lucm.qui
765 363 870 397 non
886 350 984 397 hoc
1003 349 1203 399 ordine.
1233 347 1322 395 sed
1356 348 1479 396 alibi
1509 347 1733 394 similem
1756 360 1896 394 com-

463 408 744 463 memorht.
1920 408 2049 455 Ibid.

398 476 620 524 LXXVI.
671 474 799 522 Cum
861 472 1237 535 prmnuntiavit
1284 471 1465 535 templi
1511 471 1862 535 eversionem,

460 536 729 599 quomodo
742 536 859 584 aliis
873 534 1082 582 duobus
1097 534 1345 599 narrandi
1362 534 1547 599 ordine
1561 538 1843 599 Congruat.
1930 534 2051 580 1149

398 594 650 650 LXXVII.
690 598 761 645 De
791 611 1035 644 sermone
1061 610 1219 657 quem
1246 594 1427 643 habuit
1459 598 1510 643 in
1532 594 1709 643 monte
1725 597 1897 645 ()live-

462 663 516 715 ti,
550 659 909 722 quaerentibus
944 658 1218 722 discipulis
1246 658 1463 722 quando
1516 660 1613 706 erit
1643 672 1889 707 consum-

464 720 1105 784 matio,quemadmodum
1128 724 1230 767 tres
1247 721 1330 784 isti
1348 723 1491 784 inter
1508 735 1562 768 se
1577 724 1893 773 congruant.
1933 720 2052 767 1150

400 783 677 835 LXXVIII.
698 784 1289 841 Quodcommemorant
1315 783 1593 830 Mutthieus
1620 788 1669 830 et
1693 784 1896 830 Marcus

461 850 582 898 ante
620 846 841 893 biduum
892 844 1085 892 futura!
1142 845 1369 900 Paschm,
1409 850 1459 892 et
1494 849 1679 907 postea
1712 845 1898 892 dicunt

463 908 605 972 quod
641 910 690 972 in
726 907 978 972 Bethania
1010 907 1125 972 fuit,
1159 907 1430 972 quomodo
1467 922 1573 955 non
1638 911 1899 972 repugnet

462 969 673 1025 J'oanni,
688 969 914 1032 quicum
935 970 1061 1031 ipsis
1076 975 1253 1017 narrat
1270 970 1369 1017 hoc
1384 970 1524 1032 idem
1536 970 1679 1031 quod
1701 970 1837 1017 factu
1849 984 1896 1016 m

464 1037 543 1081 est
570 1033 621 1079 in
650 1031 920 1086 Bethania,
959 1036 1011 1079 et
1038 1032 1185 1086 dicit,
1223 1032 1353 1078 Ante
1373 1046 1457 1078 sex
1474 1031 1575 1078 dies
1596 1033 1823 1079 Paschw.

401 1095 626 1146 LXXIX.
656 1094 723 1143 De
748 1108 897 1141 cmna
921 1094 972 1141 in
992 1094 1266 1145 Bethania.
1292 1094 1378 1141 ubi
1405 1094 1595 1142 mulier
1619 1098 1895 1155 unguento

463 1158 693 1221 pretioso
744 1156 1029 1221 Dominum
1067 1156 1315 1221 perfudit,
1351 1157 1622 1221 quomodo
1674 1158 1811 1205 inter
1842 1170 1895 1203 se

464 1218 741 1280 congruan
764 1218 1086 1272 tMatthteus,
1120 1218 1324 1267 Marcus
1350 1218 1668 1271 etJoannes,
1692 1222 1743 1265 et
1772 1232 1901 1280 quo-

469 1280 631 1330 modo
666 1282 821 1329 Luca:
854 1294 961 1329 non
1004 1281 1354 1329 adversentur
1400 1281 1505 1329 tale
1555 1281 1756 1343 aliquid
1796 1280 1899 1328 alio

466 1349 704 1406 tempore
731 1344 1190 1391 commemoranti.

403 1405 601 1458 LXXX.
638 1405 732 1454 Ubi
765 1406 925 1453 mittit
959 1406 1248 1467 discipulos
1271 1409 1329 1452 ut
1354 1409 1653 1466 praeparent
1684 1405 1729 1451 ei
1758 1417 1904 1452 man-

466 1469 659 1516 ducare
680 1468 895 1521 Pascha,
925 1467 1346 1527 quomodointer
1376 1482 1428 1514 se
1448 1470 1745 1528 congruant
1778 1467 1903 1513 Mat-

468 1531 656 1584 thmus,
686 1530 890 1577 Marcus
922 1535 972 1578 et
999 1530 1190 1580 Lucas.

410 1593 564 1641 Lmen
591 1606 817 1638 manus.
865 1618 923 1625 ——
959 1591 1417 1651 I'lvangelistarum
1454 1604 1484 1638 a
1518 1604 1683 1638 omne:
1724 1604 1904 1638 narra-

469 1654 612 1701 tione
642 1654 706 1701 ad
731 1652 1172 1715 Evangeliiﬁnem
1199 1652 1499 1707 concordia,
1520 1652 1711 1701 collato
1743 1652 1902 1700 simul

467 1716 759 1777 ordineque
776 1714 982 1777 digesto
1002 1715 1336 1776 singulorum
1360 1717 1631 1769 contextu,
1661 1714 1907 1764 demons-

470 1781 659 1825 tratur.
1797 1777 2062 1825 1157-1158

406 1858 568 1905 Cum
588 1872 795 1919 saluum.
830 1856 901 1905 De
931 1869 1084 1905 cmna
1108 1857 1335 1912 Domini,
1361 1860 1409 1905 et
1433 1857 1497 1905 de
1524 1870 1775 1919 expresso
1808 1860 1905 1905 tra-

468 1920 638 1967 ditore
658 1918 788 1980 ejus,
809 1919 1263 1980 quemadmodum
1286 1920 1424 1967 inter
1446 1934 1500 1967 se
1525 1918 1756 1981 quatuor
1785 1933 1905 1967 con-

471 1982 715 2033 veniant.

409 2043 474 2091 II.
520 2043 592 2091 De
628 2044 882 2105 praedicta
924 2044 1210 2106 negatione
1258 2043 1410 2095 Petri.
1448 2044 1905 2105 quemadmodum

469 2106 827 2177 ostendantur
858 2106 988 2177 nihil
1026 2108 1244 2177 interse
1268 2119 1584 2177 repugnare.

409 2167 493 2215 III.
527 2169 598 2217 De
632 2168 712 2216 his
743 2182 863 2231 qua:
890 2169 1031 2217 dicta
1065 2172 1243 2217 sunta
1273 2167 1511 2231 Domino
1535 2168 1704 2217 donec
1741 2169 1906 2231 exiret

471 2232 536 2294 de
566 2231 726 2279 domo
762 2229 859 2278 ubi
888 2235 1249 2285 coenaverant,
1286 2230 1741 2294 quemadmodum
1775 2229 1905 2278 nihil

468 2293 767 2355 discrepare
796 2297 1179 2341 monstrentur.

409 2364 491 2411 IV.
518 2363 590 2412 De
615 2363 696 2411 his
718 2378 839 2425 qua:
871 2367 1019 2425 gesta
1043 2368 1168 2411 sunt
1197 2365 1248 2410 in
1278 2364 1367 2413 illo
1394 2363 1592 2425 praedio
1621 2363 1703 2411 vel
1733 2363 1903 2413 horto.

469 2440 648 2488 quoex
666 2425 753 2472 illa
770 2426 930 2473 domo
960 2430 1077 2487 post
1100 2440 1305 2473 coenam
1327 2430 1602 2483 venerunt,
1634 2426 1905 2487 quomodo

472 2489 651 2542 trium,
678 2488 729 2534 id
763 2492 841 2535 est
868 2488 1117 2542 Matthcei,
1152 2489 1309 2535 Marci
1340 2492 1389 2535 et
1430 2488 1581 2535 Lucae
1612 2502 1907 2536 consonan-

471 2551 541 2597 tia
576 2550 991 2613 demonstretur,
1024 2551 1281 2613 quoniam
1304 2550 1539 2613 Joannes
1556 2551 1731 2598 dehoc
1753 2553 1906 2613 tacet.
1941 2550 2059 2596 1164

408 2613 468 2659 V.
507 2614 573 2660 De
602 2612 682 2659 his
713 2626 831 2675 quae
868 2614 918 2659 in
943 2612 1055 2672 ejus
1083 2612 1507 2675 apprehensione
1526 2612 1664 2660 facta
1695 2616 1745 2659 et
1766 2612 1907 2675 dicta

469 2688 657 2723 omnes
704 2674 1453 2737 commemorant,’quomodo
1499 2675 1636 2722 inter
1671 2688 1725 2722 se
1778 2674 1904 2721 nihil

470 2742 727 2798 appareat
762 2738 1062 2784 dissentire.

408 2796 593 2847 VIIDc
625 2799 705 2846 his
733 2813 850 2860 qun.-
881 2802 1026 2859 gesta
1050 2802 1306 2860 suntcum
1340 2796 1623 2846 duceretur
1651 2798 1904 2845 Dominus

470 2861 536 2908 ad
568 2859 788 2907 domum
824 2860 1077 2922 principis
1100 2859 1454 2922 sacerdotum,
1488 2864 1541 2907 et
1569 2874 1687 2922 quae
1716 2860 1765 2906 in
1790 2861 1904 2922 ipsa

471 2922 631 2971 domo
668 2935 789 2969 cum
809 2920 963 2969 nocte
994 2920 1282 2984 perductus
1312 2926 1466 2976 esset,
1505 2926 1555 2969 et
1587 2920 1822 2969 maxime
1840 2923 1904 2970 de

472 2984 607 3031 Petri
633 2984 936 3045 negatione,
979 2984 1435 3047 quemadmodum
1472 2986 1609 3032 inter
1634 2998 1687 3031 se
1718 2998 1904 3033 omnes

471 3049 793 3107 congruunt.
1941 3048 2060 3094 1168

410 3114 515 3162 VII.
542 3115 612 3180 De
644 3115 724 3163 his
751 3130 868 3179 qum
902 3130 1058 3180 mane
1076 3119 1227 3180 gesta
1244 3118 1713 3180 sunt,priusquam
1738 3117 1903 3165 Pilato

470 3178 783 3233 traderetur,
825 3178 1096 3240 quomodo
1129 3178 1477 3233 Evangelis’tm
1526 3178 1664 3228 inter
1706 3195 1759 3227 se
1795 3193 1901 3227 nou

470 3240 769 3304 discrepent
812 3255 824 3292 ς
856 3240 1000 3304 et7de
1033 3241 1593 3290 testimonioJeremim
1618 3243 1761 3304 quod
1778 3241 1903 3289 Mat-

468 3302 639 3374 thieus
670 3307 888 3374 propter
909 3303 1121 3374 Domini
1148 3306 1373 3374 pretium
1411 3302 1899 3374 interposuit,7cum

470 3364 569 3414 hoc
582 3366 633 3413 in
648 3364 887 3428 ejusdem
905 3364 1173 3428 prophetae
1188 3366 1459 3428 Scriptura
1471 3364 1577 3414 non
1593 3368 1911 3414 inveniatur.

411 3428 544 3476 VIII.
580 3428 650 3475 De
672 3428 757 3492 his
793 3442 910 3490 qum
952 3428 1359 3492 apudPilatum
1404 3433 1552 3491 gesta
1596 3433 1739 3489 sunt,
1776 3443 1903 3492 quo-

471 3492 632 3539 modo
668 3491 806 3538 inter
832 3504 886 3538 se
911 3490 1038 3537 nihil
1068 3490 1403 3539 dissentiant.

409 3560 490 3607 IX.
526 3560 596 3608 De
633 3560 879 3609 illusione
914 3574 1021 3623 qua
1057 3560 1243 3608 illusus
1289 3566 1367 3609 est
1411 3574 1442 3609 a
1479 3560 1691 3610 cohorte
1737 3559 1901 3614 Pilati,

468 3624 740 3684 quomodo
797 3637 906 3671 non
963 3624 1239 3671 dissonent
1273 3627 1376 3671 tres
1419 3625 1510 3685 qui
1565 3624 1664 3671 hoc
1698 3624 1899 3678 dicunt,

469 3685 768 3738 Mattliazus,
803 3687 1009 3733 Marcus
1046 3689 1097 3733 et
1124 3685 1374 3733 Joannes.

407 3747 465 3795 X.
499 3748 778 3805 Quomodo
791 3761 897 3797 non
922 3751 1182 3810 repugnet
1208 3748 1351 3810 quod
1379 3747 1677 3805 Matthzeus,
1697 3749 1902 3796 Marcus

469 3812 519 3858 et
552 3810 717 3858 Lucas
747 3811 1085 3872 angariatum
1128 3810 1327 3865 dicunt,
1374 3811 1463 3873 qui
1513 3814 1747 3873 portaret
1788 3810 1901 3870 ejus

468 3885 698 3926 crucem,
731 3886 852 3920 cum
883 3873 1117 3921 Joannes
1138 3872 1279 3921 dicat
1294 3872 1435 3935 quod
1468 3872 1585 3921 eam
1618 3873 1901 3935 Jesusipso

507 3935 777 3982 ortaverit.

407 3994 489 4042 XI.
532 3994 600 4043 De
638 4000 765 4058 potu
798 4010 956 4058 quem
981 3996 1305 4045 dederuntei
1330 3998 1641 4058 priusquam
1673 4011 1899 4046 comme-

470 4062 678 4120 morata
703 4063 842 4105 esset
872 4058 985 4119 ejus
1006 4058 1298 4113 cruciﬁxio,
1327 4059 1595 4120 quomodo
1617 4062 1902 4108 conveniat

469 4119 608 4167 inter
635 4120 943 4168 Matthaeum
980 4124 1029 4168 et
1066 4120 1319 4167 Marcum.

405 4182 517 4233 XII.
557 4181 628 4230 De
672 4182 931 4231 divisione
978 4183 1416 4231 vestimentorum
1444 4183 1576 4244 ejus,
1627 4185 1898 4246 quomodo

468 4245 607 4292 inter
640 4259 694 4293 se
727 4258 913 4293 omnes
946 4245 1282 4293 conveniant.

403 4306 534 4354 XIII.
574 4307 644 4370 De
672 4306 802 4355 hora
833 4306 1113 4370 dominicae
1136 4308 1414 4367 passionis,
1441 4308 1898 4370 quemadmodum

468 4382 574 4416 non
602 4369 740 4434 inter
756 4384 810 4417 se
840 4369 1383 4419 dissentiantMarcus
1405 4369 1718 4425 et’Joannes,
1746 4386 1897 4434 prop-

466 4434 545 4478 ter
576 4433 783 4478 tertiam
817 4435 867 4479 et
902 4436 1130 4484 sextam.

402 4492 538 4546 XIV.
572 4493 643 4559 De
675 4493 1332 4559 duobuslatronibuscum
1363 4494 1451 4543 illo
1470 4494 1749 4549 cruciﬁxis,
1771 4509 1898 4559 quo-

468 4555 625 4604 modo
656 4570 839 4604 omnes
874 4556 1215 4605 concordent.

402 4618 507 4665 XV.
544 4619 615 4667 De
650 4618 730 4666 his
760 4619 850 4681 qui
894 4619 1116 4667 DOmino
1162 4618 1572 4674 insultavcrunt,
1621 4620 1892 4681 quomodo

464 4680 671 4729 interse
705 4680 1002 4729 consonent
1033 4680 1330 4735 Matthmus,
1364 4681 1569 4729 Marcus
1602 4680 1649 4731 et
1678 4682 1861 4729 Lucas.
1932 4684 2050 4731 1190

404 4742 532 4790 XVI.
550 4744 621 4791 De
642 4743 908 4806 latronum
934 4743 1293 4806 insultatione,
1317 4744 1587 4805 quomodo
1606 4758 1711 4792 non
1746 4759 1895 4806 repu-

466 4809 631 4866 gnent
660 4805 936 4853 Mattheus
968 4810 1017 4855 et
1050 4805 1253 4854 Marcus
1278 4806 1553 4868 μυρίη,αυὶ
1578 4805 1891 4854 dixitunum

464 4880 647 4916 eorum
686 4868 987 4927 insultasse,
1022 4869 1183 4916 alium
1214 4868 1520 4916 credidisse.

398 4930 549 4978 XVII.
582 4930 651 4978 De
680 4934 807 4993 potu
833 4931 985 4985 aceti,
1008 4932 1280 4994 quomodo
1307 4932 1443 4978 inter
1473 4945 1527 4979 se
1558 4944 1744 4979 omnes
1773 4946 1893 4980 con-

461 4994 712 5041 sentiant.

397 5060 580 5116 XVIII,
612 5063 683 5111 De
714 5064 931 5111 vocibus
948 5064 1154 5112 Domini
1179 5077 1313 5126 quas
1330 5064 1584 5111 continuo
1606 5065 1892 5113 moriturus

458 5126 651 5181 emisit,
692 5127 964 5188 quomodo
1020 5140 1125 5173 non
1177 5130 1475 5188 repugnent
1519 5126 1793 5175 Matthmus
1842 5132 1894 5176 et

460 5140 651 5181 eunsu,
692 5140 964 5235 (LIIOIDOIIO
1020 5140 1125 5173 non
1177 5140 1466 5188 repugnent

460 5188 664 5237 Marcus
745 5204 872 5242 ucm,
906 5193 957 5237 et
986 5190 1084 5249 ipsi
1124 5193 1227 5237 tres
1256 5188 1466 5237 Joanni.

395 5248 527 5299 XIX.
566 5252 635 5298 De
667 5252 921 5299 scissione
959 5248 1056 5299 veli
1096 5252 1367 5313 quomodo
1414 5266 1519 5299 non
1574 5252 1893 5301 dissentiant

457 5313 799 5377 Mattbmuset
818 5313 1026 5362 Marcus
1053 5314 1367 5377 aLuca,quo
1392 5314 1575 5362 ordine
1591 5314 1787 5362 factum
1809 5316 1893 5362 sit.
1912 5315 2040 5363 Ibid.

393 5374 503 5438 XX.
539 5376 609 5424 De
641 5376 991 5425 admiratione
1021 5374 1349 5431 centurionis
1379 5381 1429 5425 et
1450 5382 1736 5438 eorumqui
1769 5392 1889 5425 cum

456 5437 544 5501 il_lo
575 5442 743 5493 erant,
798 5439 1069 5501 quomodo
1120 5440 1257 5487 inter
1296 5454 1349 5488 se
1384 5437 1722 5487 consentiunt
1758 5441 1889 5489 Mat-

458 5498 647 5554 tha‘us,
682 5498 884 5550 Marcus
904 5506 955 5549 et
988 5502 1170 5550 Lucas.

392 5566 642 5635 XXI.7[7)e
700 5573 1011 5621 mulieribus
1050 5588 1170 5635 qua:
1219 5574 1290 5622 ibi
1338 5574 1568 5627 stabant,
1617 5573 1887 5635 quomodo

453 5629 750 5689 Mattheeus,
779 5635 986 5684 Marcus
1021 5629 1082 5684 et.
1110 5636 1294 5693 Lucas,
1332 5638 1421 5700 qui
1458 5629 1707 5686 dixerunt
1740 5649 1828 5683 eas
1855 5648 1887 5684 a

1928 1031 2048 1077 1152

1937 1343 2055 1389 1154

1938 1529 2057 1575 1156

1918 1981 2051 2033 Ibid.

1916 2106 2053 2153 Ibid.

1944 2293 2062 2339 1163

1942 2737 2060 2782 1166

1938 3368 2058 3414 1173

1940 3492 2059 3538 1176

1936 3685 2051 3734 1181

1938 3935 2057 3983 1182

1922 4122 2050 4169 Ibid.

1933 4249 2052 4295 1183

1917 4434 2050 4482 Ibid.

1932 4560 2051 4607 1189

1918 4870 2047 4919 Ibid.

1930 4996 2043 5043 1191

1926 5193 2047 5239 1192

1926 5504 2043 5550 1193

1852 97 2060 151 INDEX
2111 96 2394 153 RERUM.

3678 103 3829 159 2480

2220 222 2378 282 longe
2409 221 2638 277 stetisse,
2663 234 2770 271 non
2797 225 3100 285 repugnent
3124 221 3336 285 Joanni,
3373 222 3464 284 qui
3490 224 3660 274 nomi-

2221 285 2371 331 navit
2406 296 2569 332 unam
2597 297 2778 332 earum
2804 284 2959 345 juxta
2982 297 3194 333 crucem
3220 284 3448 332 stetisse.

2162 346 2319 396 XXII.
2355 345 2424 393 De
2440 346 2634 409 Joseph
2661 348 2750 408 qui
2778 361 2973 408 corpus
3005 346 3215 395 Domini
3247 347 3399 409 petiit
3420 349 3451 393 ἐι
3475 345 3657 403 Pilato,

2219 408 2491 517 :junmodo
2505 422 2691 457 omnes
2708 410 3063 466 consentiant,
3077 414 3127 457 et
3139 408 3412 471 quomodo
3434 422 3468 458 a
3488 410 3660 471 seipso

2253 485 2454 517 oennes
2486 484 2592 517 non
2624 470 2921 517 dissentiat.

2253 485 2454 518 Osnncs
2486 484 2592 519 non
2624 470 2921 519 dissentiat.

2160 532 2338 580 XXIII.
2370 532 2437 596 De
2467 534 2743 595 sepultura
2782 534 2915 595 ejus,
2953 532 3223 596 quomodo
3257 537 3365 581 tres
3396 547 3427 581 a
3456 532 3661 583 Joanne

2222 608 2328 642 non
2358 595 2697 647 dissentiaut.

2160 656 2335 704 XXIV.
2359 658 2427 705 De
2461 658 2538 703 his
2563 672 2683 719 quae
2709 657 2847 706 circa
2883 659 3095 720 tempus
3125 658 3533 707 resurrectionis
3573 658 3665 707 Do-

2225 720 2352 765 mini
2383 720 2521 783 tacta
2555 723 2700 774 sunt,
2729 720 3192 783 quemadmodum
3227 733 3414 769 omnes
3450 734 3559 769 non
3592 721 3669 770 in-

2224 786 2304 829 ter
2334 796 2387 829 se
2422 781 2759 830 dissentiant:

2162 843 2316 892 XXV.
2346 844 2401 891 In
2429 858 2490 907 eo
2521 844 2664 907 quod
2696 858 2750 893 se
2772 848 2957 907 postea
2977 844 3254 907 discipulis
3284 845 3660 899 manifestavit.

2223 906 2493 968 quomodo
2524 906 2622 954 sibi
2646 906 2831 955 omnes
2858 906 3212 968 EvangeliStm
3238 920 3349 955 non
3386 908 3664 956 adversen-

2224 973 2327 1023 tur,
2350 969 2540 1032 colatis
2571 970 2888 1018 testimoniis
2914 972 2965 1018 et
2988 969 3053 1017 de
3078 969 3322 1032 apostolo
3347 969 3505 1019 Paulo
3530 974 3579 1017 et
3602 969 3667 1017 de

2229 1031 2445 1078 Actibus
2478 1032 2879 1093 Apostolorum.

2165 1093 2322 1157 Lmen
2346 1108 2587 1157 Qum'rps.
2622 1094 2770 1142 —De
2801 1094 2863 1141 iis
2885 1108 3001 1157 quas
3024 1094 3316 1157 peculiaria
3338 1098 3462 1142 sunt
3487 1094 3667 1157 Marci,

2227 1155 2379 1204 Luca:
2413 1159 2464 1203 et
2498 1155 2739 1204 Joannis.
2905 1155 2916 1157 “
3027 1155 3037 1157 ⁷
3550 1156 3829 1203 1215-1216

2164 1216 2327 1265 Cum
2360 1232 2568 1265 νεωωκ.
2590 1219 2644 1265 In
2682 1217 2967 1279 Evangelia
2989 1218 3170 1273 Marci,
3198 1218 3430 1280 exceptis
3448 1217 3529 1265 his
3550 1233 3671 1280 qua:

2226 1294 2347 1343 cum
2374 1280 2621 1328 Μαιωωο
2639 1280 2789 1335 dixit,
2820 1279 3092 1343 quomodo
3123 1279 3670 1343 nullarepugnantia

2227 1341 2641 1406 demonstretur,
2672 1341 2924 1406 abinitio
2968 1357 3139 1406 usque
3170 1344 3235 1391 ad
3268 1342 3399 1406 illud
3439 1341 3659 1406 ubiait.

2230 1403 2291 1451 Et
2316 1404 2681 1463 ingrediuntur
2724 1403 3111 1465 Capharnauin,
3160 1410 3203 1452 et
3238 1405 3414 1453 statim
3444 1404 3670 1452 sabbatis

2228 1465 2433 1530 docebat
2464 1481 2561 1520 eos,
2601 1467 2746 1530 quod
2772 1481 2893 1515 eum
2920 1467 3063 1516 Luca
3089 1466 3238 1517 dicit.
3267 1529 3274 1530 7
3410 1528 3416 1530 7
3558 1467 3831 1513 1216-1217

2168 1528 2225 1575 II.
2261 1528 2333 1576 De
2360 1528 2575 1577 homine
2598 1528 2631 1577 a
2660 1544 2767 1592 quo
2794 1530 3013 1592 spiritus
3035 1529 3350 1592 immundus
3375 1528 3575 1590 ejectus
3592 1534 3672 1577 est

2229 1604 2535 1656 convexans
2556 1590 2697 1646 eum,
2731 1590 3001 1653 quomodo
3036 1592 3189 1640 Luca:
3218 1591 3310 1656 qui
3332 1590 3434 1641 hoc
3455 1606 3577 1640 cum
3607 1605 3671 1639 eo

2229 1652 2379 1708 dixit,
2411 1667 2515 1702 non
2539 1652 2819 1716 repugnet.

2169 1714 2250 1761 III.
2297 1716 2365 1763 De
2399 1714 2613 1764 nomine
2642 1714 2794 1770 Petri,
2820 1715 3090 1779 quomodo
3126 1717 3288 1779 etiam
3317 1719 3478 1779 atque
3508 1716 3671 1779 etiam

2230 1779 2658 1841 commendetur,
2689 1792 2796 1827 non
2827 1778 3126 1841 repugnare
3163 1778 3373 1833 Joanni,
3394 1778 3496 1841 ’qui
3532 1778 3665 1827 dixit

2230 1840 2447 1903 quando
2483 1840 2581 1889 hoc
2609 1854 2805 1903 nomen
2828 1840 3054 1903 accepit.

2171 1901 2255 1949 IV.
2281 1901 2430 1959 Quod
2450 1903 2599 1956 dixit,
2617 1902 2816 1960 Quanto
2842 1901 3001 1963 magis
3018 1903 3088 1951 eis
3105 1902 3436 1964 prwcipiebat
3466 1907 3521 1950 ut
3541 1907 3666 1950 tace-

2229 1970 2361 2019 rent,
2392 1969 2532 2012 tanto
2560 1966 2722 2027 magis
2745 1966 2858 2025 plus
2884 1965 3132 2019 dicebant,
3160 1963 3431 2027 quomodo
3457 1978 3564 2013 non
3596 1978 3675 2012 re-

2232 2030 2435 2089 pugnet
2484 2029 2827 2091 prazscieutia:
2878 2028 3064 2091 ipsius,
3114 2042 3231 2090 qua:
3276 2027 3332 2075 in
3396 2027 3670 2089 .vangelio

2231 2089 2655 2138 commendatur.

2172 2150 2234 2197 V.
2265 2152 2344 2214 De
2380 2166 2484 2213 quo
2509 2152 2775 2212 suggessit
2795 2151 3049 2209 Joannes,
3073 2150 3216 2214 quod
3239 2152 3294 2199 in
3314 2151 3532 2214 nomine
3558 2150 3674 2212 ejus

2231 2212 2443 2275 ejiceret
2469 2214 2734 2261 daemonia
2768 2228 2875 2263 non
2922 2212 3155 2262 sociatus
3191 2212 3487 2275 discipulis,
3515 2217 3568 2261 et
3596 2214 3673 2259 di-

2234 2274 2326 2329 xit,
2355 2275 2525 2323 Nolite
2548 2276 2820 2336 prohibere
2840 2291 2919 2324 eos
2945 2294 2961 2322 :
2987 2276 3220 2338 quienim
3250 2274 3431 2324 contra
3451 2289 3537 2324 vos
3564 2290 3671 2338 non

2230 2341 2318 2392 est,
2372 2352 2467 2401 pro
2516 2338 2657 2401 vobis
2692 2343 2762 2386 est
2787 2337 3112 2401 :7quomodo
3156 2352 3265 2386 non
3304 2341 3568 2401 repugnet
3598 2337 3676 2387 illi

2231 2400 2508 2447 sententiae
2543 2400 2630 2449 ubi
2665 2401 2756 2456 ait,
2799 2400 2896 2459 Qui
2926 2415 3031 2448 non
3074 2414 3263 2449 mecum
3312 2400 3400 2456 est,
3431 2400 3675 2448 adversus

2231 2477 2307 2507 me
2338 2466 2428 2509 est.

2171 2522 2433 2587 V1.7Quod
2462 2524 2826 2587 inoccasione
2848 2523 3007 2586 hujus
3031 2525 3121 2587 qui
3152 2524 3204 2571 in
3227 2524 3443 2587 nomine
3460 2523 3673 2587 7Christi

2231 2586 2475 2647 ejiciebat
2504 2586 2789 2641 daemonia.
2818 2586 3066 2649 quamvis
3102 2600 3220 2635 cum
3248 2586 3528 2649 discipulis
3559 2600 3670 2634 non

2232 2652 2562 2712 sequeretur,
2594 2650 2797 2697 Marcus
2834 2647 3069 2711 amplius
3104 2662 3265 2712 quam
3294 2647 3466 2712 Lucas
3499 2648 3676 2712 Domi-

2230 2724 2358 2773 num
2387 2711 2581 2759 dixisse
2636 2712 2890 2765 narravit.
2927 2710 3199 2773 quomodo
3252 2710 3569 2759 ostendatur
3604 2710 3673 2757 ad

2230 2772 2329 2837 hoc
2362 2774 2536 2837 ipsum
2570 2774 2834 2837 pertinere
2872 2772 3017 2837 quod
3042 2774 3195 2837 illum
3220 2774 3289 2837 in7
3324 2772 3541 2822 nomine
3569 2786 3667 2821 suo

2230 2835 2480 2883 virtutem
2507 2835 2794 2884 facientem
2833 2835 3001 2885 vetuit
3024 2835 3318 2899 prohiberi.

2168 2905 2278 2969 VII.
2318 2906 2450 2954 Hinc
2467 2920 2635 2969 usque
2652 2907 2719 2955 ad
2737 2920 2945 2956 ccenam
2967 2908 3177 2956 Domini
3197 2906 3339 2955 unde
3360 2907 3540 2955 omnia
3560 2920 3674 2955 om-

2229 2968 2379 3015 nium
2437 2968 2761 3017 conSiderari
2794 2974 3094 3032 cmperunt,
3135 2969 3341 3018 nullam
3378 2969 3441 3018 de
3493 2970 3670 3018 Marco

2228 3033 2578 3139 quaestionem
2610 3045 2724 3080 esse
2750 3036 3050 3080 tractatam.

2228 3093 2231 3137 l
2265 3093 2303 3139 I.
2342 3092 2412 3139 De
2430 3093 2583 3139 Lucm
2605 3094 2908 3139 Evangelio.
2929 3093 3201 3139 auomodo
3216 3094 3539 3139 principium
3554 3094 3597 3139 ei

2167 3092 2303 3139 VIII.
2342 3092 2412 3140 De
2430 3093 2583 3141 Luca)
2605 3094 2908 3156 Evangelio,
2929 3093 3201 3156 quomodo
3216 3094 3539 3156 principium
3554 3094 3597 3155 ej
3608 3107 3669 3141 us

3696 288 3822 335 1191

3690 474 3821 521 1195

3684 596 3827 644 Ibid.

3700 784 3827 831 1196

3706 1032 3827 1079 1203

3703 1653 3834 1700 1217

3689 1838 3836 1887 Ibid.

3706 2088 3839 2136 1218

3710 2461 3835 2507 1219

3706 2834 3837 2882 1220

3706 3031 3832 3079 1221

2228 3155 2784 3226 copgruatprincipio
2815 3155 3194 3226 17ibri’Actuurn
3219 3155 3637 3226 Apostolorum;
3688 3155 3834 3205 Ibid.

2168 3215 2249 3281 IX_.
2283 3215 2562 3274 Quomodo
2593 3215 2909 3267 ostendatur
2938 3219 3081 3281 quod
3128 3218 3193 3266 de
3239 3215 3673 3281 piscibuscaptis

2228 3278 2397 3343 Lucas
2421 3282 2863 3330 commemoravit
2880 3278 2988 3330 non
3006 3278 3271 3343 pertinere
3284 3279 3353 3328 ad
3370 3280 3507 3343 illud
3526 3278 3675 3342 quod

2228 3342 2439 3389 videtur
2463 3343 2635 3391 simile
2663 3343 2898 3392 Joannes
2935 3342 3181 3392 narrasse
3212 3346 3334 3405 post
3366 3342 3575 3405 Domini
3596 3356 3675 3391 re-

2228 3404 2631 3468 surrectionem,
2666 3410 2826 3467 atque
2858 3405 2982 3454 inde
3009 3406 3121 3467 jam
3156 3404 3325 3468 usque
3355 3404 3419 3452 ad
3439 3417 3669 3468 comam

2227 3465 2456 3530 Domini,
2485 3469 2627 3514 unde
2660 3465 2903 3515 omnium
2952 3465 3137 3516 omnia
3170 3465 3341 3530 usque
3386 3466 3455 3530 ad
3510 3468 3674 3516 tinem

2226 3528 2564 3592 considerata
2617 3535 2760 3584 sunt,
2805 3529 3009 3577 nullam
3058 3530 3216 3578 etiam
3255 3528 3325 3576 ex
3384 3528 3674 3592 Evangelia

2228 3589 2377 3654 Lucae
2406 3594 2685 3639 tractatam
2712 3606 2825 3640 esse
2860 3593 3234 3654 quaestionem.
3335 3653 3338 3654 7
3544 3589 3563 3592 ”
3618 3653 3623 3654 7
3706 3591 3835 3639 1222

2165 3651 2332 3763 X.qtlée
2352 3652 2557 3702 Joanne
2583 3651 2930 3716 evangelista,
2954 3653 3083 3717 quid
3114 3667 3145 3703 a
3171 3653 3377 3703 caeteris
3402 3653 3575 3703 tribus
3599 3653 3674 3701 di-
3704 3716 3842 3763 1223

2164 3785 2448 3833 ADMONITIO
2496 3801 2545 3834 IN
2590 3802 2768 3835 LIBROS
2826 3803 2888 3834 DE
2936 3802 3162 3835 SBRMONB
3210 3801 3393 3835 DOMIKI
3440 3802 3491 3834 ιη
3540 3801 3668 3834 κοκ-

2228 3864 2303 3894 TE.
3552 3850 3845 3897 1229-1230

2160 3918 2215 3971 S.
2244 3920 2505 3968 AURELII
2527 3920 2894 3973 AUGUSTINI.
2918 3920 3347 3969 HIPPONENSIS
3369 3919 3669 3976 EPISCOPI,

2227 3981 2308 4029 DE
2335 3982 2642 4031 SISIIMONE
2678 3983 2905 4031 DOMINI
2937 3983 3002 4030 IN
3033 3982 3261 4032 MONTE
3303 3982 3669 4033 SECUNDUM

2222 4044 2620 4094 MA'I‘TII/EUM
2646 4045 2813 4092 LIBRI
2848 4044 2995 4094 DUO.

2163 4105 2315 4170 Lmen
2344 4121 2541 4154 enixus.
2578 4133 2634 4142 -—
2668 4108 2978 4169 Explicatur
3019 4107 3166 4169 prior
3194 4120 3316 4170 pars
3344 4108 3602 4170 sermonis
3636 4119 3668 4155 α

2222 4167 2455 4279 ξ)οωίῃεῖ
2479 4170 2529 4216 in
2562 4167 2951 4226 monte’babiti,
2976 4167 3231 4218 cententa
3260 4168 3492 4218 Matthaei
3524 4170 3668 4232 capi-

2247 4244 2272 4277 θ
2299 4246 2427 4279 dum
2459 4247 2511 4279 0.

2223 4246 2272 4277 ιθ
2340 4246 2511 4283 υιηιο.

2160 4246 2330 4365 Lisan
2344 4317 2616 4355 secusnus.
2646 4330 2703 4337 —
2728 4304 2785 4351 In
2804 4303 3155 4365 posteriorem
3175 4306 3382 4365 partem
3404 4302 3664 4365 sermonis

2222 4363 2441 4445 Domini
2462 4367 2514 4413 in
2548 4368 2745 4445 monte,
2779 4363 3085 4414 contentam
3132 4363 3365 4413 Mattbazi
3403 4364 3664 4445 capitibps
3700 4427 3799 4445 ω,

2158 4487 2205 4535 s.
2222 4431 2889 4541 δξῧῗεθέιῗῗδὸυιῗέτιω.
2917 4488 3341 4537 HIPPONENSIS
3358 4427 3759 4543 seiscbiifii42
3776 4448 3791 4474 ’
3804 4428 3837 4473 0

2220 4550 2659 4609 QU.E5TIONUM
2707 4551 3228 4601 EVANGELIORUM
3278 4550 3445 4599 LIBRI
3490 4550 3635 4599 DUO.

3547 4614 3831 4662 1321-1322

2161 4674 2441 4722 Pnomaus.
3676 4675 3825 4722 Ibid.

3676 4675 3825 4725 Ibid.

2158 4736 2312 4802 Lmen
2344 4753 2539 4802 minus.
2571 4765 2631 4772 ——
2663 4737 3061 4796 Qumstionesin
3101 4738 3451 4802 Evangelium
3478 4750 3660 4802 secun-

2222 4800 2349 4846 dum
2386 4800 2707 4849 Matthmum.
3258 4800 3273 4802 θ
3528 4800 3822 4849 1323-1324

2159 4861 2314 4909 Lmen
2339 4878 2603 4928 securibus.
2638 4890 2695 4899 —
2723 4864 3056 4921 Quaestiones
3102 4862 3155 4911 in
3200 4862 3549 4928 Evangelium
3579 4875 3655 4928 se-

2219 4925 2457 4972 cundum
2486 4925 2700 4974 Lucam.
3357 4925 3376 4928 ⁷
3550 4925 3838 4975 13334334

2155 4986 2439 5035 ADMONITIO
2472 5004 2522 5034 ΙΝ
2558 5004 2746 5035 LIBRUM
2778 5002 3111 5035 SEPTEXDECIX
3143 5002 3471 5047 ρωεδτιοκωί
3508 5002 3664 5035 SUPER

2219 5049 2529 5096 ΜΑττιιΑῑυΜ.
3534 5050 3835 5101 1363-1365

2155 5119 2592 5177 QUES'I‘IONUM
2626 5120 3076 5170 SEPTEMDECIM
3122 5120 3188 5169 IN
3237 5120 3659 5171 EVANGELIUM

3679 4043 3802 4092 Ibid
3817 4087 3828 4097 .

3676 4230 3829 4285 Ibid.

2217 5182 2569 5231 SECUNDUM
2596 5183 2981 5232 MATTHAEUM
3009 5183 3198 5232 LIBER
3232 5183 3418 5233 UNUS.
3550 5183 3836 5233 1365-1366

2156 5255 2445 5301 ADMONITH)
2469 5271 2529 5300 De
2560 5271 2885 5302 τηΑατΑτωυε
2918 5270 2967 5301 IN
3000 5254 3251 5302 JOANNEM.
3538 5255 3823 5303 1375-1376

2157 5316 2415 5362 PBJSFATIO
2448 5333 2639 5363 mceuri
2676 5333 2935 5368 AUC-renis.
3536 5317 3832 5366 1387-1378

2152 5376 2202 5426 S.
2231 5379 2491 5426 AURELII
2516 5380 2883 5433 AUGUSTINI.
2910 5378 3333 5428 IIIPPONENSIS
3357 5378 3660 5435 EPISCOPI,

2218 5441 2285 5488 IN
2308 5440 2578 5490 JOANNIS
2602 5441 3023 5492 EVANGELIUM
3041 5440 3419 5491 'I‘RAC'I‘ATUS
3696 5505 3830 5554 1380

2151 5573 2436 5622 Tnscmrus
2469 5590 2665 5623 PRIMUS.
2718 5577 2773 5638 I7n
2811 5574 2941 5623 illud
2991 5574 3266 5638 Joannis.7
3290 5575 3353 5624 In
3396 5576 3655 5638 principio

2212 5643 2321 5686 erat
2360 5638 2591 5694 Verbum,
2626 5643 2673 5686 et
2699 5637 2915 5687 Verbum
2948 5644 3055 5686 erat
3080 5638 3220 5700 apud
3244 5637 3421 5699 Deum,
3448 5644 3495 5688 et
3524 5638 3655 5688 Deus
