4158 6204
474 97 611 153 2487

478 223 563 271 lII.
603 223 674 271 De
697 220 824 269 Abel
855 223 907 268 et
947 217 1160 267 Henocb
1214 217 1503 279 primatum
1560 218 1865 267 tenentibus
1916 218 1968 267 in

541 285 819 333 hominum
847 282 1073 344 justitia.

476 347 561 396 IV.
596 349 666 395 De
698 361 758 394 eo
790 340 929 407 quod
956 348 1165 391 terrena
1180 344 1386 391 tantum
1401 340 1653 392 animalia
1682 342 1733 391 in
1769 343 1971 392 diluvio

542 410 863 457 mortiﬁcata
896 410 1037 453 sunt.

476 473 536 519 V.
576 471 643 519 De
678 468 1129 529 animalibusque:
1161 479 1253 513 nec
1282 466 1337 513 in
1369 468 1513 513 terra
1538 470 1744 515 tantum
1770 468 1966 522 vivere,

536 547 635 582 nec
665 534 716 580 in
742 544 884 593 aqua
909 533 1114 578 tantum
1130 531 1369 589 possunt.
1405 529 1675 590 quomodo
1706 530 1968 578 diluvium

536 596 819 645 evaserint.

475 658 558 706 VI.
599 658 671 705 De
706 654 983 717 eruptione
1012 652 1512 717 ﬁqllEI‘UIIbiIIIUVII.

474 721 589 768 VII.
628 720 697 766 De
732 714 940 765 recessu
973 728 1234 776 aquarum
1268 714 1469 762 diluvii.

473 782 607 829 VIII.
647 782 716 827 De
740 792 897 826 cursu
936 777 1062 824 solis
1098 780 1149 823 et
1180 777 1319 823 lunm
1355 778 1406 824 in
1440 778 1663 825 diluvio.

474 844 559 891 IX.
600 843 669 890 De
698 841 1025 902 dispersione
1057 840 1383 900 linguarum.

472 905 533 953 X.
567 905 637 952 De
660 901 990 953 SodOmitica
1026 901 1274 949 vindicta.

472 967 553 1015 XI.
594 966 666 1015 De
698 979 861 1013 uxore
896 963 1024 1012 Loth
1054 964 1104 1009 in
1144 966 1375 1011 statuam
1411 964 1535 1012 salis
1572 968 1793 1013 mutata.

471 1029 564 1076 XII
621 1029 689 1076 De
716 1029 843 1076 Sara
875 1026 1239 1087 nonagenaria
1274 1026 1509 1087 pariente
1535 1026 1721 1073 filium.

471 1092 610 1139 XIII.
646 1092 716 1138 De
747 1093 907 1151 puteo
939 1102 1097 1150 quem
1136 1087 1431 1151 viditAgar
1466 1088 1633 1151 ejecta
1666 1102 1788 1136 cum
1822 1088 1946 1151 ﬁlio.
1989 1088 2119 1136 Ibid.

471 1154 602 1201 XIV.
637 1153 705 1201 De
736 1150 896 1200 ariete
927 1163 1088 1212 quem
1124 1150 1391 1197 Abraham
1428 1150 1623 1198 obtulit
1654 1164 1749 1212 pro
1782 1150 1912 1202 tilio.
1987 1152 2119 1197 Ibid.

471 1216 579 1265 XV.
616 1214 685 1261 De
719 1213 887 1261 Jacob
916 1211 963 1260 et
991 1211 1212 1274 VJOSODII,
1260 1226 1423 1274 quare
1450 1226 1587 1259 unus
1614 1211 1667 1259 in
1702 1217 1842 1261 terra
1892 1226 1967 1261 re-

533 1277 922 1339 promissionis,
956 1273 1164 1339 alterin
1192 1273 1421 1339 .I‘Zgypto
1458 1276 1729 1337 sepelitur.

472 1337 602 1388 XVI.
645 1340 713 1386 De
742 1340 919 1399 Moyse
956 1341 1004 1383 et
1028 1337 1160 1383 rubo
1193 1338 1243 1382 in
1280 1337 1433 1384 Oreb.

472 1402 627 1449 XVII.
667 1401 737 1459 De
755 1398 965 1447 duobus
984 1399 1167 1459 signis,
1197 1398 1248 1444 id
1276 1403 1355 1446 est
1377 1412 1538 1446 manu
1566 1400 1619 1446 in
1643 1400 1822 1446 sinum
1845 1412 1967 1447 con-

532 1461 789 1523 versﬁet
825 1464 972 1523 virga
996 1461 1047 1507 in
1075 1461 1355 1507 colubrum
1395 1465 1615 1509 mutata.

470 1524 764 1573 XVIII.'De
801 1524 1013 1585 aquain
1049 1525 1365 1583 sanguinem
1403 1537 1572 1570 versa.

471 1589 600 1636 XIX.
638 1588 705 1634 De
737 1584 938 1633 ueteris
970 1584 1139 1645 plagis
1168 1586 1559 1647 :Egyptiorum.

471 1650 579 1697 XX.
613 1648 683 1695 De
706 1648 982 1695 recedente
1013 1651 1065 1693 et
1088 1647 1282 1694 siccato
1317 1649 1446 1694 mari
1473 1647 1665 1696 Itubro.

469 1712 597 1759 XXI.
638 1711 708 1758 De
739 1723 972 1757 carmine
1000 1722 1235 1755 consono
1267 1709 1498 1757 tiliorum
1526 1710 1702 1758 Israel.

470 1772 627 1822 XXII.
667 1772 737 1819 De
762 1771 915 1833 aquis
947 1770 1298 1817 induICutisin
1325 1771 1546 1819 Marath.

470 1835 659 1883 XXIII.
693 1834 764 1881 De
788 1847 986 1881 manna
1016 1833 1231 1894 pluente
1266 1833 1330 1881 de
1356 1834 1501 1882 casto.

468 1896 643 1945 XXIV.
683 1896 754 1944 De
783 1900 930 1957 petra
956 1908 1208 1957 percussa
1234 1896 1285 1942 in
1318 1896 1471 1943 Oreb.

470 1958 621 2006 XXV.
660 1960 727 2006 De
748 1958 867 2005 tiIiis
886 1957 1071 2019 Moysi,
1096 1972 1261 2019 quare
1279 1958 1475 2006 ducatu
1504 1958 1838 2008 sacerdotum
1866 1958 1965 2019 pri-

532 2021 637 2069 vati
675 2024 814 2069 sunt.

466 2083 644 2130 XXVI.
678 2084 748 2131 De
778 2082 984 2143 jejunio
1015 2081 1372 2143 quadraginta
1400 2083 1629 2134 dierum.

471 2145 669 2193 XXVII.
712 2147 779 2192 De
808 2144 1007 2253 pipulo
1033 2157 1220 2214 carnes
1253 2144 1580 2215 postulante.

471 2207 701 2253 XXVIII-
744 2207 815 2253 De
900 2207 1159 2253 tlnomssa
1187 2207 1555 2253 uxoreMovsn.

900 2206 1159 2266 thiopissa
1187 2220 1354 2255 uxore
1370 2207 1555 2269 Moysi,
1581 2211 1629 2255 et
1656 2207 1800 2268 lepra
1823 2220 1961 2255 mur-

471 2207 701 2259 XXVIII.
744 2207 815 2254 De

532 2270 837 2318 muratricis
869 2269 1063 2317 Marias.

468 2332 641 2379 XXIX.
681 2333 751 2379 De
776 2331 942 2379 Chore
974 2336 1021 2378 et
1043 2328 1249 2377 Datlian
1282 2334 1333 2377 et
1362 2331 1575 2379 Abiron.

466 2394 622 2457 XXX.
654 2395 727 2442 De
748 2393 1403 2457 plagaquiedescenditin
1436 2394 1712 2456 pupulum,
1739 2393 1958 2457 quando

528 2454 901 2518 Moyses’fugit
930 2458 981 2502 in
1013 2454 1456 2502 Tabernaculum.

464 2517 640 2565 XXXI.
688 2519 757 2565 De
796 2522 941 2577 virga
969 2518 1144 2565 Aaron
1164 2531 1282 2579 quae
1315 2517 1643 2565 Ironduerat.

467 2581 667 2628 XXXII.
708 2582 777 2628 De
810 2584 957 2643 petra
988 2579 1067 2627 bis
1098 2593 1351 2641 percussa
1381 2581 1433 2627 in
1466 2580 1655 2629 Cades.

468 2643 689 2690 XXXIII.
725 2644 794 2689 De
824 2645 1066 2703 serpente
1102 2656 1265 2689 (clleo.

468 2705 697 2756 XXXIV.
738 2705 809 2751 De
834 2704 1045 2752 Balaam
1087 2707 1140 2750 et
1163 2704 1313 2750 asina
1344 2704 1481 2764 ejus.

466 2767 667 2815 XXXV.
706 2766 777 2814 De
800 2767 979 2826 Moyse
1004 2770 1255 2871 pergente
1287 2764 1339 2811 in
1369 2768 1605 2812 montem
1634 2764 1865 2813 Abarim.
1994 2766 2116 2812 2173

466 2829 623 2875 LIBER
653 2842 919 2874 SECUNDUS.
948 2852 1001 2861 —
1030 2826 1101 2873 De
1140 2825 1415 2875 ’ronbetia.
1850 2826 2116 2875 2173-2171

1980 2950 2113 2999 Ibid.

1967 3013 2108 3063 Ibid.

1974 3075 2108 3124 Ibid.

466 2829 623 2877 Liasn
653 2825 919 2874 secuunus.
948 2825 1101 2873 —’De
1123 2825 1415 2888 l’rophetia.

466 2892 630 2939 CAPUT
645 2904 858 2936 ριιηιωί.
880 2888 949 2935 De
970 2888 1095 2935 Jesu
1114 2887 1245 2951 Filio
1265 2887 1401 2943 Nun,
1426 2891 1477 2937 et
1492 2887 1756 2951 dirempto
1781 2888 1963 2937 Jorda-

528 2966 595 2999 ne
625 2952 678 2998 in
711 2950 939 2998 transitu
962 2950 1163 3011 populi.

465 3013 526 3061 ll.
566 3013 637 3061 De
658 3012 1033 3061 calceamentis
1060 3016 1112 3060 et
1138 3011 1375 3060 vestibus
1398 3012 1650 3061 Filiorum
1688 3012 1869 3062 Israel.

464 3074 549 3123 IlI.
587 3075 656 3123 De
686 3075 1034 3123 subversione
1064 3075 1295 3123 Jericho.

1900 84 2113 147 INDEX
2159 80 2432 145 HEHUM.

2003 282 2125 328 2151

2003 406 2125 452 2155

2002 592 2123 638 2156

1985 653 2121 701 Ibid.

2002 717 2123 762 2157

1999 779 2123 824 2160

1988 840 2123 887 Ibid.

1996 903 2115 948 2161

1988 964 2117 1012 Ibid.

2001 1027 2124 1073 2162

1983 1274 2118 1321 Ibid.

2000 1338 2122 1384 2163

1997 1462 2119 1508 2164

1982 1524 2117 1570 Ibid.

2000 1587 2121 1632 2165

1999 1648 2121 1694 2166

1999 1711 2121 1756 2167

1986 1772 2118 1818 Ibid.

1999 1835 2120 1881 2168

1997 1898 2120 1945 2169

1998 2019 2120 2068 2170

1985 2082 2115 2129 Ibid.

1984 2144 2114 2192 Ibid.

1994 2269 2111 2316 2171

1987 2332 2113 2378 Ibid.

1979 2455 2112 2503 Ibid.

1995 2519 2116 2565 2172

1980 2580 2113 2627 Ibid.

1982 2643 2113 2688 Ihid.

1982 2703 2113 2750 Ibid.

1994 2766 2117 2812 2173

462 3137 548 3186 IV.
588 3137 659 3187 De
686 3138 797 3187 sole
814 3142 864 3185 et
893 3136 1021 3185 luna
1042 3136 1308 3185 stantibus
1343 3137 1408 3184 ad
1442 3137 1724 3200 imperium
1760 3135 1946 3186 Josue.
1989 3139 2117 3185 2175

462 3201 524 3248 V.
558 3200 630 3249 De
653 3200 898 3249 Gedeona
924 3206 975 3247 et
1005 3200 1215 3247 duobus
1246 3199 1430 3261 signis.

459 3262 546 3309 Vl.
582 3264 652 3311 De
683 3262 956 3311 Samsonis
992 3261 1305 3310 fortitudine
1333 3265 1384 3308 in
1417 3261 1643 3324 capillis.

461 3325 570 3373 VII.
602 3328 672 3373 De
691 3338 814 3373 arca
835 3324 1044 3372 Domini
1068 3324 1120 3371 in
1154 3329 1292 3371 terra
1321 3324 1616 3371 l’bilistiim.

463 3386 597 3436 VIII.
632 3387 704 3435 De
728 3387 844 3435 εωΙί
873 3386 1083 3447 fragore
1114 3400 1219 3447 quo
1240 3385 1406 3433 territi
1427 3390 1553 3433 sunt
1580 3385 1863 3448 Allophyli.

1994 3201 2115 3247 2176

1992 3262 2116 3309 2177

1981 3323 2113 3371 Ibid.

1992 3386 2114 3433 2178

462 3450 545 3497 IX.
577 3450 646 3498 De
662 3450 879 3497 vocibus
894 3453 941 3496 et
958 3444 1151 3507 pluviis
1172 3447 1389 3507 quando
1412 3447 1532 3496 Saul
1559 3444 1835 3496 ordinatim
1852 3450 1947 3497 est.
1982 3446 2112 3495 Ibid.

464 3513 528 3564 X.
573 3514 640 3560 De
673 3512 795 3560 Sattl
829 3509 1179 3573 propl'ietante
1207 3511 1344 3557 inter
1377 3509 1689 3572 prophetas.

460 3574 543 3622 XI.
581 3576 647 3622 De
678 3574 923 3622 Samuele
944 3574 1199 3621 suscitato
1234 3586 1266 3621 a
1296 3573 1551 3635 Pythone.

462 3636 573 3703 XII.
614 3636 679 3703 De
702 3635 1045 3703 percussione
1064 3639 1192 3683 Usae.

462 3698 594 3746 XIII.
623 3696 892 3746 D'e'David
922 3701 1239 3745 numerante
1267 3696 1548 3759 populum:

460 3760 591 3808 XIV.
631 3762 702 3809 De
728 3760 939 3808 duobus
970 3760 1136 3820 signis
1158 3757 1309 3819 juxta
1335 3757 1499 3808 altare
1524 3757 1718 3805 Bethel.

460 3823 569 3870 XV.
605 3822 675 3871 De
707 3824 865 3869 trium
896 3819 1161 3870 annorum
1189 3825 1239 3869 et
1269 3835 1358 3867 sex
1393 3821 1654 3867 mensium
1682 3820 1935 3868 siccitate.
1973 3819 2109 3867 Ibid.

462 3884 593 3932 XVI.
632 3886 700 3931 De
736 3885 895 3931 vidua
927 3886 978 3931 in
1005 3884 1228 3945 Sarepta
1257 3884 1619 3935 Sidoniorum,

461 3946 623 3997 XVII.
665 3946 735 3993 De
774 3950 983 3993 mortuo
1014 3946 1171 3993 unico
1204 3945 1377 3992 vidua":
1411 3945 1515 3992 tilio
1543 3958 1701 4007 quem
1732 3945 1955 3993 suscita-

522 4008 599 4055 vit
628 4008 781 4055 Elias.

460 4070 641 4118 XVIII.
676 4070 745 4117 De
777 4068 1089 4118 bolocausto
1118 4068 1169 4115 in
1198 4071 1377 4115 monte
1409 4067 1654 4116 Carmeli.

460 4133 592 4181 XIX.
634 4132 702 4181 De
724 4132 1082 4194 quadraginta
1107 4130 1312 4178 dierum
1341 4130 1563 4192 jejunio.

1978 3509 2107 3557 Ibid.

1992 3573 2113 3619 2179

1974 3634 2111 3681 Ibid.

1990 3698 2112 3744 2180

1974 3758 2108 3805 Ibid.

1988 3883 2107 3929 2181

1974 4006 2108 4053 Ibid.

1976 4067 2109 4115 Ibid.

1988 4131 2111 4177 2182

456 4194 569 4243 XX.
612 4195 682 4242 De
705 4190 827 4255 igne
859 4190 1213 4241 descendente
1243 4190 1405 4255 super
1438 4192 1946 4255 quinquagenarias.
1976 4192 2107 4239 Ibid.

458 4258 598 4308 XXI.
641 4257 712 4305 De
732 4254 1144 4305 transeuntibus
1174 4254 1467 4303 Iordanem
1493 4254 1600 4302 Elia
1630 4260 1680 4303 et
1715 4254 1917 4302 Elisieo.
1987 4256 2110 4301 2183

458 4320 618 4368 XXII.
642 4319 713 4367 De
749 4318 1063 4368 ascensione
1086 4317 1225 4365 Elite.

460 4383 652 4434 XXIII.
692 4382 763 4429 Dé
787 4380 1072 4429 virtutibus
1100 4379 1290 4427 Elismi.

1976 4317 2106 4364 Ibid.

1966 4378 2100 4430 Ibid,

459 4445 641 4493 XXIV.
680 4443 751 4492 De
770 4444 915 4506 lepra
940 4442 1177 4489 Naaman
1201 4444 1401 4506 curata,
1420 4440 1785 4489 etadhterente
1803 4441 1961 4489 Giezi.
1988 4442 2109 4506 2181

372 4530 376 4535 ι
458 4508 611 4555 XXV.
650 4507 721 4555 De
751 4504 873 4553 ferri
909 4504 1360 4566 supernatatione.

456 4569 638 4618 XXVI.
680 4568 750 4617 De
777 4567 999 4616 victoria
1022 4580 1113 4629 per
1143 4566 1409 4613 Elisreum.

1988 4504 2109 4549 2185

1970 4564 2105 4611 Ibid.

2242 215 2448 263 XXVII.
2480 213 2554 263 De
2583 206 2893 277 captivitate
2918 212 3121 277 populi,
3149 217 3199 263 et
3236 213 3597 266 Sennacherib
3645 232 3729 268 ve-

2303 278 2482 325 niente
2510 278 2565 324 in
2585 276 2847 324 Judmam.
3761 285 3874 333 2186

2240 340 2469 388 XXVIII.
2509 339 2575 387 De
2601 338 2912 387 inﬁrmitate
2941 342 2991 386 et
3020 339 3173 401 signo
3209 339 3453 390 Ezechize.
3761 346 3874 395 2187

2241 403 2423 450 XXIX.
2470 404 2538 449 De
2563 402 2872 463 captivitate
2890 401 3232 463 Babylonica.
3762 408 3874 455 2188

2240 464 2393 512 XXX.
2432 464 2501 511 De
2538 462 2754 512 Daniele
2777 462 3014 512 clarente
3039 465 3093 511 in
3124 464 3411 526 Babylone.
3753 470 3874 517 Ibid.

2241 528 2417 575 XXXI.
2456 526 2527 574 De
2558 527 2728 574 tribus
2764 526 2943 588 pueris
2968 528 3059 589 qui
3095 527 3232 589 ignis
3260 532 3587 576 tormentum
3623 530 3731 579 sine
3840 580 3849 586 ,

2299 589 2493 637 laesura
2516 593 2817 637 evaserunt.
3763 595 3874 641 2189

2239 651 2441 700 XXXII.
2484 650 2552 698 De
2575 650 2788 699 Daniele
2818 651 3123 712 quiescente
3150 652 3202 698 in
3238 651 3358 699 lacu
3384 652 3625 701 leonum.
3762 657 3874 704 2190

2238 713 2465 762 XXXIII.
2509 712 2581 776 De
2610 712 2778 776 Esdra
2800 711 3111 776 restituente
3146 713 3338 776 legem.
3761 719 3867 767 2191

2238 776 2466 824 XXXIV.
2506 775 2578 823 De
2615 774 2765 823 bellis
2817 775 3098 837 prtecipuis
3147 774 3265 838 qua:
3300 777 3505 824 Domini
3538 778 3731 826 auxilio

2300 841 2514 900 peracta
2533 841 2676 886 sunt.
2772 898 2781 900 _
3750 841 3866 889 Ibid.

2239 898 2396 948 Lmen
2420 914 2640 947 manus.
2681 927 2737 934 —
2769 898 2835 947 De
2862 913 3003 948 novo
3028 900 3386 949 Testamento.

2238 963 2399 1012 Cum
2457 977 2669 1009 pannum.
2697 962 2769 1009 De
2818 962 3022 1010 visione
3067 962 3333 1011 Zacharim
3369 967 3421 1011 et
3456 964 3732 1014 nativitate

2297 1025 2519 1073 Joannis
2554 1024 2828 1087 Baptistae.
2860 1086 2875 1087 γ
3056 1086 3061 1087 γ
3738 1028 3867 1079 Ibid.

2240 1088 2302 1135 II.
2345 1089 2413 1135 De
2442 1087 2813 1135 lncarnatione
2856 1086 3065 1135 Domini
3096 1088 3264 1135 nostri
3289 1089 3417 1136 Jesu
3447 1087 3653 1146 Christi,
3681 1094 3735 1137 et

2298 1151 2575 1197 nativitate
2600 1163 2660 1197 ex
2697 1148 2860 1197 Maria
2898 1149 3131 1210 Virgine.
3756 1153 3873 1200 2193

2240 1212 2331 1259 Ill.
2370 1211 2448 1275 De
2468 1210 2771 1273 pastoribus
2804 1210 3001 1273 quibus
3032 1211 3207 1275 angeli
3256 1215 3441 1260 natum
3472 1211 3730 1261 infantem

2300 1274 2701 1321 nuntiaverunt.
3118 1274 3121 1275 ⁷
3756 1276 3871 1323 Ibid.

2238 1336 2320 1383 IV.
2363 1338 2429 1384 De
2464 1336 2632 1397 magis
2662 1335 2728 1383 ab
2768 1334 2979 1384 Oriente
3009 1339 3062 1383 et
3090 1335 3242 1383 stella
3277 1335 3427 1384 duce.
3763 1340 3871 1386 2191

2238 1398 2302 1450 V.
2348 1399 2419 1446 De
2450 1396 2769 1460 baptismate
2804 1396 3013 1445 Christi.
3092 1458 3098 1460 Α
3144 1458 3149 1460 Α
3762 1402 3874 1447 2195

2239 1459 2323 1507 VI.
2363 1460 2434 1507 De
2465 1458 2656 1508 Christi
2688 1460 2984 1508 tentatione
3008 1463 3057 1507 et
3082 1458 3305 1521 jejunio.
3764 1464 3875 1509 2196

2238 1522 2344 1570 Vll.
2382 1523 2455 1570 De
2491 1521 2771 1570 virtutibus
2798 1522 3072 1584 Evangelii
3104 1535 3275 1585 usque
3317 1522 3381 1569 ad
3411 1522 3732 1572 ambulatio-

2299 1598 2419 1632 nem
2451 1599 2613 1647 super
2628 1598 2790 1632 mare.
3751 1587 3877 1633 Ibid.

2236 1646 2388 1718 VIII.“
2406 1648 2476 1695 De
2508 1646 3069 1718 ambulante-Domino
3097 1660 3258 1718 super
3279 1647 3469 1718 undas.
3525 1710 3572 1718 Μ
3629 1712 3636 1718 _
3678 1712 3707 1718 Η
3763 1651 3878 1718 219:7

2236 1708 2319 1756 IX.
2354 1709 2425 1757 De
2446 1710 2650 1757 caeteris
2670 1708 2953 1756 virtutibus
2968 1708 3175 1756 Domini
3195 1710 3362 1757 nostri
3379 1709 3502 1758 .Iesu
3518 1710 3728 1758 Christi.
3754 1711 3877 1757 Ibid.

2236 1772 2312 1879 X.l
2330 1770 2401 1818 De
2418 1772 2646 1833 panibus
2667 1774 2718 1820 et
2737 1772 2971 1833 piscibus
2997 1771 3363 1819 saturantibus
3383 1772 3547 1820 millia
3567 1786 3731 1834 pepu-

2318 1846 2491 1879 orum.

2318 1846 2491 1881 orum.
3766 1836 3879 1884 2197

2235 1896 2346 1958 XI.
2374 1896 2445 1944 De
2482 1896 2684 1944 visione
2720 1894 2929 1943 Domini
2974 1896 3026 1943 in
3076 1899 3255 1943 monte
3285 1909 3406 1944 cum
3467 1896 3647 1958 Moyse
3681 1900 3729 1945 et

2296 1957 2408 2005 Elia
2436 1958 2881 2020 colloquentibus.
3557 1957 3564 1958 7
3755 1959 3879 2006 Ibid.

2235 2020 2351 2068 XII.
2396 2020 2467 2067 De
2496 2020 2688 2068 Lazaro
2719 2022 2767 2067 et
2800 2020 3002 2067 caeteris
3034 2020 3363 2068 resuscitatis
3389 2020 3637 2072 mortuis.
3764 2023 3879 2068 2198

2236 2082 2373 2130 XIII.
2415 2083 2483 2129 De
2518 2082 2647 2130 solis
2676 2082 2928 2144 eclipsiin
2959 2082 3207 2143 passione
3240 2082 3467 2130 Domini.
3767 2086 3880 2131 2199

2234 2145 2371 2195 XIV.
2410 2144 2480 2191 De
2502 2145 2813 2206 corporibus
2839 2151 3146 2192 sanctorum
3178 2144 3589 2193 venientibusde
3619 2159 3729 2193 mo-

2295 2208 2566 2253 numentis
2588 2207 2699 2254 suis
2732 2211 2851 2267 post
2885 2207 3323 2254 resurrectionem
3357 2207 3587 2258 Domini.
3738 2208 3873 2259 Ibid.

2232 2268 2343 2331 XV.
2385 2270 2452 2316 De
2470 2268 2587 2316 cibo
2613 2270 2818 2331 Domini
2856 2273 2977 2331 post
2996 2271 3453 2317 resurrectionem.
3764 2271 3878 2316 2200

2231 2330 2365 2393 XVI.
2399 2331 2583 2393 Petrus
2610 2330 2966 2393 paralyticum
2988 2332 3241 2379 restituit.
3752 2332 3875 2379 Ibid.

2230 2392 2387 2444 XVII.
2429 2392 2623 2441 Virtus
2648 2393 2803 2445 I’etri.
3754 2394 3873 2441 Ibid.

2232 2458 2517 2502 ADIONITIO
2544 2471 2596 2501 IN
2626 2470 2912 2502 OPUSCULUM
2933 2471 2995 2501 DE
3018 2470 3457 2502 BBNEDICTIONIBUS
3480 2455 3641 2503 JACOB
3654 2472 3733 2501 PA-

2289 2531 2567 2564 τιιιλιιοωε.

2232 2644 2518 2689 ADMONITIO
2547 2657 2599 2687 IN
2629 2656 2815 2690 manum
2832 2656 3162 2700 QUIBSTIONUM
3186 2656 3389 2687 vs'rsnis
3422 2657 3476 2687 ετ
3501 2656 3623 2688 now
3646 2642 3737 2689 Τε-

2294 2718 2553 2749 ετΑΜΕΝἸΊ.

2234 2766 2491 2812 Eunones
2517 2779 2859 2824 ρυδετιοκυυ.

2232 2826 2659 2885 ΟΠΛΞδΤΙΟΝΕΒ
2695 2825 2967 2875 VETERIS
3000 2825 3081 2873 ET
3104 2826 3262 2875 NOVI
3296 2827 3729 2876 TES'I‘AMENTI.

3613 2890 3884 2938 2213-2211

2232 2950 2305 2998 Ex
2332 2965 2507 2997 verram
2540 2951 2880 2998 Tss'ruum'ro.
3759 2951 3882 2998 Ibid.

3619 3014 3746 3061 2219
3756 3014 3886 3061 -2250

3620 3077 3887 3124 2297-2298

2232 3013 2307 3060 Ex
2344 3027 2476 3059 novo
2505 3012 2845 3061 Tnsrmsnro.

2230 3074 2552 3133 Qess'nonss
2583 3091 2645 3122 sx
2676 3090 2902 3135 urnogua
2932 3090 3139 3123 uix-riu.

2230 3136 2569 3195 Quaesumus!
2590 3153 2653 3184 ex
2676 3153 2852 3184 verum
2875 3138 3198 3185 Tasuusmo
3210 3150 3332 3184 rans
3354 3151 3590 3185 securam.
3621 3139 3887 3186 2385-2386

2230 3200 2571 3257 Quaestionum
2600 3215 2664 3246 ex
2687 3214 2820 3247 novo
2850 3200 3175 3247 Τιετλιίεκτο
3190 3215 3312 3247 una
3348 3214 3583 3247 saeuam.
3620 3202 3887 3248 2391-2392

2230 3261 2571 3320 Ουιεετιοκυι
2599 3278 2661 3308 sx
2683 3277 2912 3322 numqua
2944 3277 3131 3308 mxrm
3156 3278 3278 3309 mas
3300 3277 3537 3309 SECUNDA.
3618 3264 3885 3310 2111-2112

2229 3326 2600 3371 Annam-none
2627 3339 2958 3371 BXPOSITIONB
2989 3340 3039 3371 IN
3077 3326 3424 3371 Arocuxrsm

2229 3385 2566 3433 EXI’OSITIO
2589 3386 2654 3433 IN
2678 3386 3130 3435 APOCALYI’SIM
3162 3387 3210 3434 Β.
3247 3386 3541 3436 JOANNIS.
3621 3388 3884 3435 2117-2118

2229 3447 2458 3495 Homilia
2486 3449 2679 3510 prima.
3756 3449 3879 3496 Ibid.

2228 3510 2419 3557 Homil.
2450 3525 2505 3557 ιι.
3756 3511 3880 3557 Ibid.

2228 3572 2419 3619 Ilomil.
2449 3588 2529 3620 ιιι.
3760 3574 3876 3620 2121

2228 3634 2418 3681 Homil.
2452 3649 2524 3679 IV.
3163 3647 3167 3651 -

2228 3696 2419 3743 Homil.
2448 3712 2497 3742 v.

2226 3758 2417 3806 Homil.
2458 3773 2529 3804 vn.
3767 3760 3884 3807 2125

2226 3819 2419 3869 Homil.
2454 3835 2546 3869 vn.
3766 3822 3883 3869 2129

2223 3882 2416 3930 HOmiI.
2453 3895 2569 3929 vnn.
3766 3884 3885 3931 2132

2225 3943 2417 3992 Homil.
2452 3958 2523 3991 Ix.
3766 3946 3885 3993 2133

2224 4006 2415 4055 Homil.
2448 4021 2498 4052 Χ.
3766 4008 3885 4055 2435

2225 4068 2414 4117 Homil.
2448 4083 2528 4115 χι.
3764 4070 3885 4117 2436

2223 4130 2417 4179 Homil.
2444 4145 2542 4176 χιι.
3764 4132 3884 4179 2438

2223 4192 2414 4241 Homil.
2452 4206 2571 4238 xm.
3765 4194 3885 4240 2139

2223 4253 2415 4302 Homil.
2449 4269 2559 4301 xw.
3764 4256 3881 4304 2111

2225 4316 2415 4365 Homil.
2447 4331 2535 4363 xv.
3765 4319 3885 4365 2112

2224 4378 2415 4427 Homil.
2450 4394 2559 4425 xw.
3763 4380 3885 4426 2113

2224 4440 2414 4489 Homil.
2447 4454 2581 4486 xvn.
3764 4442 3884 4489 2115

2223 4502 2415 4551 Homil.
2450 4516 2607 4548 xvm.
3763 4504 3884 4551 2117

2224 4564 2421 4613 Homil.
2462 4579 2577 4616 χιχ,
3764 4566 3885 4613 2150

1368 4985 1724 5045 EXPLICIT
1768 4984 1954 5044 ΤΟΜΙ
2000 4985 2255 5044 TERTII
2302 4985 2494 5049 PARS
2531 4985 2987 5046 POSTERIOR.

2126 5683 2640 5757 Valleguidonensi.
2674 5716 2739 5724 —
2773 5684 2847 5738 Ex
2883 5683 3051 5755 Typis
3092 5683 3154 5737 1..
3196 5666 3583 5737 BARNEOUD
3608 5680 3761 5735 etC.

3741 88 3873 149 918s

3619 904 3867 952 2191-2192

2289 2531 2567 2564 nunc”.
3617 2518 3874 2565 2199-2200

2232 2579 2313 2626 Dl'.‘
2351 2579 2928 2627 BlileDICTIONlBUS
2954 2578 3153 2627 JACOB
3192 2578 3649 2627 I’ATIIIARCH.E.
3751 2580 3871 2628 Ibid.

3620 2704 3882 2751 2205-2206

3616 2768 3741 2814 2207
3752 2794 3757 2799 ‹
3768 2767 3883 2813 2208

3617 3326 3885 3373 2115-2116

3769 3636 3883 3683 2123

3769 3698 3883 3745 2121
